{"id":"035801-035801","dt":"2025-12-15","p":[{"id":2,"n":"Haricots verts Notre Jardin Extra fins - 345g","p":2.39,"u":"6,93 €/KG","img":"https://fd9-photos.leclercdrive.fr/image.ashx?id=2988021&use=l&cat=p&typeid=i","cat":312606},{"id":3,"n":"Haricots verts Notre Jardin Très fins - 220g","p":0.86,"u":"3,91 €/KG","img":"https://fd9-photos.leclercdrive.fr/image.ashx?id=1993164&use=l&cat=p&typeid=i","cat":312606},{"id":4,"n":"Haricots verts Notre Jardin Très fins - 440g","p":1.15,"u":"2,61 €/KG","img":"https://fd9-photos.leclercdrive.fr/image.ashx?id=2050615&use=l&cat=p&typeid=i","cat":312606},{"id":5,"n":"Haricots verts Notre Jardin Extra fins - 440g","p":1.2,"u":"2,73 €/KG","img":"https://fd9-photos.leclercdrive.fr/image.ashx?id=3005655&use=l&cat=p&typeid=i","cat":312606},{"id":6,"n":"Haricots verts Notre Jardin Extra fins - 220g","p":0.88,"u":"4,00 €/KG","img":"https://fd9-photos.leclercdrive.fr/image.ashx?id=1993167&use=l&cat=p&typeid=i","cat":312606},{"id":7,"n":"Haricots beurre Notre Jardin Très fins - 220g","p":1.11,"u":"5,05 €/KG","img":"https://fd9-photos.leclercdrive.fr/image.ashx?id=2988027&use=l&cat=p&typeid=i","cat":312606},{"id":8,"n":"Haricots beurre Notre Jardin Très fins - 440g","p":1.55,"u":"3,52 €/KG","img":"https://fd9-photos.leclercdrive.fr/image.ashx?id=2988030&use=l&cat=p&typeid=i","cat":312606},{"id":9,"n":"Petits pois Notre Jardin A l'étuvée - Extra fins - 280g","p":0.9,"u":"3,21 €/KG","img":"https://fd9-photos.leclercdrive.fr/image.ashx?id=2375947&use=l&cat=p&typeid=i","cat":312607},{"id":10,"n":"Petits pois Notre Jardin A l'étuvée - Très fins - 280g","p":0.89,"u":"3,18 €/KG","img":"https://fd9-photos.leclercdrive.fr/image.ashx?id=2987958&use=l&cat=p&typeid=i","cat":312607},{"id":11,"n":"Petits pois carottes  Notre Jardin -Extra fins - 530g","p":1.22,"u":"2,30 €/KG","img":"https://fd9-photos.leclercdrive.fr/image.ashx?id=2987961&use=l&cat=p&typeid=i","cat":312607},{"id":12,"n":"Petits pois carottes extra-fins Notre Jardin à l'étuvée 260g","p":0.99,"u":"3,74 €/KG","img":"https://fd9-photos.leclercdrive.fr/image.ashx?id=2987964&use=l&cat=p&typeid=i","cat":312607},{"id":13,"n":"Petits pois carottes Très fins Notre Jardin -A l'étuvée -530g","p":1.33,"u":"2,51 €/KG","img":"https://fd9-photos.leclercdrive.fr/image.ashx?id=2698156&use=l&cat=p&typeid=i","cat":312607},{"id":14,"n":"Carottes Notre Jardin Extra-fines - 265g","p":0.85,"u":"3,21 €/KG","img":"https://fd9-photos.leclercdrive.fr/image.ashx?id=1993149&use=l&cat=p&typeid=i","cat":312607},{"id":15,"n":"Champignons Paris Notre Jardin Entiers - 230g","p":1.47,"u":"6,39 €/KG","img":"https://fd9-photos.leclercdrive.fr/image.ashx?id=2553890&use=l&cat=p&typeid=i","cat":312610},{"id":16,"n":"Champignons Paris Notre Jardin Pieds et morceaux - 230g","p":1.49,"u":"6,48 €/KG","img":"https://fd9-photos.leclercdrive.fr/image.ashx?id=2553896&use=l&cat=p&typeid=i","cat":312610},{"id":17,"n":"Champignons Paris Notre Jardin Emincés - 230g","p":1.07,"u":"4,65 €/KG","img":"https://fd9-photos.leclercdrive.fr/image.ashx?id=2551960&use=l&cat=p&typeid=i","cat":312610},{"id":19,"n":"Flageolets verts Notre Jardin Extra fins - 265g","p":0.99,"u":"3,74 €/KG","img":"https://fd9-photos.leclercdrive.fr/image.ashx?id=1993161&use=l&cat=p&typeid=i","cat":312606},{"id":20,"n":"Macédoine légumes Notre Jardin 265g","p":0.71,"u":"2,68 €/KG","img":"https://fd9-photos.leclercdrive.fr/image.ashx?id=2913648&use=l&cat=p&typeid=i","cat":312612},{"id":21,"n":"Macédoine légumes Notre Jardin - 530g","p":1.23,"u":"2,32 €/KG","img":"https://fd9-photos.leclercdrive.fr/image.ashx?id=2526276&use=l&cat=p&typeid=i","cat":312612},{"id":22,"n":"Garniture de 4 légumes  Notre Jardin - 510g","p":1.74,"u":"3,41 €/KG","img":"https://fd9-photos.leclercdrive.fr/image.ashx?id=2526279&use=l&cat=p&typeid=i","cat":312612},{"id":26,"n":"Pois chiches Notre Jardin 265g","p":0.75,"u":"2,83 €/KG","img":"https://fd9-photos.leclercdrive.fr/image.ashx?id=2988009&use=l&cat=p&typeid=i","cat":312609},{"id":27,"n":"Lentilles préparées Notre  Jardin - 265g","p":0.67,"u":"2,53 €/KG","img":"https://fd9-photos.leclercdrive.fr/image.ashx?id=2987985&use=l&cat=p&typeid=i","cat":312609},{"id":28,"n":"Lentilles Préparées Notre  Jardin - 530g","p":1.15,"u":"2,17 €/KG","img":"https://fd9-photos.leclercdrive.fr/image.ashx?id=2987982&use=l&cat=p&typeid=i","cat":312609},{"id":29,"n":"Haricots rouges Notre Jardin 250g","p":0.84,"u":"3,36 €/KG","img":"https://fd9-photos.leclercdrive.fr/image.ashx?id=2988024&use=l&cat=p&typeid=i","cat":312606},{"id":30,"n":"Pommes de terre Notre Jardin 530g","p":1.29,"u":"2,43 €/KG","img":"https://fd9-photos.leclercdrive.fr/image.ashx?id=2696250&use=l&cat=p&typeid=i","cat":312612},{"id":36,"n":"Epinards hâchés Notre Jardin 795g","p":1.65,"u":"2,08 €/KG","img":"https://fd9-photos.leclercdrive.fr/image.ashx?id=2050606&use=l&cat=p&typeid=i","cat":312612},{"id":37,"n":"Epinards hâchés Notre Jardin 395g","p":1.09,"u":"2,76 €/KG","img":"https://fd9-photos.leclercdrive.fr/image.ashx?id=1993152&use=l&cat=p&typeid=i","cat":312612},{"id":38,"n":"Epinards branches  Notre Jardin 265g","p":1.15,"u":"4,34 €/KG","img":"https://fd9-photos.leclercdrive.fr/image.ashx?id=1993155&use=l&cat=p&typeid=i","cat":312612},{"id":39,"n":"Epinards branches Notre Jardin 530g","p":1.69,"u":"3,19 €/KG","img":"https://fd9-photos.leclercdrive.fr/image.ashx?id=2913651&use=l&cat=p&typeid=i","cat":312612},{"id":40,"n":"Coeurs de palmiers Notre Jardin Extra tendres - 500g","p":3.85,"u":"7,70 €/KG","img":"https://fd9-photos.leclercdrive.fr/image.ashx?id=2589849&use=l&cat=p&typeid=i","cat":312611},{"id":41,"n":"Choux Bruxelles Notre Jardin 530g","p":1.95,"u":"3,68 €/KG","img":"https://fd9-photos.leclercdrive.fr/image.ashx?id=2072428&use=l&cat=p&typeid=i","cat":312612},{"id":42,"n":"Haricots Mungo Notre Jardin 180g","p":1.0,"u":"5,56 €/KG","img":"https://fd9-photos.leclercdrive.fr/image.ashx?id=2072431&use=l&cat=p&typeid=i","cat":312611},{"id":43,"n":"Asperges blanches miniatures Notre Jardin - 110g","p":1.55,"u":"14,09 €/KG","img":"https://fd9-photos.leclercdrive.fr/image.ashx?id=2049019&use=l&cat=p&typeid=i","cat":312611},{"id":44,"n":"Maïs Notre Jardin Tendre - 285g","p":0.96,"u":"3,37 €/KG","img":"https://fd9-photos.leclercdrive.fr/image.ashx?id=3005658&use=l&cat=p&typeid=i","cat":312611},{"id":47,"n":"Filets de thon Saupiquet Huile d'olive - 115g","p":2.37,"u":"20,61 €/KG","img":"https://fd9-photos.leclercdrive.fr/image.ashx?id=2846373&use=l&cat=p&typeid=i","cat":303867},{"id":50,"n":"Miettes de thon Pêche Océan Huile de tournesol - 160g","p":1.7,"u":"10,63 €/KG","img":"https://fd9-photos.leclercdrive.fr/image.ashx?id=2941366&use=l&cat=p&typeid=i","cat":303867},{"id":51,"n":"Miettes de thon Pêche Océan Tomate - 160g","p":1.13,"u":"7,06 €/KG","img":"https://fd9-photos.leclercdrive.fr/image.ashx?id=2941378&use=l&cat=p&typeid=i","cat":303867},{"id":52,"n":"Miettes de thon Pêche Océan Tomate - 3x80g","p":1.56,"u":"6,50 €/KG","img":"https://fd9-photos.leclercdrive.fr/image.ashx?id=2941363&use=l&cat=p&typeid=i","cat":303867},{"id":58,"n":"Filets maquereaux Pêche Océan Arômates et Muscadet 176g","p":1.45,"u":"8,24 €/KG","img":"https://fd9-photos.leclercdrive.fr/image.ashx?id=2476948&use=l&cat=p&typeid=i","cat":303868},{"id":59,"n":"Maquereaux Pêche Océan Moutarde de Dijon - 169g","p":1.65,"u":"9,76 €/KG","img":"https://fd9-photos.leclercdrive.fr/image.ashx?id=2488350&use=l&cat=p&typeid=i","cat":303868},{"id":67,"n":"Terrine de canard Côté Table 180g","p":1.55,"u":"8,61 €/KG","img":"https://fd9-photos.leclercdrive.fr/image.ashx?id=2436645&use=l&cat=p&typeid=i","cat":305149},{"id":68,"n":"Cassoulet Côté Table Saucisses et saucissons - 420g","p":1.15,"u":"2,74 €/KG","img":"https://fd9-photos.leclercdrive.fr/image.ashx?id=2977099&use=l&cat=p&typeid=i","cat":284440},{"id":72,"n":"Lentilles cuisinées Raynal Et Roquelaure - 820g","p":2.03,"u":"2,48 €/KG","img":"https://fd9-photos.leclercdrive.fr/image.ashx?id=2928393&use=l&cat=p&typeid=i","cat":312609},{"id":74,"n":"Choucroute Côté Table garnie 800g","p":2.69,"u":"3,36 €/KG","img":"https://fd9-photos.leclercdrive.fr/image.ashx?id=2977111&use=l&cat=p&typeid=i","cat":284441},{"id":75,"n":"Choucroute Côté Table garnie 400g","p":1.72,"u":"4,30 €/KG","img":"https://fd9-photos.leclercdrive.fr/image.ashx?id=2977114&use=l&cat=p&typeid=i","cat":284441},{"id":78,"n":"Saucisses lentilles Côté Table 840g","p":1.99,"u":"2,37 €/KG","img":"https://fd9-photos.leclercdrive.fr/image.ashx?id=2977102&use=l&cat=p&typeid=i","cat":284441},{"id":79,"n":"Saucisses lentilles Côté Table 420g","p":1.13,"u":"2,69 €/KG","img":"https://fd9-photos.leclercdrive.fr/image.ashx?id=2977105&use=l&cat=p&typeid=i","cat":284441},{"id":80,"n":"Gésiers de canard du Sud-Ouest NRT - 215g","p":6.99,"u":"32,51 €/KG","img":"https://fd9-photos.leclercdrive.fr/image.ashx?id=2723204&use=l&cat=p&typeid=i","cat":284440},{"id":92,"n":"Chips Pom'lisse Nature - 6x30g","p":1.37,"u":"7,61 €/KG","img":"https://fd9-photos.leclercdrive.fr/image.ashx?id=2919490&use=l&cat=p&typeid=i","cat":284447},{"id":97,"n":"Pétales salées Tokapi Soufflés - 75g","p":0.69,"u":"9,20 €/KG","img":"https://fd9-photos.leclercdrive.fr/image.ashx?id=2751874&use=l&cat=p&typeid=i","cat":284449},{"id":104,"n":"Mélange Grillé et salé Tokapi Cacahuètes et noisettes - 120g","p":1.42,"u":"11,83 €/KG","img":"https://fd9-photos.leclercdrive.fr/image.ashx?id=2794100&use=l&cat=p&typeid=i","cat":284448},{"id":105,"n":"Cacahuètes grillées Tokapi Salées - 250g","p":0.85,"u":"3,40 €/KG","img":"https://fd9-photos.leclercdrive.fr/image.ashx?id=2795529&use=l&cat=p&typeid=i","cat":284448},{"id":108,"n":"Noix de cajou grillées Tokapi Salées - 400g","p":4.78,"u":"11,95 €/KG","img":"https://fd9-photos.leclercdrive.fr/image.ashx?id=2793985&use=l&cat=p&typeid=i","cat":284448},{"id":113,"n":"Crackers Tuc Nature Original - 100g","p":0.55,"u":"5,50 €/KG","img":"https://fd9-photos.leclercdrive.fr/image.ashx?id=3002195&use=l&cat=p&typeid=i","cat":297000},{"id":117,"n":"Huile Isio 4 Lesieur 1L","p":3.43,"u":"3,43 €/L","img":"https://fd9-photos.leclercdrive.fr/image.ashx?id=2916018&use=l&cat=p&typeid=i","cat":284453},{"id":121,"n":"Huile Fleur de colza Lesieur  1L","p":2.78,"u":"2,78 €/L","img":"https://fd9-photos.leclercdrive.fr/image.ashx?id=2916848&use=l&cat=p&typeid=i","cat":284453},{"id":122,"n":"Huile de friture Rustica Sans odeur - 2L","p":4.45,"u":"2,23 €/L","img":"https://fd9-photos.leclercdrive.fr/image.ashx?id=2916662&use=l&cat=p&typeid=i","cat":284453},{"id":123,"n":"Huile végétale  Rustica Mélange 4 huiles  - 1L","p":2.65,"u":"2,65 €/L","img":"https://fd9-photos.leclercdrive.fr/image.ashx?id=2538134&use=l&cat=p&typeid=i","cat":284453},{"id":124,"n":"Huile d'olive Rustica Vierge extra - 1L","p":8.99,"u":"8,99 €/L","img":"https://fd9-photos.leclercdrive.fr/image.ashx?id=2898011&use=l&cat=p&typeid=i","cat":284453},{"id":125,"n":"Huile de tournesol Rustica  1L","p":1.99,"u":"1,99 €/L","img":"https://fd9-photos.leclercdrive.fr/image.ashx?id=2900319&use=l&cat=p&typeid=i","cat":284453},{"id":126,"n":"Huile de tournesol Rustica 3L","p":5.89,"u":"1,96 €/L","img":"https://fd9-photos.leclercdrive.fr/image.ashx?id=2900322&use=l&cat=p&typeid=i","cat":284453},{"id":127,"n":"Huile de colza Rustica  1L","p":1.76,"u":"1,76 €/L","img":"https://fd9-photos.leclercdrive.fr/image.ashx?id=2500797&use=l&cat=p&typeid=i","cat":284453},{"id":128,"n":"Vinaigre de vin Rustica 75cl","p":0.99,"u":"1,32 €/L","img":"https://fd9-photos.leclercdrive.fr/image.ashx?id=1061150&use=l&cat=p&typeid=i","cat":298543},{"id":129,"n":"Vinaigre de cidre Rustica  75cl","p":0.87,"u":"1,16 €/L","img":"https://fd9-photos.leclercdrive.fr/image.ashx?id=2657190&use=l&cat=p&typeid=i","cat":298543},{"id":130,"n":"Vinaigrette Rustica  Moutarde - 50cl","p":0.89,"u":"1,78 €/L","img":"https://fd9-photos.leclercdrive.fr/image.ashx?id=1950144&use=l&cat=p&typeid=i","cat":284456},{"id":131,"n":"Jus de citron Rustica Sicile - 2x125ml - 250ml","p":1.08,"u":"4,32 €/L","img":"https://fd9-photos.leclercdrive.fr/image.ashx?id=2974786&use=l&cat=p&typeid=i","cat":288383},{"id":136,"n":"Sel fin de Camargue NRT 250g","p":1.63,"u":"6,52 €/KG","img":"https://fd9-photos.leclercdrive.fr/image.ashx?id=2644906&use=l&cat=p&typeid=i","cat":284457},{"id":137,"n":"Gros sel de Camargue NRT Sachet -1kg","p":1.2,"u":"1,20 €/KG","img":"https://fd9-photos.leclercdrive.fr/image.ashx?id=2819956&use=l&cat=p&typeid=i","cat":284457},{"id":138,"n":"Sel fin de Guérande IGP NRT 250g","p":1.35,"u":"5,40 €/KG","img":"https://fd9-photos.leclercdrive.fr/image.ashx?id=2644900&use=l&cat=p&typeid=i","cat":284457},{"id":147,"n":"Olives vertes Rustica  Dénoyautées - 160g","p":0.92,"u":"5,75 €/KG","img":"https://fd9-photos.leclercdrive.fr/image.ashx?id=2499070&use=l&cat=p&typeid=i","cat":284458},{"id":156,"n":"Moutarde de Dijon Rustica  Fine et forte Verre whisky-280g","p":1.94,"u":"6,93 €/KG","img":"https://fd9-photos.leclercdrive.fr/image.ashx?id=1921607&use=l&cat=p&typeid=i","cat":288850},{"id":157,"n":"Moutarde de Dijon AMORA Fine & Forte - 265g","p":1.55,"u":"5,85 €/KG","img":"https://fd9-photos.leclercdrive.fr/image.ashx?id=3004870&use=l&cat=p&typeid=i","cat":288850},{"id":160,"n":"Mayonnaise Lesieur Huile de colza - 175g","p":0.78,"u":"4,46 €/KG","img":"https://fd9-photos.leclercdrive.fr/image.ashx?id=2917702&use=l&cat=p&typeid=i","cat":298295},{"id":169,"n":"Sauce Pesto Panzani Basilic - 200g","p":1.64,"u":"8,20 €/KG","img":"https://fd9-photos.leclercdrive.fr/image.ashx?id=2989093&use=l&cat=p&typeid=i","cat":287599},{"id":172,"n":"Purée de tomates Turini 720ml","p":1.26,"u":"1,75 €/L","img":"https://fd9-photos.leclercdrive.fr/image.ashx?id=2680539&use=l&cat=p&typeid=i","cat":288384},{"id":173,"n":"Pulpe de tomate Notre Jardin En dés - 3x383g","p":2.06,"u":"1,81 €/KG","img":"https://fd9-photos.leclercdrive.fr/image.ashx?id=2826918&use=l&cat=p&typeid=i","cat":288384},{"id":174,"n":"Tomates pelées Notre Jardin Entières - 476g","p":1.4,"u":"2,94 €/KG","img":"https://fd9-photos.leclercdrive.fr/image.ashx?id=2189999&use=l&cat=p&typeid=i","cat":312608},{"id":175,"n":"Sauce bolognaise Turini 420g","p":1.45,"u":"3,45 €/KG","img":"https://fd9-photos.leclercdrive.fr/image.ashx?id=2634860&use=l&cat=p&typeid=i","cat":287599},{"id":178,"n":"Sauce Napolitaine Turini 420g","p":0.88,"u":"2,10 €/KG","img":"https://fd9-photos.leclercdrive.fr/image.ashx?id=2441893&use=l&cat=p&typeid=i","cat":287599},{"id":185,"n":"Pâtes Barilla Pipe Rigate - 500g","p":1.03,"u":"2,06 €/KG","img":"https://fd9-photos.leclercdrive.fr/image.ashx?id=2392209&use=l&cat=p&typeid=i","cat":284427},{"id":186,"n":"Pâtes Barilla Penne rigate - 500g","p":1.01,"u":"2,02 €/KG","img":"https://fd9-photos.leclercdrive.fr/image.ashx?id=2392203&use=l&cat=p&typeid=i","cat":284427},{"id":187,"n":"Pâtes Barilla Fusilli - 500g","p":1.02,"u":"2,04 €/KG","img":"https://fd9-photos.leclercdrive.fr/image.ashx?id=2392212&use=l&cat=p&typeid=i","cat":284427},{"id":191,"n":"Pâtes Collezione Barilla Lasagne aux œufs - 500g","p":2.0,"u":"4,00 €/KG","img":"https://fd9-photos.leclercdrive.fr/image.ashx?id=2990997&use=l&cat=p&typeid=i","cat":284427},{"id":193,"n":"Pâtes vermicelles Panzani  500g","p":1.23,"u":"2,46 €/KG","img":"https://fd9-photos.leclercdrive.fr/image.ashx?id=2896072&use=l&cat=p&typeid=i","cat":284427},{"id":194,"n":"Pâtes Coquillettes Panzani 500g","p":0.91,"u":"1,82 €/KG","img":"https://fd9-photos.leclercdrive.fr/image.ashx?id=2870200&use=l&cat=p&typeid=i","cat":284427},{"id":195,"n":"Pâtes macaroni Panzani 500g","p":0.97,"u":"1,94 €/KG","img":"https://fd9-photos.leclercdrive.fr/image.ashx?id=2884297&use=l&cat=p&typeid=i","cat":284427},{"id":196,"n":"Pâtes nouilles fines Panzani 500g","p":1.09,"u":"2,18 €/KG","img":"https://fd9-photos.leclercdrive.fr/image.ashx?id=2876005&use=l&cat=p&typeid=i","cat":284427},{"id":197,"n":"Pâtes Torti Panzani 500g","p":0.77,"u":"1,54 €/KG","img":"https://fd9-photos.leclercdrive.fr/image.ashx?id=2869552&use=l&cat=p&typeid=i","cat":284427},{"id":198,"n":"Pâtes Spaghetti Panzani 500g","p":0.89,"u":"1,78 €/KG","img":"https://fd9-photos.leclercdrive.fr/image.ashx?id=2876023&use=l&cat=p&typeid=i","cat":284427},{"id":199,"n":"Pâtes Tagliatelle Panzani Créatives - 500G","p":1.54,"u":"3,08 €/KG","img":"https://fd9-photos.leclercdrive.fr/image.ashx?id=2902936&use=l&cat=p&typeid=i","cat":284427},{"id":200,"n":"Pâtes lasagnes Turini  500g","p":1.29,"u":"2,58 €/KG","img":"https://fd9-photos.leclercdrive.fr/image.ashx?id=2980779&use=l&cat=p&typeid=i","cat":284427},{"id":202,"n":"Pâtes Nouilles Turini 500g","p":0.75,"u":"1,50 €/KG","img":"https://fd9-photos.leclercdrive.fr/image.ashx?id=2980462&use=l&cat=p&typeid=i","cat":284427},{"id":203,"n":"Pâtes Torsades Turini 500g","p":0.65,"u":"1,30 €/KG","img":"https://fd9-photos.leclercdrive.fr/image.ashx?id=2980423&use=l&cat=p&typeid=i","cat":284427},{"id":204,"n":"Pâtes Coquillettes Turini 500g","p":0.75,"u":"1,50 €/KG","img":"https://fd9-photos.leclercdrive.fr/image.ashx?id=2980405&use=l&cat=p&typeid=i","cat":284427},{"id":205,"n":"Pâtes Macaroni Turini 500g","p":0.75,"u":"1,50 €/KG","img":"https://fd9-photos.leclercdrive.fr/image.ashx?id=2980414&use=l&cat=p&typeid=i","cat":284427},{"id":206,"n":"Spaghetti Turini 500g","p":0.69,"u":"1,38 €/KG","img":"https://fd9-photos.leclercdrive.fr/image.ashx?id=2980396&use=l&cat=p&typeid=i","cat":284427},{"id":208,"n":"Pâtes gansettes Turini 500g","p":0.98,"u":"1,96 €/KG","img":"https://fd9-photos.leclercdrive.fr/image.ashx?id=2607422&use=l&cat=p&typeid=i","cat":284427},{"id":210,"n":"Pâtes cheveux d'anges Turini 500g","p":0.85,"u":"1,70 €/KG","img":"https://fd9-photos.leclercdrive.fr/image.ashx?id=2980785&use=l&cat=p&typeid=i","cat":284427},{"id":211,"n":"Pâtes Tagliatelles Turini 500g","p":1.29,"u":"2,58 €/KG","img":"https://fd9-photos.leclercdrive.fr/image.ashx?id=2669693&use=l&cat=p&typeid=i","cat":284427},{"id":217,"n":"Riz Thaï Comptoir du Grain Sélection Riz long - 1kg","p":2.2,"u":"2,20 €/KG","img":"https://fd9-photos.leclercdrive.fr/image.ashx?id=2657084&use=l&cat=p&typeid=i","cat":284428},{"id":218,"n":"Riz Basmati Comptoir du Grain Sélection Riz long - 1kg","p":2.55,"u":"2,55 €/KG","img":"https://fd9-photos.leclercdrive.fr/image.ashx?id=2565613&use=l&cat=p&typeid=i","cat":284428},{"id":219,"n":"Riz long Comptoir du Grain Sachet cuisson rapide x5 - 1kg","p":1.74,"u":"1,74 €/KG","img":"https://fd9-photos.leclercdrive.fr/image.ashx?id=1759876&use=l&cat=p&typeid=i","cat":284428},{"id":220,"n":"Couscous moyen Regia 1kg","p":2.3,"u":"2,30 €/KG","img":"https://fd9-photos.leclercdrive.fr/image.ashx?id=2874856&use=l&cat=p&typeid=i","cat":284429},{"id":224,"n":"Purée pomme de terre Pom'lisse Nature - 4x125g - 500g","p":1.85,"u":"3,70 €/KG","img":"https://fd9-photos.leclercdrive.fr/image.ashx?id=2929861&use=l&cat=p&typeid=i","cat":284431},{"id":225,"n":"Couscous Comptoir du Grain Grain moyen - 1kg","p":1.44,"u":"1,44 €/KG","img":"https://fd9-photos.leclercdrive.fr/image.ashx?id=3012797&use=l&cat=p&typeid=i","cat":284429},{"id":229,"n":"Blé précuit Comptoir du Grain Cuisson rapide 10 min - 500g","p":1.54,"u":"3,08 €/KG","img":"https://fd9-photos.leclercdrive.fr/image.ashx?id=3012818&use=l&cat=p&typeid=i","cat":284429},{"id":230,"n":"Pois cassés Notre Jardin 500g","p":1.05,"u":"2,10 €/KG","img":"https://fd9-photos.leclercdrive.fr/image.ashx?id=2141079&use=l&cat=p&typeid=i","cat":284430},{"id":231,"n":"Lentilles vertes Notre Jardin 500g","p":1.63,"u":"3,26 €/KG","img":"https://fd9-photos.leclercdrive.fr/image.ashx?id=2055651&use=l&cat=p&typeid=i","cat":284430},{"id":239,"n":"Soupe Velouté Régal Soupe 10 légumes - 1L","p":1.19,"u":"1,19 €/L","img":"https://fd9-photos.leclercdrive.fr/image.ashx?id=2983781&use=l&cat=p&typeid=i","cat":284462},{"id":240,"n":"Soupe Régal Soupe Poireaux Pommes de terre - 1L","p":1.19,"u":"1,19 €/L","img":"https://fd9-photos.leclercdrive.fr/image.ashx?id=2607356&use=l&cat=p&typeid=i","cat":284462},{"id":241,"n":"Soupe Mouliné Régal Soupe 10 légumes variés - 1L","p":1.08,"u":"1,08 €/L","img":"https://fd9-photos.leclercdrive.fr/image.ashx?id=2607353&use=l&cat=p&typeid=i","cat":284462},{"id":255,"n":"Arôme Saveur Maggi 250g","p":1.86,"u":"7,44 €/KG","img":"https://fd9-photos.leclercdrive.fr/image.ashx?id=2671960&use=l&cat=p&typeid=i","cat":288379},{"id":259,"n":"Assaisonnement Liquide KNORR Viandox - 160ml","p":1.46,"u":"9,13 €/L","img":"https://fd9-photos.leclercdrive.fr/image.ashx?id=2705215&use=l&cat=p&typeid=i","cat":288383},{"id":267,"n":"Biscuits Petit Ecolier LU Chocolat au lait - 120g","p":2.1,"u":"17,50 €/KG","img":"https://fd9-photos.leclercdrive.fr/image.ashx?id=3014404&use=l&cat=p&typeid=i","cat":284488},{"id":270,"n":"Biscuits Petit Ecolier LU Chocolat noir - 150g","p":1.75,"u":"11,67 €/KG","img":"https://fd9-photos.leclercdrive.fr/image.ashx?id=2944359&use=l&cat=p&typeid=i","cat":284488},{"id":274,"n":"Biscuits Pocket Prince Chocolat - 400g","p":2.31,"u":"5,78 €/KG","img":"https://fd9-photos.leclercdrive.fr/image.ashx?id=3002207&use=l&cat=p&typeid=i","cat":284488},{"id":278,"n":"Biscuits La Barquette Lulu LU Chocolat noisettes - 2x120g","p":2.0,"u":"8,33 €/KG","img":"https://fd9-photos.leclercdrive.fr/image.ashx?id=2135740&use=l&cat=p&typeid=i","cat":284488},{"id":283,"n":"Biscuit Petit beurre P'tit Déli Chocolat au lait pocket - 250g","p":2.25,"u":"9,00 €/KG","img":"https://fd9-photos.leclercdrive.fr/image.ashx?id=2919589&use=l&cat=p&typeid=i","cat":284488},{"id":284,"n":"Biscuits P'tit Déli ronds Chocolat lait 200g","p":1.2,"u":"6,00 €/KG","img":"https://fd9-photos.leclercdrive.fr/image.ashx?id=2884210&use=l&cat=p&typeid=i","cat":284488},{"id":286,"n":"Biscuits barquette P'tit Déli Chocolat et noisette x18 - 120g","p":0.89,"u":"7,42 €/KG","img":"https://fd9-photos.leclercdrive.fr/image.ashx?id=2705065&use=l&cat=p&typeid=i","cat":284488},{"id":288,"n":"Gaufrettes P'tit Déli  Enrobées chocolat 150g","p":1.59,"u":"10,60 €/KG","img":"https://fd9-photos.leclercdrive.fr/image.ashx?id=2965416&use=l&cat=p&typeid=i","cat":284488},{"id":289,"n":"Mini goûters P'tit Déli Chocolat 168g","p":1.13,"u":"6,73 €/KG","img":"https://fd9-photos.leclercdrive.fr/image.ashx?id=2321941&use=l&cat=p&typeid=i","cat":284488},{"id":290,"n":"Biscuits P'tit Déli Bâtonnets Chocolat 150g","p":1.19,"u":"7,93 €/KG","img":"https://fd9-photos.leclercdrive.fr/image.ashx?id=2470189&use=l&cat=p&typeid=i","cat":284488},{"id":291,"n":"Goûter Moelleux P'tit Déli  Lait et cacao x10 420g","p":2.81,"u":"6,69 €/KG","img":"https://fd9-photos.leclercdrive.fr/image.ashx?id=2610684&use=l&cat=p&typeid=i","cat":284495},{"id":292,"n":"Biscuits fourrés P'tit Déli Coeur fondant chocolat - 225g","p":1.26,"u":"5,60 €/KG","img":"https://fd9-photos.leclercdrive.fr/image.ashx?id=2637634&use=l&cat=p&typeid=i","cat":284488},{"id":296,"n":"Biscuits La Barquette Lulu LU Fraise - 2x120g","p":2.14,"u":"8,92 €/KG","img":"https://fd9-photos.leclercdrive.fr/image.ashx?id=3001952&use=l&cat=p&typeid=i","cat":284489},{"id":298,"n":"Gâteaux moelleux Lulu LU Coqueline Fraise - 165g","p":1.4,"u":"8,48 €/KG","img":"https://fd9-photos.leclercdrive.fr/image.ashx?id=2977252&use=l&cat=p&typeid=i","cat":284495},{"id":310,"n":"Biscuits boudoirs P'tit Déli Aux oeufs - 175g","p":1.38,"u":"7,89 €/KG","img":"https://fd9-photos.leclercdrive.fr/image.ashx?id=1947342&use=l&cat=p&typeid=i","cat":284487},{"id":313,"n":"Biscuits palmiers P'tit Déli 100g","p":0.59,"u":"5,90 €/KG","img":"https://fd9-photos.leclercdrive.fr/image.ashx?id=2940896&use=l&cat=p&typeid=i","cat":284487},{"id":314,"n":"Biscuits langue chat P'tit Déli 200g","p":1.28,"u":"6,40 €/KG","img":"https://fd9-photos.leclercdrive.fr/image.ashx?id=1875827&use=l&cat=p&typeid=i","cat":284487},{"id":315,"n":"Biscuits cigarettes P'tit Déli Fines 180g","p":0.95,"u":"5,28 €/KG","img":"https://fd9-photos.leclercdrive.fr/image.ashx?id=2907039&use=l&cat=p&typeid=i","cat":284487},{"id":316,"n":"Palets bretons P'tit Déli 125g","p":0.97,"u":"7,76 €/KG","img":"https://fd9-photos.leclercdrive.fr/image.ashx?id=2809650&use=l&cat=p&typeid=i","cat":284487},{"id":322,"n":"Cake anglais Brossard 400g","p":3.07,"u":"7,68 €/KG","img":"https://fd9-photos.leclercdrive.fr/image.ashx?id=2456795&use=l&cat=p&typeid=i","cat":284493},{"id":323,"n":"Gâteaux Mini roulés Pépito Chocolat - 150g","p":1.76,"u":"11,73 €/KG","img":"https://fd9-photos.leclercdrive.fr/image.ashx?id=2331898&use=l&cat=p&typeid=i","cat":284495},{"id":325,"n":"Galettes Bretonnes P'tit Déli Pur beurre - 125g","p":0.73,"u":"5,84 €/KG","img":"https://fd9-photos.leclercdrive.fr/image.ashx?id=2847943&use=l&cat=p&typeid=i","cat":284487},{"id":327,"n":"Biscuits P'tit Déli Cookies Chocolat nougatine 200g","p":1.35,"u":"6,75 €/KG","img":"https://fd9-photos.leclercdrive.fr/image.ashx?id=2900022&use=l&cat=p&typeid=i","cat":325066},{"id":328,"n":"Biscuits Cookies P'tit Déli Chocolat pépite chocolat - 200g","p":1.35,"u":"6,75 €/KG","img":"https://fd9-photos.leclercdrive.fr/image.ashx?id=2900025&use=l&cat=p&typeid=i","cat":325066},{"id":349,"n":"Pain de mie nature Epi d'Or Classique - 500g","p":1.19,"u":"2,38 €/KG","img":"https://fd9-photos.leclercdrive.fr/image.ashx?id=2615582&use=l&cat=p&typeid=i","cat":284477},{"id":350,"n":"Pain de mie nature Epi d'Or Grandes tranches - 550g","p":1.15,"u":"2,09 €/KG","img":"https://fd9-photos.leclercdrive.fr/image.ashx?id=2860700&use=l&cat=p&typeid=i","cat":284477},{"id":352,"n":"Pain de mie nature Epi d'Or  Extra-moelleux - 500g","p":0.95,"u":"1,90 €/KG","img":"https://fd9-photos.leclercdrive.fr/image.ashx?id=2860697&use=l&cat=p&typeid=i","cat":284477},{"id":361,"n":"Brioche tranchée Epi d'Or Nature - 500g","p":1.65,"u":"3,30 €/KG","img":"https://fd9-photos.leclercdrive.fr/image.ashx?id=2860694&use=l&cat=p&typeid=i","cat":284478},{"id":362,"n":"Briochettes Epi d'Or Nature x12 - 480g","p":1.49,"u":"3,10 €/KG","img":"https://fd9-photos.leclercdrive.fr/image.ashx?id=2860709&use=l&cat=p&typeid=i","cat":284478},{"id":363,"n":"Pains au lait Epi d'Or x10 - 350g","p":1.19,"u":"3,40 €/KG","img":"https://fd9-photos.leclercdrive.fr/image.ashx?id=2860688&use=l&cat=p&typeid=i","cat":293505},{"id":364,"n":"Pains au chocolat Epi d'Or x8 - 360g","p":1.89,"u":"5,25 €/KG","img":"https://fd9-photos.leclercdrive.fr/image.ashx?id=2860691&use=l&cat=p&typeid=i","cat":296366},{"id":367,"n":"Barre patissière P'tit Déli 800g","p":2.2,"u":"2,75 €/KG","img":"https://fd9-photos.leclercdrive.fr/image.ashx?id=2074379&use=l&cat=p&typeid=i","cat":294776},{"id":375,"n":"Biscottes fourrées Cracotte LU  Framboise - 200g","p":1.7,"u":"8,50 €/KG","img":"https://fd9-photos.leclercdrive.fr/image.ashx?id=2873844&use=l&cat=p&typeid=i","cat":284479},{"id":376,"n":"Biscottes Cracotte LU  Froment - 250g","p":1.49,"u":"5,96 €/KG","img":"https://fd9-photos.leclercdrive.fr/image.ashx?id=3002006&use=l&cat=p&typeid=i","cat":284479},{"id":377,"n":"Biscottes Cracotte LU Gourmande - 250g","p":1.64,"u":"6,56 €/KG","img":"https://fd9-photos.leclercdrive.fr/image.ashx?id=3002009&use=l&cat=p&typeid=i","cat":284479},{"id":378,"n":"Biscottes Cracotte LU  Céréales complètes - 250g","p":1.63,"u":"6,52 €/KG","img":"https://fd9-photos.leclercdrive.fr/image.ashx?id=3002012&use=l&cat=p&typeid=i","cat":284479},{"id":379,"n":"Biscottes fourrées Cracotte Lu Chocolat - 200g","p":1.57,"u":"7,85 €/KG","img":"https://fd9-photos.leclercdrive.fr/image.ashx?id=2849704&use=l&cat=p&typeid=i","cat":284479},{"id":382,"n":"Biscottes Epi d'Or 6 céréales x36 - 300g","p":1.22,"u":"4,07 €/KG","img":"https://fd9-photos.leclercdrive.fr/image.ashx?id=2532832&use=l&cat=p&typeid=i","cat":284479},{"id":384,"n":"Biscottes Epi d'Or froment x36 - 300g","p":1.37,"u":"4,57 €/KG","img":"https://fd9-photos.leclercdrive.fr/image.ashx?id=2634854&use=l&cat=p&typeid=i","cat":284479},{"id":388,"n":"Tartines craquantes Epi d'Or  Froment - 250g","p":1.05,"u":"4,20 €/KG","img":"https://fd9-photos.leclercdrive.fr/image.ashx?id=2856121&use=l&cat=p&typeid=i","cat":284479},{"id":399,"n":"Café moulu Plantation Intense et aromatique - 2x250g","p":6.8,"u":"13,60 €/KG","img":"https://fd9-photos.leclercdrive.fr/image.ashx?id=2607398&use=l&cat=p&typeid=i","cat":284750},{"id":400,"n":"Café moulu Plantation  Intense et aromatique - 250g","p":3.5,"u":"14,00 €/KG","img":"https://fd9-photos.leclercdrive.fr/image.ashx?id=2555050&use=l&cat=p&typeid=i","cat":284750},{"id":401,"n":"Café moulu Plantation  Brésil - 2x250g","p":7.19,"u":"14,38 €/KG","img":"https://fd9-photos.leclercdrive.fr/image.ashx?id=2824247&use=l&cat=p&typeid=i","cat":284750},{"id":402,"n":"Café moulu Plantation  Tradition - 4x250g","p":9.6,"u":"9,60 €/KG","img":"https://fd9-photos.leclercdrive.fr/image.ashx?id=2824250&use=l&cat=p&typeid=i","cat":284750},{"id":405,"n":"Café Soluble Nescafé Spécial Filtre Original - 200g","p":7.84,"u":"39,20 €/KG","img":"https://fd9-photos.leclercdrive.fr/image.ashx?id=2837154&use=l&cat=p&typeid=i","cat":284843},{"id":406,"n":"Café soluble Nescafé Capuccino - x10 - 140g","p":2.83,"u":"20,21 €/KG","img":"https://fd9-photos.leclercdrive.fr/image.ashx?id=2729929&use=l&cat=p&typeid=i","cat":284843},{"id":407,"n":"Café et Chicorée Soluble Ricoré Lait - 400g","p":6.11,"u":"15,28 €/KG","img":"https://fd9-photos.leclercdrive.fr/image.ashx?id=2979617&use=l&cat=p&typeid=i","cat":284843},{"id":444,"n":"Lait en poudre Régilait Demi écrémé - 300g","p":2.44,"u":"8,13 €/KG","img":"https://fd9-photos.leclercdrive.fr/image.ashx?id=2110077&use=l&cat=p&typeid=i","cat":299162},{"id":450,"n":"Chocolat poudre Van Houten 250g","p":3.89,"u":"15,56 €/KG","img":"https://fd9-photos.leclercdrive.fr/image.ashx?id=2647173&use=l&cat=p&typeid=i","cat":293235},{"id":451,"n":"Confiture Bonne Maman Abricots - 370g","p":1.64,"u":"4,43 €/KG","img":"https://fd9-photos.leclercdrive.fr/image.ashx?id=3001275&use=l&cat=p&typeid=i","cat":284480},{"id":453,"n":"Confiture extra figues NRT De Provence - 315g","p":2.64,"u":"8,38 €/KG","img":"https://fd9-photos.leclercdrive.fr/image.ashx?id=2699801&use=l&cat=p&typeid=i","cat":284480},{"id":473,"n":"Céréales Lion Nestlé Caramel et Chocolat - 400g","p":2.62,"u":"6,55 €/KG","img":"https://fd9-photos.leclercdrive.fr/image.ashx?id=2927453&use=l&cat=p&typeid=i","cat":309513},{"id":474,"n":"Céréales Cookie Crisp Nestlé 375g","p":2.34,"u":"6,24 €/KG","img":"https://fd9-photos.leclercdrive.fr/image.ashx?id=2926443&use=l&cat=p&typeid=i","cat":309513},{"id":475,"n":"Céréales Chokella Nestlé Choco Noisette - 350g","p":2.53,"u":"7,23 €/KG","img":"https://fd9-photos.leclercdrive.fr/image.ashx?id=2844766&use=l&cat=p&typeid=i","cat":309513},{"id":491,"n":"Levure boulangère Francine 30g","p":1.16,"u":"38,67 €/KG","img":"https://fd9-photos.leclercdrive.fr/image.ashx?id=2210083&use=l&cat=p&typeid=i","cat":294686},{"id":492,"n":"Farine fluide Tablier Blanc Sans grumeaux - 1kg","p":0.85,"u":"0,85 €/KG","img":"https://fd9-photos.leclercdrive.fr/image.ashx?id=2832628&use=l&cat=p&typeid=i","cat":284503},{"id":494,"n":"Levure boulangère Alsa Briochin - x5 - 27.5g","p":0.87,"u":"31,07 €/KG","img":"https://fd9-photos.leclercdrive.fr/image.ashx?id=3007906&use=l&cat=p&typeid=i","cat":294686},{"id":495,"n":"Sucre vanilliné Tablier Blanc x10 - 75g","p":0.73,"u":"9,73 €/KG","img":"https://fd9-photos.leclercdrive.fr/image.ashx?id=2487434&use=l&cat=p&typeid=i","cat":284504},{"id":496,"n":"Sucre Vanillé des Isles Alsa x7 - 52.5g","p":2.41,"u":"46,35 €/KG","img":"https://fd9-photos.leclercdrive.fr/image.ashx?id=2965867&use=l&cat=p&typeid=i","cat":294686},{"id":497,"n":"Sucre Vanillé Alsa x12 - 90g","p":2.07,"u":"23,00 €/KG","img":"https://fd9-photos.leclercdrive.fr/image.ashx?id=3004459&use=l&cat=p&typeid=i","cat":294686},{"id":528,"n":"Bonbons Copains Copines Cola acide - 275 g","p":1.53,"u":"5,56 €/KG","img":"https://fd9-photos.leclercdrive.fr/image.ashx?id=2934658&use=l&cat=p&typeid=i","cat":304250},{"id":529,"n":"Bonbons Copains Copines Chocours 200g","p":1.25,"u":"6,25 €/KG","img":"https://fd9-photos.leclercdrive.fr/image.ashx?id=2934649&use=l&cat=p&typeid=i","cat":304250},{"id":546,"n":"Eau minérale naturelle Des Alpes - 6x50cl","p":1.98,"u":"0,66 €/L","img":"https://fd9-photos.leclercdrive.fr/image.ashx?id=552962&use=l&cat=p&typeid=i","cat":284535},{"id":547,"n":"Eau de source de Montagne 5L","p":0.87,"u":"0,17 €/L","img":"https://fd9-photos.leclercdrive.fr/image.ashx?id=2699420&use=l&cat=p&typeid=i","cat":284535},{"id":567,"n":"Eau gazeuse San Pellegrino Minérale naturelle - 6x50cl","p":2.97,"u":"0,99 €/L","img":"https://fd9-photos.leclercdrive.fr/image.ashx?id=2145871&use=l&cat=p&typeid=i","cat":284536},{"id":589,"n":"Sirop Frucci Orange - 75cl","p":3.22,"u":"4,29 €/L","img":"https://fd9-photos.leclercdrive.fr/image.ashx?id=2909864&use=l&cat=p&typeid=i","cat":295020},{"id":591,"n":"Sirop Frucci Citron - 75cl","p":1.69,"u":"2,25 €/L","img":"https://fd9-photos.leclercdrive.fr/image.ashx?id=2842214&use=l&cat=p&typeid=i","cat":295020},{"id":592,"n":"Sirop Frucci Grenadine - 75cl","p":1.99,"u":"2,65 €/L","img":"https://fd9-photos.leclercdrive.fr/image.ashx?id=2842220&use=l&cat=p&typeid=i","cat":295020},{"id":593,"n":"Sirop Frucci Pêche - 75cl","p":2.39,"u":"3,19 €/L","img":"https://fd9-photos.leclercdrive.fr/image.ashx?id=2842226&use=l&cat=p&typeid=i","cat":295020},{"id":594,"n":"Sirop Frucci Framboise - 75cl","p":3.52,"u":"4,69 €/L","img":"https://fd9-photos.leclercdrive.fr/image.ashx?id=2909867&use=l&cat=p&typeid=i","cat":295020},{"id":595,"n":"Sirop Frucci Fraise - 75cl","p":2.69,"u":"3,59 €/L","img":"https://fd9-photos.leclercdrive.fr/image.ashx?id=2842232&use=l&cat=p&typeid=i","cat":295020},{"id":596,"n":"Sirop Frucci Cassis - 75cl","p":2.94,"u":"3,92 €/L","img":"https://fd9-photos.leclercdrive.fr/image.ashx?id=2842238&use=l&cat=p&typeid=i","cat":295020},{"id":612,"n":"100% Pur jus d'orange Jafaden Sans pulpe - 1L","p":2.22,"u":"2,22 €/L","img":"https://fd9-photos.leclercdrive.fr/image.ashx?id=2955620&use=l&cat=p&typeid=i","cat":284521},{"id":613,"n":"Jus d'orange Jafaden A base de concentré - 6x20cl","p":1.99,"u":"1,66 €/L","img":"https://fd9-photos.leclercdrive.fr/image.ashx?id=2751871&use=l&cat=p&typeid=i","cat":284524},{"id":617,"n":"100% Pur jus d'orange Jafaden  Sans pulpe - 1,5L","p":2.65,"u":"1,77 €/L","img":"https://fd9-photos.leclercdrive.fr/image.ashx?id=2842468&use=l&cat=p&typeid=i","cat":284521},{"id":618,"n":"Nectar d'orange Jafaden Avec pulpe - 1L","p":1.69,"u":"1,69 €/L","img":"https://fd9-photos.leclercdrive.fr/image.ashx?id=2955638&use=l&cat=p&typeid=i","cat":284521},{"id":619,"n":"Nectar orange Jafaden 2L","p":2.52,"u":"1,26 €/L","img":"https://fd9-photos.leclercdrive.fr/image.ashx?id=2955644&use=l&cat=p&typeid=i","cat":284521},{"id":621,"n":"100% Pur jus d'orange Jafaden  Sans pulpe - 2L","p":3.49,"u":"1,75 €/L","img":"https://fd9-photos.leclercdrive.fr/image.ashx?id=2842456&use=l&cat=p&typeid=i","cat":284521},{"id":624,"n":"Pur Jus de pommes NRT De Bretagne - 1L","p":2.53,"u":"2,53 €/L","img":"https://fd9-photos.leclercdrive.fr/image.ashx?id=2590463&use=l&cat=p&typeid=i","cat":284522},{"id":625,"n":"Pur jus raisin Jafaden 1L","p":1.55,"u":"1,55 €/L","img":"https://fd9-photos.leclercdrive.fr/image.ashx?id=2955626&use=l&cat=p&typeid=i","cat":284915},{"id":627,"n":"Jus pamplemousse rose Jafaden A base de concentré - 1L","p":1.55,"u":"1,55 €/L","img":"https://fd9-photos.leclercdrive.fr/image.ashx?id=2520005&use=l&cat=p&typeid=i","cat":284914},{"id":632,"n":"Jus ananas Jafaden A base de concentré 1L","p":1.75,"u":"1,75 €/L","img":"https://fd9-photos.leclercdrive.fr/image.ashx?id=2919592&use=l&cat=p&typeid=i","cat":284916},{"id":633,"n":"Jus d'ananas Jafaden Briquettes - 6x20cl","p":2.7,"u":"2,25 €/L","img":"https://fd9-photos.leclercdrive.fr/image.ashx?id=2869775&use=l&cat=p&typeid=i","cat":284524},{"id":638,"n":"Jus multifruits Jafaden 1L","p":1.89,"u":"1,89 €/L","img":"https://fd9-photos.leclercdrive.fr/image.ashx?id=2916659&use=l&cat=p&typeid=i","cat":285435},{"id":668,"n":"Limonade artisanale NRT 1L","p":2.75,"u":"2,75 €/L","img":"https://fd9-photos.leclercdrive.fr/image.ashx?id=2791066&use=l&cat=p&typeid=i","cat":284531},{"id":669,"n":"Limonade des Pyrénées NRT 6x33cl","p":3.35,"u":"1,69 €/L","img":"https://fd9-photos.leclercdrive.fr/image.ashx?id=2699807&use=l&cat=p&typeid=i","cat":284531},{"id":682,"n":"Soda Pulp'Orange Bouteille - 1,5L","p":1.47,"u":"0,98 €/L","img":"https://fd9-photos.leclercdrive.fr/image.ashx?id=2922382&use=l&cat=p&typeid=i","cat":284532},{"id":689,"n":"Thé glacé Fresh Tea Pêche - Canette -  6x33cl","p":2.49,"u":"1,26 €/L","img":"https://fd9-photos.leclercdrive.fr/image.ashx?id=2622239&use=l&cat=p&typeid=i","cat":295019},{"id":700,"n":"Bière blonde 1664 5,5° - 4x50cl canettes","p":3.19,"u":"1,60 €/L","img":"https://fd9-photos.leclercdrive.fr/image.ashx?id=2793536&use=l&cat=p&typeid=i","cat":334853},{"id":731,"n":"Bière blonde forte Falsbourg Canette - 8%vol. - 50cl","p":0.98,"u":"1,96 €/L","img":"https://fd9-photos.leclercdrive.fr/image.ashx?id=2637838&use=l&cat=p&typeid=i","cat":334853},{"id":737,"n":"Rhum blanc Lagoa 40%vol - 70cl","p":9.99,"u":"14,27 €/L","img":"https://fd9-photos.leclercdrive.fr/image.ashx?id=2966469&use=l&cat=p&typeid=i","cat":284550},{"id":741,"n":"IGP Pays d'Oc Chardonnay Blanc Vieux Carion 13% vol -75 cl","p":2.75,"u":"3,67 €/L","img":"https://fd9-photos.leclercdrive.fr/image.ashx?id=2874690&use=l&cat=p&typeid=i","cat":289557},{"id":742,"n":"AOP Cabernet d'Anjou vin rosé Les Caractères - BIB 3L - 11%","p":13.49,"u":"4,50 €/L","img":"https://fd9-photos.leclercdrive.fr/image.ashx?id=2796523&use=l&cat=p&typeid=i","cat":289560},{"id":746,"n":"Fromage allégé Bridelight 5% mg - 350g","p":3.47,"u":"9,91 €/KG","img":"https://fd9-photos.leclercdrive.fr/image.ashx?id=2019486&use=l&cat=p&typeid=i","cat":314033},{"id":749,"n":"Camembert Les Croisés 20%MG - 250g","p":1.53,"u":"6,12 €/KG","img":"https://fd9-photos.leclercdrive.fr/image.ashx?id=2974762&use=l&cat=p&typeid=i","cat":314033},{"id":750,"n":"Camembert de Pays Les Croisés 21% mg - 250 gr","p":1.75,"u":"7,00 €/KG","img":"https://fd9-photos.leclercdrive.fr/image.ashx?id=2974795&use=l&cat=p&typeid=i","cat":314033},{"id":751,"n":"Coulommiers Les Croisés Tendre/Onctueux - 24%mg - 350g","p":2.15,"u":"6,14 €/KG","img":"https://fd9-photos.leclercdrive.fr/image.ashx?id=2974768&use=l&cat=p&typeid=i","cat":314033},{"id":752,"n":"Petit Brie Les Croisés 32% matière grasse - 500g","p":4.31,"u":"8,62 €/KG","img":"https://fd9-photos.leclercdrive.fr/image.ashx?id=2974792&use=l&cat=p&typeid=i","cat":314033},{"id":753,"n":"Pointe de Brie Les Croisés 32% mg - 200g","p":1.45,"u":"7,25 €/KG","img":"https://fd9-photos.leclercdrive.fr/image.ashx?id=2974771&use=l&cat=p&typeid=i","cat":314033},{"id":754,"n":"Fromage Les Croisés Coeur Crème Lait pasteurisé 33%mg - 300g","p":2.29,"u":"7,63 €/KG","img":"https://fd9-photos.leclercdrive.fr/image.ashx?id=2625068&use=l&cat=p&typeid=i","cat":314033},{"id":755,"n":"Coulommiers Le Rustique  350g","p":3.56,"u":"10,17 €/KG","img":"https://fd9-photos.leclercdrive.fr/image.ashx?id=2835905&use=l&cat=p&typeid=i","cat":314033},{"id":757,"n":"Fromage Comté Entremont 32 %mg - 350g","p":5.3,"u":"15,14 €/KG","img":"https://fd9-photos.leclercdrive.fr/image.ashx?id=2983147&use=l&cat=p&typeid=i","cat":314034},{"id":760,"n":"Emmental fromage bloc Les Croisés - 250g","p":2.24,"u":"8,96 €/KG","img":"https://fd9-photos.leclercdrive.fr/image.ashx?id=2904550&use=l&cat=p&typeid=i","cat":314034},{"id":764,"n":"Fromage Bleu Les Croisés Lait pasteurisé 31% mg - 250g","p":2.29,"u":"9,16 €/KG","img":"https://fd9-photos.leclercdrive.fr/image.ashx?id=2642100&use=l&cat=p&typeid=i","cat":314032},{"id":765,"n":"Société Crème  Crème de fromage brebis - 100g","p":2.1,"u":"21,00 €/KG","img":"https://fd9-photos.leclercdrive.fr/image.ashx?id=2729317&use=l&cat=p&typeid=i","cat":314029},{"id":768,"n":"Fromage de chèvre Les Croisés Lait pasteurisé 22%mg - 180g","p":2.29,"u":"12,72 €/KG","img":"https://fd9-photos.leclercdrive.fr/image.ashx?id=2048615&use=l&cat=p&typeid=i","cat":314031},{"id":769,"n":"Fromage de Brebis Les Croisés -Tranche - 200g","p":2.22,"u":"11,10 €/KG","img":"https://fd9-photos.leclercdrive.fr/image.ashx?id=2237499&use=l&cat=p&typeid=i","cat":314031},{"id":785,"n":"Rondelé ail et fines herbes 125g","p":1.7,"u":"13,60 €/KG","img":"https://fd9-photos.leclercdrive.fr/image.ashx?id=2967756&use=l&cat=p&typeid=i","cat":314029},{"id":786,"n":"Chaussée aux Moines 450g","p":3.99,"u":"8,87 €/KG","img":"https://fd9-photos.leclercdrive.fr/image.ashx?id=2771166&use=l&cat=p&typeid=i","cat":329184},{"id":787,"n":"Fromage L'Ortolan  Fromagerie Milleret - 250g","p":2.55,"u":"10,20 €/KG","img":"https://fd9-photos.leclercdrive.fr/image.ashx?id=2450913&use=l&cat=p&typeid=i","cat":314033},{"id":794,"n":"Rocamadour NRT AOP  Fromage de chèvre - 3x35g","p":2.69,"u":"25,62 €/KG","img":"https://fd9-photos.leclercdrive.fr/image.ashx?id=2954142&use=l&cat=p&typeid=i","cat":314031},{"id":795,"n":"Fromage Brique Les Croisés Lait pasteurisé 60%mg - 200g","p":1.74,"u":"8,70 €/KG","img":"https://fd9-photos.leclercdrive.fr/image.ashx?id=2615804&use=l&cat=p&typeid=i","cat":314033},{"id":796,"n":"Fromage raclette Les Croisés Tranchette lait pasteurisé 400g","p":3.89,"u":"9,73 €/KG","img":"https://fd9-photos.leclercdrive.fr/image.ashx?id=2791704&use=l&cat=p&typeid=i","cat":314037},{"id":800,"n":"Mozzarella Les Croisés - 125g","p":0.93,"u":"7,44 €/KG","img":"https://fd9-photos.leclercdrive.fr/image.ashx?id=2122682&use=l&cat=p&typeid=i","cat":314026},{"id":806,"n":"Emmental fromage rapé Les Croisés - 500g","p":3.99,"u":"7,98 €/KG","img":"https://fd9-photos.leclercdrive.fr/image.ashx?id=2832903&use=l&cat=p&typeid=i","cat":314035},{"id":807,"n":"Emmental fromage rapé Les Croisés - 200g","p":1.65,"u":"8,25 €/KG","img":"https://fd9-photos.leclercdrive.fr/image.ashx?id=2842271&use=l&cat=p&typeid=i","cat":314035},{"id":808,"n":"Emmental fromage rapé Les Croisés - 100g","p":1.1,"u":"11,00 €/KG","img":"https://fd9-photos.leclercdrive.fr/image.ashx?id=2893283&use=l&cat=p&typeid=i","cat":314035},{"id":809,"n":"Râpé Parmigiano Reggiano AOP Les Croisés - 60g","p":1.1,"u":"18,33 €/KG","img":"https://fd9-photos.leclercdrive.fr/image.ashx?id=2903947&use=l&cat=p&typeid=i","cat":314035},{"id":810,"n":"Râpé Grana Padano AOP Les Croisés - 100g","p":1.5,"u":"15,00 €/KG","img":"https://fd9-photos.leclercdrive.fr/image.ashx?id=2903938&use=l&cat=p&typeid=i","cat":314035},{"id":816,"n":"Yaourts Délisse Nature - 16x125g","p":2.25,"u":"1,13 €/KG","img":"https://fd9-photos.leclercdrive.fr/image.ashx?id=2974756&use=l&cat=p&typeid=i","cat":284409},{"id":817,"n":"Yaourts Délisse Nature - 12x125g","p":1.85,"u":"1,23 €/KG","img":"https://fd9-photos.leclercdrive.fr/image.ashx?id=2971867&use=l&cat=p&typeid=i","cat":284409},{"id":818,"n":"Yaourts brassés Délisse  Nature - 8x125g","p":1.65,"u":"1,65 €/KG","img":"https://fd9-photos.leclercdrive.fr/image.ashx?id=2742611&use=l&cat=p&typeid=i","cat":284409},{"id":819,"n":"Yaourts brassés Délisse Nature - 16x125g","p":2.99,"u":"1,50 €/KG","img":"https://fd9-photos.leclercdrive.fr/image.ashx?id=2282159&use=l&cat=p&typeid=i","cat":284409},{"id":821,"n":"Yaourts sucrés Délisse Nature - 16x125g","p":2.69,"u":"1,35 €/KG","img":"https://fd9-photos.leclercdrive.fr/image.ashx?id=2591485&use=l&cat=p&typeid=i","cat":284409},{"id":822,"n":"Yaourts à la Grecque Délisse Nature - 4x150g","p":1.29,"u":"2,15 €/KG","img":"https://fd9-photos.leclercdrive.fr/image.ashx?id=2699405&use=l&cat=p&typeid=i","cat":314999},{"id":834,"n":"Yaourts La Laitière Fruits pâtissiers - 12x125g","p":4.53,"u":"3,02 €/KG","img":"https://fd9-photos.leclercdrive.fr/image.ashx?id=2578684&use=l&cat=p&typeid=i","cat":314999},{"id":839,"n":"Yaourts crémeux Délisse Panaché de fruits - 16x125g","p":4.21,"u":"2,11 €/KG","img":"https://fd9-photos.leclercdrive.fr/image.ashx?id=2799236&use=l&cat=p&typeid=i","cat":284410},{"id":841,"n":"Yaourts brassés Délisse Panaché de fruits - 16x125g","p":3.26,"u":"1,63 €/KG","img":"https://fd9-photos.leclercdrive.fr/image.ashx?id=2494211&use=l&cat=p&typeid=i","cat":284410},{"id":842,"n":"Yaourts aux fruits Délisse Panaché de fruits - 16x125g","p":3.78,"u":"1,89 €/KG","img":"https://fd9-photos.leclercdrive.fr/image.ashx?id=2609544&use=l&cat=p&typeid=i","cat":284410},{"id":854,"n":"Yaourts allégés Sveltesse   Vanille - 8x125g","p":2.67,"u":"2,67 €/KG","img":"https://fd9-photos.leclercdrive.fr/image.ashx?id=2456681&use=l&cat=p&typeid=i","cat":315000},{"id":855,"n":"Yaourts brassés Déli'light  Nature - 0% MG - 8x125g","p":2.13,"u":"2,13 €/KG","img":"https://fd9-photos.leclercdrive.fr/image.ashx?id=2865041&use=l&cat=p&typeid=i","cat":315000},{"id":856,"n":"Yaourts Fruits 0% Déli'light Fruits panachés - 16x125g","p":3.82,"u":"1,91 €/KG","img":"https://fd9-photos.leclercdrive.fr/image.ashx?id=2979337&use=l&cat=p&typeid=i","cat":315000},{"id":871,"n":"Yaourts à boire DéliUp' Délisse Nature - 10x100g","p":2.85,"u":"2,85 €/KG","img":"https://fd9-photos.leclercdrive.fr/image.ashx?id=1713612&use=l&cat=p&typeid=i","cat":284415},{"id":872,"n":"Actifidus Delisse Nature - 12x125g","p":2.23,"u":"1,49 €/KG","img":"https://fd9-photos.leclercdrive.fr/image.ashx?id=2452666&use=l&cat=p&typeid=i","cat":315000},{"id":879,"n":"Fromage blanc sous mousse  Gervita nature - 4x100g","p":1.88,"u":"4,70 €/KG","img":"https://fd9-photos.leclercdrive.fr/image.ashx?id=2746157&use=l&cat=p&typeid=i","cat":284409},{"id":887,"n":"Fromage frais Délisse Fruits panachés 22%mg - 12x50g","p":1.51,"u":"2,52 €/KG","img":"https://fd9-photos.leclercdrive.fr/image.ashx?id=2922491&use=l&cat=p&typeid=i","cat":284414},{"id":890,"n":"Fromage frais Délisse Nature 3,8% MG - 12x60g","p":1.64,"u":"2,28 €/KG","img":"https://fd9-photos.leclercdrive.fr/image.ashx?id=1951840&use=l&cat=p&typeid=i","cat":284409},{"id":892,"n":"Fromage frais Duodélisse Nature - 8x100g","p":2.79,"u":"3,49 €/KG","img":"https://fd9-photos.leclercdrive.fr/image.ashx?id=2387316&use=l&cat=p&typeid=i","cat":284409},{"id":894,"n":"Fromage blanc Délisse Nature 0% MG - 8x100g","p":1.79,"u":"2,24 €/KG","img":"https://fd9-photos.leclercdrive.fr/image.ashx?id=2898817&use=l&cat=p&typeid=i","cat":315000},{"id":895,"n":"Fromage blanc Délisse Nature - 3,1% MG - 8x100g","p":1.79,"u":"2,24 €/KG","img":"https://fd9-photos.leclercdrive.fr/image.ashx?id=3012791&use=l&cat=p&typeid=i","cat":284409},{"id":899,"n":"Dessert Enfant Petits Filous Chocolat - 6x100g","p":2.25,"u":"3,75 €/KG","img":"https://fd9-photos.leclercdrive.fr/image.ashx?id=2878828&use=l&cat=p&typeid=i","cat":284414},{"id":909,"n":"Crème dessert Danette Chocolat et lait - 6x70g","p":1.62,"u":"3,86 €/KG","img":"https://fd9-photos.leclercdrive.fr/image.ashx?id=1984855&use=l&cat=p&typeid=i","cat":285041},{"id":918,"n":"Crème dessert Délisse Café - 4x125g","p":0.89,"u":"1,78 €/KG","img":"https://fd9-photos.leclercdrive.fr/image.ashx?id=2441048&use=l&cat=p&typeid=i","cat":285041},{"id":919,"n":"Crème dessert Délisse Caramel - 4x125g","p":0.91,"u":"1,82 €/KG","img":"https://fd9-photos.leclercdrive.fr/image.ashx?id=2854204&use=l&cat=p&typeid=i","cat":285041},{"id":920,"n":"Crème dessert Délisse Chocolat - 4x125g","p":0.95,"u":"1,90 €/KG","img":"https://fd9-photos.leclercdrive.fr/image.ashx?id=2854207&use=l&cat=p&typeid=i","cat":285041},{"id":921,"n":"Crème dessert Délisse Vanille - 4x125g","p":0.89,"u":"1,78 €/KG","img":"https://fd9-photos.leclercdrive.fr/image.ashx?id=2854210&use=l&cat=p&typeid=i","cat":285041},{"id":922,"n":"Crème dessert Délisse Praliné - 4x125g","p":0.95,"u":"1,90 €/KG","img":"https://fd9-photos.leclercdrive.fr/image.ashx?id=2441066&use=l&cat=p&typeid=i","cat":285041},{"id":923,"n":"Crème dessert Délisse Panaché - 12x125g","p":2.83,"u":"1,89 €/KG","img":"https://fd9-photos.leclercdrive.fr/image.ashx?id=2465211&use=l&cat=p&typeid=i","cat":285041},{"id":924,"n":"Petit pot de crème Délisse Chocolat - 4x100g","p":1.88,"u":"4,70 €/KG","img":"https://fd9-photos.leclercdrive.fr/image.ashx?id=2544967&use=l&cat=p&typeid=i","cat":285041},{"id":925,"n":"Petit pot de crème Délisse Vanille - 4x100g","p":1.74,"u":"4,35 €/KG","img":"https://fd9-photos.leclercdrive.fr/image.ashx?id=2556508&use=l&cat=p&typeid=i","cat":285041},{"id":926,"n":"Petit pot de crème Délisse Noix de coco - 4x100g","p":2.1,"u":"5,25 €/KG","img":"https://fd9-photos.leclercdrive.fr/image.ashx?id=2722387&use=l&cat=p&typeid=i","cat":285041},{"id":927,"n":"Petit pot de crème Délisse Caramel - 4x100g","p":1.85,"u":"4,63 €/KG","img":"https://fd9-photos.leclercdrive.fr/image.ashx?id=2556511&use=l&cat=p&typeid=i","cat":285041},{"id":931,"n":"Dessert Liégeois Délisse Café - 4x100g","p":0.99,"u":"2,48 €/KG","img":"https://fd9-photos.leclercdrive.fr/image.ashx?id=2630881&use=l&cat=p&typeid=i","cat":285042},{"id":932,"n":"Dessert Liégeois Délisse Chocolat - 4x100g","p":1.1,"u":"2,75 €/KG","img":"https://fd9-photos.leclercdrive.fr/image.ashx?id=2636233&use=l&cat=p&typeid=i","cat":285042},{"id":933,"n":"Dessert Liégeois Délisse Chocolat Café - 8x100g","p":2.19,"u":"2,74 €/KG","img":"https://fd9-photos.leclercdrive.fr/image.ashx?id=2630884&use=l&cat=p&typeid=i","cat":285042},{"id":934,"n":"Dessert Liégeois Délisse Chocolat - 12x100g","p":3.14,"u":"2,62 €/KG","img":"https://fd9-photos.leclercdrive.fr/image.ashx?id=2630878&use=l&cat=p&typeid=i","cat":285042},{"id":935,"n":"Dessert Liégeois Délisse Vanille Caramel - 8x100g","p":1.98,"u":"2,48 €/KG","img":"https://fd9-photos.leclercdrive.fr/image.ashx?id=2636236&use=l&cat=p&typeid=i","cat":285042},{"id":936,"n":"Riz au lait Délisse  Vanille - 4x115g","p":1.35,"u":"2,93 €/KG","img":"https://fd9-photos.leclercdrive.fr/image.ashx?id=2489107&use=l&cat=p&typeid=i","cat":284418},{"id":937,"n":"Riz au lait Délisse Rhum Raisin - 4x115g","p":1.69,"u":"3,67 €/KG","img":"https://fd9-photos.leclercdrive.fr/image.ashx?id=2595089&use=l&cat=p&typeid=i","cat":284418},{"id":938,"n":"Gâteaux de semoule Délisse 4x100g","p":2.2,"u":"5,50 €/KG","img":"https://fd9-photos.leclercdrive.fr/image.ashx?id=2544964&use=l&cat=p&typeid=i","cat":284418},{"id":939,"n":"Semoule au lait Délisse Vanille - 4x115g","p":1.09,"u":"2,37 €/KG","img":"https://fd9-photos.leclercdrive.fr/image.ashx?id=2558377&use=l&cat=p&typeid=i","cat":284418},{"id":940,"n":"Gâteaux de riz Délisse 4x100g","p":1.49,"u":"3,73 €/KG","img":"https://fd9-photos.leclercdrive.fr/image.ashx?id=2898820&use=l&cat=p&typeid=i","cat":284418},{"id":941,"n":"Mousse liégeoise Viennois  Chocolat - 8x90g","p":3.11,"u":"4,32 €/KG","img":"https://fd9-photos.leclercdrive.fr/image.ashx?id=2855043&use=l&cat=p&typeid=i","cat":284417},{"id":942,"n":"Mousse à la liégeoise Délisse Vanille - 8x80g","p":2.62,"u":"4,09 €/KG","img":"https://fd9-photos.leclercdrive.fr/image.ashx?id=3009487&use=l&cat=p&typeid=i","cat":284417},{"id":943,"n":"Mousse Délisse Chocolat noir - 4x60g","p":1.15,"u":"4,79 €/KG","img":"https://fd9-photos.leclercdrive.fr/image.ashx?id=3009493&use=l&cat=p&typeid=i","cat":284417},{"id":944,"n":"Mousse au chocolat Délisse Chocolat au lait - 4x60g","p":1.15,"u":"4,79 €/KG","img":"https://fd9-photos.leclercdrive.fr/image.ashx?id=3009496&use=l&cat=p&typeid=i","cat":284417},{"id":945,"n":"Mousse chocolat Délisse Noir et lait coulis - 8x60g","p":2.25,"u":"4,69 €/KG","img":"https://fd9-photos.leclercdrive.fr/image.ashx?id=3009499&use=l&cat=p&typeid=i","cat":284417},{"id":946,"n":"Mousse Délisse Café - 4x60g","p":1.45,"u":"6,04 €/KG","img":"https://fd9-photos.leclercdrive.fr/image.ashx?id=3009505&use=l&cat=p&typeid=i","cat":284417},{"id":947,"n":"Crème de marron Délisse 4x11,5cl","p":1.55,"u":"3,37 €/L","img":"https://fd9-photos.leclercdrive.fr/image.ashx?id=3009508&use=l&cat=p&typeid=i","cat":284417},{"id":954,"n":"Flan aux oeufs Délisse 4x100g","p":2.96,"u":"7,40 €/KG","img":"https://fd9-photos.leclercdrive.fr/image.ashx?id=2460479&use=l&cat=p&typeid=i","cat":284419},{"id":955,"n":"Ile flottante Délisse Crème anglaise - 4x100g","p":1.89,"u":"4,73 €/KG","img":"https://fd9-photos.leclercdrive.fr/image.ashx?id=2860706&use=l&cat=p&typeid=i","cat":284419},{"id":956,"n":"Baba au rhum Délisse 2x150g","p":1.49,"u":"4,97 €/KG","img":"https://fd9-photos.leclercdrive.fr/image.ashx?id=1871461&use=l&cat=p&typeid=i","cat":284419},{"id":959,"n":"Flan Délisse Vanille Caramel - 4x100g","p":0.79,"u":"1,98 €/KG","img":"https://fd9-photos.leclercdrive.fr/image.ashx?id=2851640&use=l&cat=p&typeid=i","cat":284420},{"id":960,"n":"Flan Délisse Vanille Caramel - 16x100g","p":2.52,"u":"1,58 €/KG","img":"https://fd9-photos.leclercdrive.fr/image.ashx?id=2858977&use=l&cat=p&typeid=i","cat":284420},{"id":964,"n":"Lait demi-écrémé Délisse UHT Bouteille -  1L","p":1.05,"u":"1,05 €/L","img":"https://fd9-photos.leclercdrive.fr/image.ashx?id=2981831&use=l&cat=p&typeid=i","cat":284377},{"id":965,"n":"Lait demi-écrémé Délisse UHT Bouteille -  50cl","p":0.79,"u":"1,58 €/L","img":"https://fd9-photos.leclercdrive.fr/image.ashx?id=2981858&use=l&cat=p&typeid=i","cat":284377},{"id":966,"n":"Lait entier Délisse UHT - Bouteille : 1L","p":1.29,"u":"1,29 €/L","img":"https://fd9-photos.leclercdrive.fr/image.ashx?id=2981870&use=l&cat=p&typeid=i","cat":285610},{"id":967,"n":"Lait écrémé Délisse UHT - Bouteille : 1L","p":0.99,"u":"0,99 €/L","img":"https://fd9-photos.leclercdrive.fr/image.ashx?id=2617189&use=l&cat=p&typeid=i","cat":284949},{"id":974,"n":"Lait bio Bio Village Bouteille  Demi-écrémé UHT -  1L","p":1.08,"u":"1,08 €/L","img":"https://fd9-photos.leclercdrive.fr/image.ashx?id=2981900&use=l&cat=p&typeid=i","cat":284377},{"id":979,"n":"Beurre Mini Elle&Vire  Doux - 82% MG - 16P - 200g","p":2.88,"u":"14,40 €/KG","img":"https://fd9-photos.leclercdrive.fr/image.ashx?id=2528397&use=l&cat=p&typeid=i","cat":284379},{"id":981,"n":"Beurre Montfleuri Doux - 60% MG - 250g","p":1.97,"u":"7,88 €/KG","img":"https://fd9-photos.leclercdrive.fr/image.ashx?id=2988569&use=l&cat=p&typeid=i","cat":284379},{"id":983,"n":"Beurre Tendre Les Croisés Doux - 82% MG - 250g","p":2.59,"u":"10,36 €/KG","img":"https://fd9-photos.leclercdrive.fr/image.ashx?id=2778018&use=l&cat=p&typeid=i","cat":284379},{"id":984,"n":"Beurre Extra fin Les Croisés Doux - 82% MG - 250g","p":2.95,"u":"11,80 €/KG","img":"https://fd9-photos.leclercdrive.fr/image.ashx?id=2839873&use=l&cat=p&typeid=i","cat":284379},{"id":985,"n":"Beurre de Bretagne Les Croisés Doux - 82% MG - 500g","p":4.89,"u":"9,78 €/KG","img":"https://fd9-photos.leclercdrive.fr/image.ashx?id=2943605&use=l&cat=p&typeid=i","cat":284379},{"id":986,"n":"Beurre de Baratte d'Isigny NRT AOP 82% MG - Doux - 250g","p":3.05,"u":"12,20 €/KG","img":"https://fd9-photos.leclercdrive.fr/image.ashx?id=2657274&use=l&cat=p&typeid=i","cat":284379},{"id":988,"n":"Beurre Les Croisés 80% MG  Demi-sel Extra fin - 250g","p":2.39,"u":"9,56 €/KG","img":"https://fd9-photos.leclercdrive.fr/image.ashx?id=2777949&use=l&cat=p&typeid=i","cat":284379},{"id":990,"n":"Beurre Tendre Les Croisés Doux - 82% MG - 250g","p":2.29,"u":"9,16 €/KG","img":"https://fd9-photos.leclercdrive.fr/image.ashx?id=2839890&use=l&cat=p&typeid=i","cat":284379},{"id":991,"n":"Beurre de Bretagne Les Croisés Demi-sel - 80% MG - 500g","p":4.89,"u":"9,78 €/KG","img":"https://fd9-photos.leclercdrive.fr/image.ashx?id=2943602&use=l&cat=p&typeid=i","cat":284379},{"id":1003,"n":"Crème UHT Elle & Vire Fluide Entière - 30% MG - 1L","p":5.3,"u":"5,30 €/L","img":"https://fd9-photos.leclercdrive.fr/image.ashx?id=3008554&use=l&cat=p&typeid=i","cat":284381},{"id":1005,"n":"Crème Chantilly sucrée Délisse Entière sous pression - 250g","p":1.95,"u":"7,80 €/KG","img":"https://fd9-photos.leclercdrive.fr/image.ashx?id=3002512&use=l&cat=p&typeid=i","cat":284382},{"id":1006,"n":"Crème Chantilly sucrée Délisse Allégée sous pression - 250g","p":1.85,"u":"7,40 €/KG","img":"https://fd9-photos.leclercdrive.fr/image.ashx?id=3002515&use=l&cat=p&typeid=i","cat":284382},{"id":1008,"n":"Crème entière fluide Délisse 30%mg - 3x20cl","p":2.65,"u":"4,42 €/L","img":"https://fd9-photos.leclercdrive.fr/image.ashx?id=2509977&use=l&cat=p&typeid=i","cat":284381},{"id":1009,"n":"Crème légère semi-épaisse   Délisse 18%mg - 3x20cl","p":2.09,"u":"3,48 €/L","img":"https://fd9-photos.leclercdrive.fr/image.ashx?id=3002557&use=l&cat=p&typeid=i","cat":284381},{"id":1010,"n":"Crème entière d'Isigny AOP NRT 40cl","p":2.99,"u":"7,48 €/L","img":"https://fd9-photos.leclercdrive.fr/image.ashx?id=2771022&use=l&cat=p&typeid=i","cat":284381},{"id":1011,"n":"Crème fraîche légère Délisse Epaisse - 15% MG - 20cl","p":0.7,"u":"3,50 €/L","img":"https://fd9-photos.leclercdrive.fr/image.ashx?id=1974248&use=l&cat=p&typeid=i","cat":284381},{"id":1012,"n":"Crème fraîche légère Délisse Epaisse - 15% MG  - 50cl","p":1.55,"u":"3,10 €/L","img":"https://fd9-photos.leclercdrive.fr/image.ashx?id=3002539&use=l&cat=p&typeid=i","cat":284381},{"id":1013,"n":"Crème fraîche entière Délisse Epaisse - 30% MG - 20cl","p":0.84,"u":"4,20 €/L","img":"https://fd9-photos.leclercdrive.fr/image.ashx?id=2013155&use=l&cat=p&typeid=i","cat":284381},{"id":1014,"n":"Crème fraîche entière Délisse Epaisse - 30% MG- 50cl","p":1.95,"u":"3,90 €/L","img":"https://fd9-photos.leclercdrive.fr/image.ashx?id=3002524&use=l&cat=p&typeid=i","cat":284381},{"id":1019,"n":"Jambon Italien Saint Azay x6 - 100g","p":1.75,"u":"17,50 €/KG","img":"https://fd9-photos.leclercdrive.fr/image.ashx?id=2466871&use=l&cat=p&typeid=i","cat":316007},{"id":1022,"n":"Bacon Saint Azay x15 - 150g","p":1.79,"u":"11,93 €/KG","img":"https://fd9-photos.leclercdrive.fr/image.ashx?id=2974957&use=l&cat=p&typeid=i","cat":316007},{"id":1027,"n":"Plateau charcuteries Alsace NRT 200g","p":2.04,"u":"10,20 €/KG","img":"https://fd9-photos.leclercdrive.fr/image.ashx?id=2991479&use=l&cat=p&typeid=i","cat":316012},{"id":1029,"n":"Mini saucissons secs Saint Azay Nature - 75g","p":1.29,"u":"17,20 €/KG","img":"https://fd9-photos.leclercdrive.fr/image.ashx?id=2943617&use=l&cat=p&typeid=i","cat":316006},{"id":1030,"n":"Mini Saucissons secs Saint Azay Aux noix - 75g","p":1.35,"u":"18,00 €/KG","img":"https://fd9-photos.leclercdrive.fr/image.ashx?id=2943620&use=l&cat=p&typeid=i","cat":316006},{"id":1032,"n":"Saucisse sèche Saint Azay Qualité supérieure - 300g","p":3.46,"u":"11,53 €/KG","img":"https://fd9-photos.leclercdrive.fr/image.ashx?id=2859152&use=l&cat=p&typeid=i","cat":316006},{"id":1033,"n":"Chorizo Doux Saint Azay 225g","p":1.89,"u":"8,40 €/KG","img":"https://fd9-photos.leclercdrive.fr/image.ashx?id=2293375&use=l&cat=p&typeid=i","cat":316006},{"id":1034,"n":"Chorizo Fort Saint Azay 225g","p":1.89,"u":"8,40 €/KG","img":"https://fd9-photos.leclercdrive.fr/image.ashx?id=2293378&use=l&cat=p&typeid=i","cat":316006},{"id":1035,"n":"Chorizo Extra Fort Saint Azay 225g","p":1.89,"u":"8,40 €/KG","img":"https://fd9-photos.leclercdrive.fr/image.ashx?id=2753466&use=l&cat=p&typeid=i","cat":316006},{"id":1058,"n":"Jambon serrano IGP Saint Azay 6 tranches - 100g","p":1.69,"u":"16,90 €/KG","img":"https://fd9-photos.leclercdrive.fr/image.ashx?id=2850422&use=l&cat=p&typeid=i","cat":316007},{"id":1069,"n":"Saucisses de Montbéliard IGP NRT - 250g","p":3.19,"u":"12,76 €/KG","img":"https://fd9-photos.leclercdrive.fr/image.ashx?id=2991470&use=l&cat=p&typeid=i","cat":316012},{"id":1070,"n":"Saucisse de Morteau NRT IGP - 350g","p":5.41,"u":"15,46 €/KG","img":"https://fd9-photos.leclercdrive.fr/image.ashx?id=2991464&use=l&cat=p&typeid=i","cat":316012},{"id":1071,"n":"Coppa italienne Saint Azay 10 tranches 100 g","p":1.98,"u":"19,80 €/KG","img":"https://fd9-photos.leclercdrive.fr/image.ashx?id=2665844&use=l&cat=p&typeid=i","cat":316007},{"id":1087,"n":"Pâté en croûte St Azay 450g","p":2.65,"u":"5,89 €/KG","img":"https://fd9-photos.leclercdrive.fr/image.ashx?id=2705068&use=l&cat=p&typeid=i","cat":316003},{"id":1104,"n":"Foie gras canard IGP Périgord Entier NRT - 300g","p":23.9,"u":"79,67 €/KG","img":"https://fd9-photos.leclercdrive.fr/image.ashx?id=2807318&use=l&cat=p&typeid=i","cat":316008},{"id":1105,"n":"Carottes râpées Menu Fraîcheur  Assaisonnées - 500g","p":0.99,"u":"1,98 €/KG","img":"https://fd9-photos.leclercdrive.fr/image.ashx?id=2850811&use=l&cat=p&typeid=i","cat":333657},{"id":1106,"n":"Céleri Menu Fraîcheur  Rémoulade - 300g","p":0.99,"u":"3,30 €/KG","img":"https://fd9-photos.leclercdrive.fr/image.ashx?id=2819929&use=l&cat=p&typeid=i","cat":333657},{"id":1108,"n":"Taboulé Menu Fraîcheur A l'orientale - 500g","p":1.39,"u":"2,78 €/KG","img":"https://fd9-photos.leclercdrive.fr/image.ashx?id=2816549&use=l&cat=p&typeid=i","cat":333657},{"id":1109,"n":"Taboule Menu Fraîcheur Au poulet - 300g","p":1.39,"u":"4,63 €/KG","img":"https://fd9-photos.leclercdrive.fr/image.ashx?id=2901431&use=l&cat=p&typeid=i","cat":333657},{"id":1110,"n":"Riz cantonais Tables du Monde 400g","p":3.06,"u":"7,65 €/KG","img":"https://fd9-photos.leclercdrive.fr/image.ashx?id=2846553&use=l&cat=p&typeid=i","cat":333665},{"id":1115,"n":"Croque-monsieur Côté Croc 2x100g","p":1.36,"u":"6,80 €/KG","img":"https://fd9-photos.leclercdrive.fr/image.ashx?id=2873661&use=l&cat=p&typeid=i","cat":333671},{"id":1117,"n":"Manchons de poulet Côté Croc 250g","p":2.49,"u":"9,96 €/KG","img":"https://fd9-photos.leclercdrive.fr/image.ashx?id=2560467&use=l&cat=p&typeid=i","cat":333685},{"id":1118,"n":"Manchons de poulet Côté Croc Méxicaine - 250g","p":2.49,"u":"9,96 €/KG","img":"https://fd9-photos.leclercdrive.fr/image.ashx?id=2570031&use=l&cat=p&typeid=i","cat":333685},{"id":1119,"n":"Sandwich Côté Snack Rosette - 125g","p":0.99,"u":"7,92 €/KG","img":"https://fd9-photos.leclercdrive.fr/image.ashx?id=2794829&use=l&cat=p&typeid=i","cat":333658},{"id":1120,"n":"Sandwich Côté Snack Jambon beurre - 125g","p":0.99,"u":"7,92 €/KG","img":"https://fd9-photos.leclercdrive.fr/image.ashx?id=2619707&use=l&cat=p&typeid=i","cat":333658},{"id":1121,"n":"Sandwich Côté Snack Jambon emmental - 145g","p":1.19,"u":"8,21 €/KG","img":"https://fd9-photos.leclercdrive.fr/image.ashx?id=2609547&use=l&cat=p&typeid=i","cat":333658},{"id":1122,"n":"Sandwich Côté Snack Jambon fumé oeuf mimosa - 145g","p":1.69,"u":"13,52 €/KG","img":"https://fd9-photos.leclercdrive.fr/image.ashx?id=2609550&use=l&cat=p&typeid=i","cat":333658},{"id":1125,"n":"Cordons bleus Côté Croc Dinde - 200g","p":1.95,"u":"9,75 €/KG","img":"https://fd9-photos.leclercdrive.fr/image.ashx?id=2915113&use=l&cat=p&typeid=i","cat":333683},{"id":1133,"n":"Nuggets de Poulet Père Dodu  x10 - 200g","p":2.14,"u":"10,70 €/KG","img":"https://fd9-photos.leclercdrive.fr/image.ashx?id=2956972&use=l&cat=p&typeid=i","cat":333684},{"id":1137,"n":"Pizza Turini Chèvre lardons - 450g","p":2.58,"u":"5,73 €/KG","img":"https://fd9-photos.leclercdrive.fr/image.ashx?id=2727611&use=l&cat=p&typeid=i","cat":333679},{"id":1142,"n":"Ravioli Lustucru Selection  Boeuf - 300g","p":1.81,"u":"6,03 €/KG","img":"https://fd9-photos.leclercdrive.fr/image.ashx?id=2938659&use=l&cat=p&typeid=i","cat":333682},{"id":1144,"n":"Ravioli jambon Turini 300g","p":2.06,"u":"6,87 €/KG","img":"https://fd9-photos.leclercdrive.fr/image.ashx?id=2777997&use=l&cat=p&typeid=i","cat":333682},{"id":1145,"n":"Ravioli 4 fromages Turini 300g","p":1.49,"u":"4,97 €/KG","img":"https://fd9-photos.leclercdrive.fr/image.ashx?id=2989643&use=l&cat=p&typeid=i","cat":333682},{"id":1149,"n":"Pâte à pizza Tablier Blanc 260g","p":1.05,"u":"4,04 €/KG","img":"https://fd9-photos.leclercdrive.fr/image.ashx?id=2041773&use=l&cat=p&typeid=i","cat":333681},{"id":1150,"n":"Pâte sablée Tablier Blanc 230g","p":1.09,"u":"4,74 €/KG","img":"https://fd9-photos.leclercdrive.fr/image.ashx?id=2635898&use=l&cat=p&typeid=i","cat":333681},{"id":1151,"n":"Pâte feuilletée Tablier Blanc Au beurre - 230g","p":1.14,"u":"4,96 €/KG","img":"https://fd9-photos.leclercdrive.fr/image.ashx?id=2635895&use=l&cat=p&typeid=i","cat":333681},{"id":1152,"n":"Pâte feuilletée Tablier Blanc Prête à dérouler - 230g","p":0.74,"u":"3,22 €/KG","img":"https://fd9-photos.leclercdrive.fr/image.ashx?id=2635889&use=l&cat=p&typeid=i","cat":333681},{"id":1154,"n":"Lardons de saumon fumé Ronde des Mers - 90g","p":3.6,"u":"40,00 €/KG","img":"https://fd9-photos.leclercdrive.fr/image.ashx?id=2966240&use=l&cat=p&typeid=i","cat":285188},{"id":1163,"n":"Mini blinis Ronde des Mers x16 - 135g","p":0.99,"u":"7,33 €/KG","img":"https://fd9-photos.leclercdrive.fr/image.ashx?id=2981849&use=l&cat=p&typeid=i","cat":285191},{"id":1164,"n":"Bâtonnets surimi Pêche Océan MSC - 400g","p":2.19,"u":"5,48 €/KG","img":"https://fd9-photos.leclercdrive.fr/image.ashx?id=3004585&use=l&cat=p&typeid=i","cat":285189},{"id":1165,"n":"Bâtonnets Surimi Pêche Océan MSC - x30 - 500g","p":2.74,"u":"5,48 €/KG","img":"https://fd9-photos.leclercdrive.fr/image.ashx?id=2833099&use=l&cat=p&typeid=i","cat":285189},{"id":1166,"n":"Miettes de surimi Pêche Océan MSC - 180g","p":1.64,"u":"9,11 €/KG","img":"https://fd9-photos.leclercdrive.fr/image.ashx?id=2981861&use=l&cat=p&typeid=i","cat":285189},{"id":1167,"n":"Oeufs de lompe Ronde des mers Noir - MSC - 100g","p":2.6,"u":"26,00 €/KG","img":"https://fd9-photos.leclercdrive.fr/image.ashx?id=2981843&use=l&cat=p&typeid=i","cat":285191},{"id":1168,"n":"Filets de hareng Pêche Océan MSC - Doux - 200g","p":1.75,"u":"8,75 €/KG","img":"https://fd9-photos.leclercdrive.fr/image.ashx?id=2992489&use=l&cat=p&typeid=i","cat":285190},{"id":1169,"n":"Filets d'anchois Pêche Océan À l'huile d'olive - 105g","p":2.45,"u":"23,33 €/KG","img":"https://fd9-photos.leclercdrive.fr/image.ashx?id=2992504&use=l&cat=p&typeid=i","cat":285190},{"id":1178,"n":"Pizza Cuite sur pierre Volpone  Bolognaise - 400g","p":1.97,"u":"4,93 €/KG","img":"https://fd9-photos.leclercdrive.fr/image.ashx?id=2815208&use=l&cat=p&typeid=i","cat":284256},{"id":1179,"n":"Pizza Royale Turini Cuite au feu de bois - 440g","p":2.15,"u":"4,89 €/KG","img":"https://fd9-photos.leclercdrive.fr/image.ashx?id=2815199&use=l&cat=p&typeid=i","cat":284256},{"id":1180,"n":"Quiche Lorraine Côté Table 400g","p":2.49,"u":"6,23 €/KG","img":"https://fd9-photos.leclercdrive.fr/image.ashx?id=2869778&use=l&cat=p&typeid=i","cat":284257},{"id":1181,"n":"Tarte aux poireaux Côté Table - 400g","p":2.55,"u":"6,38 €/KG","img":"https://fd9-photos.leclercdrive.fr/image.ashx?id=2791710&use=l&cat=p&typeid=i","cat":284257},{"id":1182,"n":"Crêpes Côté Table Jambon fromage x6 - 300g","p":1.99,"u":"6,63 €/KG","img":"https://fd9-photos.leclercdrive.fr/image.ashx?id=2932402&use=l&cat=p&typeid=i","cat":319776},{"id":1183,"n":"Crêpes Côté Table Jambon fromage x20 1kg","p":3.89,"u":"3,89 €/KG","img":"https://fd9-photos.leclercdrive.fr/image.ashx?id=2932405&use=l&cat=p&typeid=i","cat":319776},{"id":1185,"n":"Steaks hachés Charal Pur Bœuf 15% MG 10x100g - 1kg","p":13.95,"u":"13,95 €/KG","img":"https://fd9-photos.leclercdrive.fr/image.ashx?id=2659300&use=l&cat=p&typeid=i","cat":319778},{"id":1186,"n":"Haché Extra Moelleux Charal 10x100g - 1kg","p":11.61,"u":"11,61 €/KG","img":"https://fd9-photos.leclercdrive.fr/image.ashx?id=2731735&use=l&cat=p&typeid=i","cat":319778},{"id":1187,"n":"Haché à l'oignon Charal 10x100g - 1kg","p":8.53,"u":"8,53 €/KG","img":"https://fd9-photos.leclercdrive.fr/image.ashx?id=2741940&use=l&cat=p&typeid=i","cat":319778},{"id":1191,"n":"Poisson Bordelaise Pêche Océan MSC - 400g","p":2.99,"u":"7,48 €/KG","img":"https://fd9-photos.leclercdrive.fr/image.ashx?id=2930081&use=l&cat=p&typeid=i","cat":319788},{"id":1192,"n":"Colin d'Alaska MSC Pêche Océan À l'oseille x2 - 400g","p":3.15,"u":"7,88 €/KG","img":"https://fd9-photos.leclercdrive.fr/image.ashx?id=2930099&use=l&cat=p&typeid=i","cat":319786},{"id":1193,"n":"Pané colin d'Alaska Pêche Océan x15 bâtonnets - MSC - 450g","p":2.27,"u":"5,04 €/KG","img":"https://fd9-photos.leclercdrive.fr/image.ashx?id=2558368&use=l&cat=p&typeid=i","cat":319788},{"id":1194,"n":"Calamars Pêche Océan A la romaine 40/60 - 500g","p":4.45,"u":"8,90 €/KG","img":"https://fd9-photos.leclercdrive.fr/image.ashx?id=2216298&use=l&cat=p&typeid=i","cat":319788},{"id":1196,"n":"Coquilles Saint-Jacques Coté Table - 4x90g","p":4.79,"u":"13,31 €/KG","img":"https://fd9-photos.leclercdrive.fr/image.ashx?id=2625071&use=l&cat=p&typeid=i","cat":319775},{"id":1197,"n":"Paëlla royale Côté Table Fruits de mer poulet 1kg","p":4.07,"u":"4,07 €/KG","img":"https://fd9-photos.leclercdrive.fr/image.ashx?id=2663353&use=l&cat=p&typeid=i","cat":284254},{"id":1198,"n":"Tomates Farcies Charal x6 - 1kg","p":7.41,"u":"7,41 €/KG","img":"https://fd9-photos.leclercdrive.fr/image.ashx?id=1748639&use=l&cat=p&typeid=i","cat":284254},{"id":1200,"n":"Poêlée paysanne Côté Table 900g","p":4.3,"u":"4,78 €/KG","img":"https://fd9-photos.leclercdrive.fr/image.ashx?id=2471670&use=l&cat=p&typeid=i","cat":319823},{"id":1201,"n":"Poêlée campagnarde Côté Table 900g","p":4.64,"u":"5,16 €/KG","img":"https://fd9-photos.leclercdrive.fr/image.ashx?id=2647414&use=l&cat=p&typeid=i","cat":319823},{"id":1202,"n":"Pâtes Carbonara Côté Table 900g","p":4.18,"u":"4,64 €/KG","img":"https://fd9-photos.leclercdrive.fr/image.ashx?id=2900064&use=l&cat=p&typeid=i","cat":284254},{"id":1211,"n":"Choux fleurs Notre Jardin Fleurettes 1kg","p":1.69,"u":"1,69 €/KG","img":"https://fd9-photos.leclercdrive.fr/image.ashx?id=2873021&use=l&cat=p&typeid=i","cat":319805},{"id":1212,"n":"Choux de Bruxelles Notre Jardin 1kg","p":1.95,"u":"1,95 €/KG","img":"https://fd9-photos.leclercdrive.fr/image.ashx?id=2873012&use=l&cat=p&typeid=i","cat":319805},{"id":1214,"n":"Haricots verts Notre jardin Très fins 1kg","p":1.82,"u":"1,82 €/KG","img":"https://fd9-photos.leclercdrive.fr/image.ashx?id=2900043&use=l&cat=p&typeid=i","cat":319805},{"id":1215,"n":"Haricots verts Notre Jardin Extra fins 1kg","p":1.85,"u":"1,85 €/KG","img":"https://fd9-photos.leclercdrive.fr/image.ashx?id=2900049&use=l&cat=p&typeid=i","cat":319805},{"id":1216,"n":"Courgettes Notre Jardin Rondelles 1kg","p":1.29,"u":"1,29 €/KG","img":"https://fd9-photos.leclercdrive.fr/image.ashx?id=2873096&use=l&cat=p&typeid=i","cat":319805},{"id":1217,"n":"Epinards Notre Jardin Branches - 1kg","p":1.3,"u":"1,30 €/KG","img":"https://fd9-photos.leclercdrive.fr/image.ashx?id=2873069&use=l&cat=p&typeid=i","cat":319805},{"id":1218,"n":"Epinards Notre Jardin Hâchés - 1kg","p":1.34,"u":"1,34 €/KG","img":"https://fd9-photos.leclercdrive.fr/image.ashx?id=2900034&use=l&cat=p&typeid=i","cat":319805},{"id":1219,"n":"Epinards Notre Jardin Hachés A la crème fraîche - 1kg","p":1.67,"u":"1,67 €/KG","img":"https://fd9-photos.leclercdrive.fr/image.ashx?id=2916656&use=l&cat=p&typeid=i","cat":319805},{"id":1220,"n":"Carottes Notre Jardin En rondelles 1kg","p":1.09,"u":"1,09 €/KG","img":"https://fd9-photos.leclercdrive.fr/image.ashx?id=2873084&use=l&cat=p&typeid=i","cat":319805},{"id":1221,"n":"Petits pois carottes Notre Jardin 1kg","p":2.25,"u":"2,25 €/KG","img":"https://fd9-photos.leclercdrive.fr/image.ashx?id=2900052&use=l&cat=p&typeid=i","cat":319805},{"id":1223,"n":"Champignons Paris Notre jardin Emincés 1kg","p":1.95,"u":"1,95 €/KG","img":"https://fd9-photos.leclercdrive.fr/image.ashx?id=2873027&use=l&cat=p&typeid=i","cat":319805},{"id":1226,"n":"Légumes potage Notre Jardin 1kg","p":1.28,"u":"1,28 €/KG","img":"https://fd9-photos.leclercdrive.fr/image.ashx?id=2916647&use=l&cat=p&typeid=i","cat":319805},{"id":1228,"n":"Poêlée de légumes Notre jardin Champêtre - 1kg","p":2.99,"u":"2,99 €/KG","img":"https://fd9-photos.leclercdrive.fr/image.ashx?id=2832867&use=l&cat=p&typeid=i","cat":319823},{"id":1229,"n":"Poêlée de légumes Notre Jardin Bretonne - 1kg","p":2.61,"u":"2,61 €/KG","img":"https://fd9-photos.leclercdrive.fr/image.ashx?id=2803951&use=l&cat=p&typeid=i","cat":319823},{"id":1238,"n":"Pommes rissolées Pom'lisse 1kg","p":1.56,"u":"1,56 €/KG","img":"https://fd9-photos.leclercdrive.fr/image.ashx?id=2704597&use=l&cat=p&typeid=i","cat":319792},{"id":1239,"n":"Frites allumettes Pom'lisse 1kg","p":1.85,"u":"1,85 €/KG","img":"https://fd9-photos.leclercdrive.fr/image.ashx?id=2699378&use=l&cat=p&typeid=i","cat":319791},{"id":1240,"n":"Frites Pom'lisse 2.5 kg","p":4.55,"u":"1,82 €/KG","img":"https://fd9-photos.leclercdrive.fr/image.ashx?id=2699390&use=l&cat=p&typeid=i","cat":319791},{"id":1242,"n":"Pom'Steak rustique Pom'Lisse Sachet - 1kg","p":2.28,"u":"2,28 €/KG","img":"https://fd9-photos.leclercdrive.fr/image.ashx?id=2704606&use=l&cat=p&typeid=i","cat":319791},{"id":1244,"n":"Potatoes Pom'lisse Finement épicées - 600g","p":1.16,"u":"1,93 €/KG","img":"https://fd9-photos.leclercdrive.fr/image.ashx?id=2699663&use=l&cat=p&typeid=i","cat":319791},{"id":1245,"n":"Pommes noisettes Pom'lisse 1kg","p":1.88,"u":"1,88 €/KG","img":"https://fd9-photos.leclercdrive.fr/image.ashx?id=3015027&use=l&cat=p&typeid=i","cat":319792},{"id":1246,"n":"Pommes dauphine Pom'lisse 500g","p":1.49,"u":"2,98 €/KG","img":"https://fd9-photos.leclercdrive.fr/image.ashx?id=2851571&use=l&cat=p&typeid=i","cat":319792},{"id":1248,"n":"Frites Pom'lisse 1kg","p":1.87,"u":"1,87 €/KG","img":"https://fd9-photos.leclercdrive.fr/image.ashx?id=2699651&use=l&cat=p&typeid=i","cat":319791},{"id":1251,"n":"Crème glacée Eskiss Vanille de Madagascar - 494g","p":1.65,"u":"3,34 €/KG","img":"https://fd9-photos.leclercdrive.fr/image.ashx?id=2982592&use=l&cat=p&typeid=i","cat":284263},{"id":1252,"n":"Glace Smicy Vanille fraise chocolat - 345g","p":2.41,"u":"6,99 €/KG","img":"https://fd9-photos.leclercdrive.fr/image.ashx?id=2951113&use=l&cat=p&typeid=i","cat":285250},{"id":1335,"n":"Liquide vaisselle Visior Citron - 750ml","p":1.2,"u":"1,60 €/L","img":"https://fd9-photos.leclercdrive.fr/image.ashx?id=2930849&use=l&cat=p&typeid=i","cat":284655},{"id":1336,"n":"Liquide vaisselle Visior Ultra Peaux sensibles 500ml","p":0.64,"u":"1,28 €/L","img":"https://fd9-photos.leclercdrive.fr/image.ashx?id=2951116&use=l&cat=p&typeid=i","cat":284655},{"id":1346,"n":"Eponges Mamison végétales Super absorbantes x3","p":1.17,"u":"0,39 €/P","img":"https://fd9-photos.leclercdrive.fr/image.ashx?id=2458052&use=l&cat=p&typeid=i","cat":284667},{"id":1358,"n":"Nettoyant Gel avec javel Clair 1L","p":1.09,"u":"1,09 €/L","img":"https://fd9-photos.leclercdrive.fr/image.ashx?id=2705062&use=l&cat=p&typeid=i","cat":284907},{"id":1359,"n":"Pastilles javel Clair x48 - 150g","p":1.65,"u":"11,00 €/KG","img":"https://fd9-photos.leclercdrive.fr/image.ashx?id=2631426&use=l&cat=p&typeid=i","cat":284661},{"id":1360,"n":"Eau de Javel Clair Parfum Eucalyptus - 2L","p":0.72,"u":"0,36 €/L","img":"https://fd9-photos.leclercdrive.fr/image.ashx?id=2949173&use=l&cat=p&typeid=i","cat":284661},{"id":1376,"n":"Lingettes nettoyantes Clair Sols muguet larges x15","p":1.14,"img":"https://fd9-photos.leclercdrive.fr/image.ashx?id=2593815&use=l&cat=p&typeid=i","cat":325364},{"id":1381,"n":"Dépoussiérant Clair meuble Cire 300ml","p":1.33,"u":"4,43 €/L","img":"https://fd9-photos.leclercdrive.fr/image.ashx?id=2819256&use=l&cat=p&typeid=i","cat":325364},{"id":1385,"n":"Spray nettoyant Vitroclen  Vitrocéramique - 250ml","p":2.43,"u":"9,72 €/L","img":"https://fd9-photos.leclercdrive.fr/image.ashx?id=2263727&use=l&cat=p&typeid=i","cat":325363},{"id":1392,"n":"Blocs wc eau bleue Syphon x2 80g","p":1.12,"u":"14,00 €/KG","img":"https://fd9-photos.leclercdrive.fr/image.ashx?id=2302537&use=l&cat=p&typeid=i","cat":284662},{"id":1400,"n":"Papier aluminium Elembal 20m","p":2.62,"img":"https://fd9-photos.leclercdrive.fr/image.ashx?id=2492252&use=l&cat=p&typeid=i","cat":334134},{"id":1401,"n":"Barquettes aluminium Elembal x10 0.5L","p":2.56,"img":"https://fd9-photos.leclercdrive.fr/image.ashx?id=2455093&use=l&cat=p&typeid=i","cat":334134},{"id":1403,"n":"Barquettes aluminium Elembal Profondes x10 1L","p":4.3,"img":"https://fd9-photos.leclercdrive.fr/image.ashx?id=2455102&use=l&cat=p&typeid=i","cat":334134},{"id":1407,"n":"Film étirable Elembal 30m","p":1.2,"img":"https://fd9-photos.leclercdrive.fr/image.ashx?id=2431191&use=l&cat=p&typeid=i","cat":334134},{"id":1412,"n":"Sacs congélation Elembal Grand modèle x25","p":1.08,"img":"https://fd9-photos.leclercdrive.fr/image.ashx?id=2169147&use=l&cat=p&typeid=i","cat":334134},{"id":1413,"n":"Sacs congélation Elembal Petit modèle x50","p":1.1,"img":"https://fd9-photos.leclercdrive.fr/image.ashx?id=2158155&use=l&cat=p&typeid=i","cat":334134},{"id":1414,"n":"Sacs poubelle 30L Elembal à liens classiques - x25","p":1.26,"u":"0,05 €/P","img":"https://fd9-photos.leclercdrive.fr/image.ashx?id=2958699&use=l&cat=p&typeid=i","cat":285168},{"id":1415,"n":"Sacs poubelle 130L Elembal à liens classiques - x10","p":4.65,"u":"0,47 €/P","img":"https://fd9-photos.leclercdrive.fr/image.ashx?id=2791743&use=l&cat=p&typeid=i","cat":285168},{"id":1416,"n":"Sacs poubelle 100L Elembal Poignées coulissantes - x10","p":1.62,"u":"0,16 €/P","img":"https://fd9-photos.leclercdrive.fr/image.ashx?id=2791731&use=l&cat=p&typeid=i","cat":285168},{"id":1417,"n":"Sacs poubelle 100L Elembal à liens classiques - x10","p":1.54,"u":"0,15 €/P","img":"https://fd9-photos.leclercdrive.fr/image.ashx?id=2791734&use=l&cat=p&typeid=i","cat":285168},{"id":1418,"n":"Sacs poubelle 50L Elembal à liens classiques - x15","p":2.19,"u":"0,15 €/P","img":"https://fd9-photos.leclercdrive.fr/image.ashx?id=2958693&use=l&cat=p&typeid=i","cat":285168},{"id":1419,"n":"Sacs poubelle Elembal 20L x20","p":1.2,"u":"0,06 €/P","img":"https://fd9-photos.leclercdrive.fr/image.ashx?id=2791728&use=l&cat=p&typeid=i","cat":285168},{"id":1421,"n":"Sacs poubelle Elembal 30L A poignées - x20","p":2.49,"u":"0,12 €/P","img":"https://fd9-photos.leclercdrive.fr/image.ashx?id=2791677&use=l&cat=p&typeid=i","cat":285168},{"id":1423,"n":"Sacs poubelle 50L Elembal Poignées coulissantes - x15","p":2.31,"u":"0,15 €/P","img":"https://fd9-photos.leclercdrive.fr/image.ashx?id=2958696&use=l&cat=p&typeid=i","cat":285168},{"id":1427,"n":"Gel douche Manava Pétales d'Orient - 250ml","p":1.15,"u":"4,60 €/L","img":"https://fd9-photos.leclercdrive.fr/image.ashx?id=2494214&use=l&cat=p&typeid=i","cat":284594},{"id":1428,"n":"Lait de douche Manava Coeur de vanille - 250ml","p":0.94,"u":"3,76 €/L","img":"https://fd9-photos.leclercdrive.fr/image.ashx?id=2456141&use=l&cat=p&typeid=i","cat":284594},{"id":1429,"n":"Gel douche Manava Boisé - 250ml","p":1.15,"u":"4,60 €/L","img":"https://fd9-photos.leclercdrive.fr/image.ashx?id=2809653&use=l&cat=p&typeid=i","cat":284594},{"id":1433,"n":"Recharge savon mains Manava Crème perles d'oranger - 250ml","p":0.68,"u":"2,72 €/L","img":"https://fd9-photos.leclercdrive.fr/image.ashx?id=2935483&use=l&cat=p&typeid=i","cat":284597},{"id":1435,"n":"Recharge savon mains Manava Crème Amande - 250ml","p":0.57,"u":"2,28 €/L","img":"https://fd9-photos.leclercdrive.fr/image.ashx?id=2935474&use=l&cat=p&typeid=i","cat":284597},{"id":1436,"n":"Lait de douche Manava Amande douce - 250ml","p":0.94,"u":"3,76 €/L","img":"https://fd9-photos.leclercdrive.fr/image.ashx?id=2771346&use=l&cat=p&typeid=i","cat":284594},{"id":1437,"n":"Lait de douche Manava Lait de coco - 250ml","p":0.94,"u":"3,76 €/L","img":"https://fd9-photos.leclercdrive.fr/image.ashx?id=2443176&use=l&cat=p&typeid=i","cat":284594},{"id":1449,"n":"Déodorant Manava fraîcheur Vanille glacée spray 200ml","p":1.39,"u":"6,95 €/L","img":"https://fd9-photos.leclercdrive.fr/image.ashx?id=2656445&use=l&cat=p&typeid=i","cat":284595},{"id":1464,"n":"Rasoirs jetables Bic 1 Sensitive - x10","p":1.31,"u":"0,13 €/P","img":"https://fd9-photos.leclercdrive.fr/image.ashx?id=2218035&use=l&cat=p&typeid=i","cat":284616},{"id":1473,"n":"Gel à raser Carré Homme Hydratant 200ml","p":1.69,"u":"8,45 €/L","img":"https://fd9-photos.leclercdrive.fr/image.ashx?id=2771582&use=l&cat=p&typeid=i","cat":284617},{"id":1474,"n":"Rasoirs jetables Carré Homme 2 lames - x10","p":1.5,"u":"0,15 €/P","img":"https://fd9-photos.leclercdrive.fr/image.ashx?id=2704603&use=l&cat=p&typeid=i","cat":284616},{"id":1481,"n":"Dentifrice Dentamyl Protection caries - 75ml","p":0.73,"u":"9,73 €/L","img":"https://fd9-photos.leclercdrive.fr/image.ashx?id=2699129&use=l&cat=p&typeid=i","cat":284612},{"id":1482,"n":"Dentifrice enfant Dentamyl Fraise - 3-6 ans - 50ml","p":0.89,"u":"17,80 €/L","img":"https://fd9-photos.leclercdrive.fr/image.ashx?id=2075188&use=l&cat=p&typeid=i","cat":288898},{"id":1486,"n":"Brosse à dents enfant Dentamyl 2-6 ans x1","p":0.51,"img":"https://fd9-photos.leclercdrive.fr/image.ashx?id=1980485&use=l&cat=p&typeid=i","cat":288897},{"id":1488,"n":"Mouchoirs blancs 4 plis Caresse Mouchoirs papier Lotion x12","p":2.28,"u":"0,19 €/P","img":"https://fd9-photos.leclercdrive.fr/image.ashx?id=2572993&use=l&cat=p&typeid=i","cat":284638},{"id":1627,"n":"Lingettes bébé Mots d'Enfants Ultra-douces - x72","p":1.75,"u":"0,02 €/P","img":"https://fd9-photos.leclercdrive.fr/image.ashx?id=2856447&use=l&cat=p&typeid=i","cat":284738},{"id":1637,"n":"Change + 2 slips maille Chorys Anatomiques - Homme/Femme - x20","p":15.94,"u":"0,80 €/P","img":"https://fd9-photos.leclercdrive.fr/image.ashx?id=2623660&use=l&cat=p&typeid=i","cat":284628},{"id":1640,"n":"Protection incontinence Chorys Rectangulaire - x24","p":4.62,"u":"0,19 €/P","img":"https://fd9-photos.leclercdrive.fr/image.ashx?id=2761980&use=l&cat=p&typeid=i","cat":284628},{"id":1665,"n":"Feuilles blanches Esquisse A4 90g - 500 feuilles","p":5.9,"img":"https://fd9-photos.leclercdrive.fr/image.ashx?id=2943193&use=l&cat=p&typeid=i","cat":284697},{"id":1666,"n":"Feuilles blanches Esquisse A4 80g - 500 feuilles","p":4.69,"img":"https://fd9-photos.leclercdrive.fr/image.ashx?id=2943196&use=l&cat=p&typeid=i","cat":284697},{"id":1683,"n":"Piles alcalines Foxter AAA/LR3 1,5V - x4","p":0.98,"img":"https://fd9-photos.leclercdrive.fr/image.ashx?id=2162150&use=l&cat=p&typeid=i","cat":300572},{"id":1686,"n":"Pile Foxter 9V/6LR61 - x1","p":1.99,"img":"https://fd9-photos.leclercdrive.fr/image.ashx?id=2162159&use=l&cat=p&typeid=i","cat":300572},{"id":1729,"n":"Croquettes chiens Lydog poulet Petit chien - Poulet - 1kg","p":2.92,"u":"2,92 €/KG","img":"https://fd9-photos.leclercdrive.fr/image.ashx?id=2895762&use=l&cat=p&typeid=i","cat":294526},{"id":1730,"n":"Barquette chiens Lydog Au Saumon et Truite - 300g","p":1.45,"u":"4,83 €/KG","img":"https://fd9-photos.leclercdrive.fr/image.ashx?id=2042433&use=l&cat=p&typeid=i","cat":284673},{"id":1735,"n":"Croquettes chiens Tous Mes Amis Spécial Forme - 10kg","p":12.25,"u":"1,23 €/KG","img":"https://fd9-photos.leclercdrive.fr/image.ashx?id=1972608&use=l&cat=p&typeid=i","cat":284672},{"id":1751,"n":"Croquettes chat Purina One Adulte - Saumon/Céréales - 450g","p":2.54,"u":"5,64 €/KG","img":"https://fd9-photos.leclercdrive.fr/image.ashx?id=2683220&use=l&cat=p&typeid=i","cat":284680},{"id":1753,"n":"Croquettes chat Purina One Adulte - Saumon/Céréales -1.5kg","p":6.62,"u":"4,41 €/KG","img":"https://fd9-photos.leclercdrive.fr/image.ashx?id=2902268&use=l&cat=p&typeid=i","cat":284680},{"id":1754,"n":"Croquettes chat Purina One Adulte - Poulet/Céréales - 3kg","p":12.05,"u":"4,02 €/KG","img":"https://fd9-photos.leclercdrive.fr/image.ashx?id=2432007&use=l&cat=p&typeid=i","cat":284680},{"id":1755,"n":"Bouchées chiens Lydog Adulte - Boeuf - 4kg","p":7.49,"u":"1,87 €/KG","img":"https://fd9-photos.leclercdrive.fr/image.ashx?id=2907162&use=l&cat=p&typeid=i","cat":284672},{"id":1756,"n":"Emincés en sauce Tous mes amis pour chats -  800g","p":1.45,"u":"1,81 €/KG","img":"https://fd9-photos.leclercdrive.fr/image.ashx?id=2606798&use=l&cat=p&typeid=i","cat":285601},{"id":1762,"n":"Croquettes chat Tous mes amis Poulet légumes - 4kg","p":5.76,"u":"1,44 €/KG","img":"https://fd9-photos.leclercdrive.fr/image.ashx?id=2301406&use=l&cat=p&typeid=i","cat":284680},{"id":1763,"n":"Croquettes chat Tous mes amis Boeuf Poulet Légumes - 2kg","p":2.79,"u":"1,40 €/KG","img":"https://fd9-photos.leclercdrive.fr/image.ashx?id=2739724&use=l&cat=p&typeid=i","cat":284680},{"id":1764,"n":"Croquettes chat Tous mes amis Poulet dinde canard olive - 2kg","p":3.62,"u":"1,81 €/KG","img":"https://fd9-photos.leclercdrive.fr/image.ashx?id=2301400&use=l&cat=p&typeid=i","cat":284680},{"id":1765,"n":"Croquettes chat Tous mes amis Saumon & Légumes - 2kg","p":2.79,"u":"1,40 €/KG","img":"https://fd9-photos.leclercdrive.fr/image.ashx?id=2301394&use=l&cat=p&typeid=i","cat":284680},{"id":1768,"n":"Barquette chats Tous mes amis à l'agneau - 100g","p":0.62,"u":"6,20 €/KG","img":"https://fd9-photos.leclercdrive.fr/image.ashx?id=2052760&use=l&cat=p&typeid=i","cat":285286},{"id":1769,"n":"Barquette chats Lycat au Foie et Volaille - 100g","p":0.59,"u":"5,90 €/KG","img":"https://fd9-photos.leclercdrive.fr/image.ashx?id=2042415&use=l&cat=p&typeid=i","cat":285286},{"id":1770,"n":"Barquette chats Tous mes amis au Saumon 100g","p":0.58,"u":"5,80 €/KG","img":"https://fd9-photos.leclercdrive.fr/image.ashx?id=2042412&use=l&cat=p&typeid=i","cat":285286},{"id":1771,"n":"Terrines chats Tous mes amis Délices Multi-viandes - 3x400g","p":2.97,"u":"2,48 €/KG","img":"https://fd9-photos.leclercdrive.fr/image.ashx?id=2860703&use=l&cat=p&typeid=i","cat":285601},{"id":1772,"n":"Sachet repas chat Tous mes amis Poissons en gelée - 12x100g","p":3.65,"u":"3,04 €/KG","img":"https://fd9-photos.leclercdrive.fr/image.ashx?id=2027592&use=l&cat=p&typeid=i","cat":285286},{"id":1775,"n":"Litière minérale Catsan Hygiène plus pour chat - 10L","p":5.19,"u":"0,52 €/L","img":"https://fd9-photos.leclercdrive.fr/image.ashx?id=2692677&use=l&cat=p&typeid=i","cat":284683},{"id":1776,"n":"Litière chats Eco+ 7L","p":1.2,"u":"0,17 €/L","img":"https://fd9-photos.leclercdrive.fr/image.ashx?id=2757509&use=l&cat=p&typeid=i","cat":284683},{"id":1786,"n":"Blocs WC Syphon Activ' effect Fraîcheur marine x3","p":1.22,"u":"0,41 €/P","img":"https://fd9-photos.leclercdrive.fr/image.ashx?id=2317294&use=l&cat=p&typeid=i","cat":284662},{"id":1795,"n":"Lingettes nettoyantes Clair Multi-surfaces citron x50","p":1.38,"u":"0,03 €/P","img":"https://fd9-photos.leclercdrive.fr/image.ashx?id=2835193&use=l&cat=p&typeid=i","cat":325358},{"id":1798,"n":"Eponges Multi-usages Mamison grattantes - x3","p":0.89,"u":"0,30 €/P","img":"https://fd9-photos.leclercdrive.fr/image.ashx?id=2202341&use=l&cat=p&typeid=i","cat":284667},{"id":1799,"n":"Haricots verts Notre Jardin Très fins - 3x110g","p":1.83,"u":"5,55 €/KG","img":"https://fd9-photos.leclercdrive.fr/image.ashx?id=2537355&use=l&cat=p&typeid=i","cat":312606},{"id":1800,"n":"Lingettes nettoyantes Clair Muguet x50","p":1.72,"u":"0,03 €/P","img":"https://fd9-photos.leclercdrive.fr/image.ashx?id=2835196&use=l&cat=p&typeid=i","cat":325358},{"id":1801,"n":"Boules inox Mamison x2","p":0.44,"img":"https://fd9-photos.leclercdrive.fr/image.ashx?id=555602&use=l&cat=p&typeid=i","cat":284667},{"id":1802,"n":"Insecticide Insectivor cafards Fourmis araignées 400ml","p":2.49,"u":"6,23 €/L","img":"https://fd9-photos.leclercdrive.fr/image.ashx?id=1929304&use=l&cat=p&typeid=i","cat":298368},{"id":1804,"n":"Asperges vertes miniatures  Notre Jardin - 100g","p":1.49,"u":"14,90 €/KG","img":"https://fd9-photos.leclercdrive.fr/image.ashx?id=2591515&use=l&cat=p&typeid=i","cat":312611},{"id":1806,"n":"Insecticide Insectivor guêpes Mouches moustiques - 400ml","p":2.22,"u":"5,55 €/L","img":"https://fd9-photos.leclercdrive.fr/image.ashx?id=2835008&use=l&cat=p&typeid=i","cat":298368},{"id":1810,"n":"Gel nettoyant wc Syphon 750ml","p":1.03,"u":"1,37 €/L","img":"https://fd9-photos.leclercdrive.fr/image.ashx?id=2558775&use=l&cat=p&typeid=i","cat":284662},{"id":1812,"n":"Gel nettoyant wc Syphon 750ml","p":0.66,"u":"0,88 €/L","img":"https://fd9-photos.leclercdrive.fr/image.ashx?id=2067935&use=l&cat=p&typeid=i","cat":284662},{"id":1816,"n":"Déboucheur canalisations Syphon Gel 1L","p":1.39,"u":"1,39 €/L","img":"https://fd9-photos.leclercdrive.fr/image.ashx?id=2202347&use=l&cat=p&typeid=i","cat":284908},{"id":1821,"n":"Confiture Bonne Maman Figues violettes - 370g","p":1.91,"u":"5,16 €/KG","img":"https://fd9-photos.leclercdrive.fr/image.ashx?id=2547477&use=l&cat=p&typeid=i","cat":284480},{"id":1822,"n":"Confiture Bonne Maman Myrtilles - 370g","p":3.0,"u":"8,11 €/KG","img":"https://fd9-photos.leclercdrive.fr/image.ashx?id=2132361&use=l&cat=p&typeid=i","cat":284480},{"id":1825,"n":"Confiture Bonne Maman Cerises griottes - 370g","p":2.59,"u":"7,00 €/KG","img":"https://fd9-photos.leclercdrive.fr/image.ashx?id=2474981&use=l&cat=p&typeid=i","cat":284480},{"id":1826,"n":"Confiture Douceur du Verger Abricots - Allégée - 340g","p":1.05,"u":"3,09 €/KG","img":"https://fd9-photos.leclercdrive.fr/image.ashx?id=2965440&use=l&cat=p&typeid=i","cat":284480},{"id":1828,"n":"Confiture Bonne Maman Framboises - 370g","p":2.52,"u":"6,81 €/KG","img":"https://fd9-photos.leclercdrive.fr/image.ashx?id=2544807&use=l&cat=p&typeid=i","cat":284480},{"id":1833,"n":"Confiture Douceur du Verger Fraises - 340g","p":1.05,"u":"3,09 €/KG","img":"https://fd9-photos.leclercdrive.fr/image.ashx?id=2965431&use=l&cat=p&typeid=i","cat":284480},{"id":1835,"n":"Confiture Douceur du Verger Orange 340g","p":0.99,"u":"2,83 €/KG","img":"https://fd9-photos.leclercdrive.fr/image.ashx?id=2965434&use=l&cat=p&typeid=i","cat":284480},{"id":1845,"n":"Barres de céréales Frosties Kellogg's - 6x25g","p":1.89,"u":"12,60 €/KG","img":"https://fd9-photos.leclercdrive.fr/image.ashx?id=2300062&use=l&cat=p&typeid=i","cat":285869},{"id":1846,"n":"Compote Douceur du Verger Gourdes Pomme Fraise - 4x90g","p":1.39,"u":"3,86 €/KG","img":"https://fd9-photos.leclercdrive.fr/image.ashx?id=2837024&use=l&cat=p&typeid=i","cat":284508},{"id":1847,"n":"Barres céréales Fitness Nestlé Chocolat - 6x23.5g","p":1.99,"u":"14,11 €/KG","img":"https://fd9-photos.leclercdrive.fr/image.ashx?id=2947009&use=l&cat=p&typeid=i","cat":285869},{"id":1850,"n":"Chocolat au lait Tablette d'Or Céréales croustillantes 2x100g","p":2.01,"u":"10,05 €/KG","img":"https://fd9-photos.leclercdrive.fr/image.ashx?id=2555952&use=l&cat=p&typeid=i","cat":284497},{"id":1851,"n":"Chocolat au lait Tablette d'Or 3x100g","p":3.12,"u":"10,40 €/KG","img":"https://fd9-photos.leclercdrive.fr/image.ashx?id=2771508&use=l&cat=p&typeid=i","cat":284497},{"id":1861,"n":"Levure chimique Tablier Blanc x6 sachets","p":0.26,"u":"3,94 €/KG","img":"https://fd9-photos.leclercdrive.fr/image.ashx?id=2867892&use=l&cat=p&typeid=i","cat":294686},{"id":1867,"n":"Chocolat au lait Tablette d'Or Noisettes entières - 200g","p":2.31,"u":"11,55 €/KG","img":"https://fd9-photos.leclercdrive.fr/image.ashx?id=2580889&use=l&cat=p&typeid=i","cat":284497},{"id":1870,"n":"Tablette de chocolat Equador Noir 85% cacao - 100g","p":1.53,"u":"15,30 €/KG","img":"https://fd9-photos.leclercdrive.fr/image.ashx?id=2840734&use=l&cat=p&typeid=i","cat":284956},{"id":1871,"n":"Céréales mini-pack Kellogg's Multi-variétés - 215g","p":2.83,"u":"13,16 €/KG","img":"https://fd9-photos.leclercdrive.fr/image.ashx?id=3014467&use=l&cat=p&typeid=i","cat":309513},{"id":1872,"n":"Pâte à tartiner Nustikao Gressins 3x60g","p":1.8,"u":"10,00 €/KG","img":"https://fd9-photos.leclercdrive.fr/image.ashx?id=2440703&use=l&cat=p&typeid=i","cat":284488},{"id":1873,"n":"Petits pains grillés Epi d'Or Complet - 225g","p":0.89,"u":"3,96 €/KG","img":"https://fd9-photos.leclercdrive.fr/image.ashx?id=2726491&use=l&cat=p&typeid=i","cat":284479},{"id":1878,"n":"Compote Douceur du Verger Coupelle pomme pêche - 4x100g","p":1.19,"u":"2,98 €/KG","img":"https://fd9-photos.leclercdrive.fr/image.ashx?id=2663464&use=l&cat=p&typeid=i","cat":284508},{"id":1879,"n":"Compote Douceur du Verger Coupelle pomme poire - 4x100g","p":1.17,"u":"2,93 €/KG","img":"https://fd9-photos.leclercdrive.fr/image.ashx?id=2663470&use=l&cat=p&typeid=i","cat":284508},{"id":1883,"n":"Compote Douceur du Verger Gourdes Pomme Banane - 4x90g","p":1.59,"u":"4,42 €/KG","img":"https://fd9-photos.leclercdrive.fr/image.ashx?id=2837027&use=l&cat=p&typeid=i","cat":284508},{"id":1884,"n":"Compote Douceur du Verger Gourdes Pomme - 4x90g","p":0.99,"u":"2,75 €/KG","img":"https://fd9-photos.leclercdrive.fr/image.ashx?id=2837021&use=l&cat=p&typeid=i","cat":284508},{"id":1885,"n":"Haricots verts Notre Jardin Extra fins - 440g","p":2.58,"u":"5,86 €/KG","img":"https://fd9-photos.leclercdrive.fr/image.ashx?id=2050618&use=l&cat=p&typeid=i","cat":312606},{"id":1886,"n":"Petits pois Notre Jardin A l'étuvée - Extra fins - 560g","p":1.29,"u":"2,30 €/KG","img":"https://fd9-photos.leclercdrive.fr/image.ashx?id=2526267&use=l&cat=p&typeid=i","cat":312607},{"id":1887,"n":"Champignons Paris Notre Jardin Pieds et morceaux - 3x115g","p":1.99,"u":"5,77 €/KG","img":"https://fd9-photos.leclercdrive.fr/image.ashx?id=2724693&use=l&cat=p&typeid=i","cat":312610},{"id":1888,"n":"Flageolets verts Notre Jardin Extra fins - 530g","p":1.29,"u":"2,43 €/KG","img":"https://fd9-photos.leclercdrive.fr/image.ashx?id=2468819&use=l&cat=p&typeid=i","cat":312606},{"id":1889,"n":"Macédoine légumes Notre Jardin 3x130g","p":1.75,"u":"4,49 €/KG","img":"https://fd9-photos.leclercdrive.fr/image.ashx?id=2537349&use=l&cat=p&typeid=i","cat":312612},{"id":1890,"n":"Choux Bruxelles Notre Jardin 265g","p":1.29,"u":"4,87 €/KG","img":"https://fd9-photos.leclercdrive.fr/image.ashx?id=2913654&use=l&cat=p&typeid=i","cat":312612},{"id":1893,"n":"Sardines Pêche Océan Huile d'olive - 135g","p":1.24,"u":"9,19 €/KG","img":"https://fd9-photos.leclercdrive.fr/image.ashx?id=2550375&use=l&cat=p&typeid=i","cat":305146},{"id":1895,"n":"Foie de morue Connétable MSC - Fumé - 121g","p":2.4,"u":"19,83 €/KG","img":"https://fd9-photos.leclercdrive.fr/image.ashx?id=2804454&use=l&cat=p&typeid=i","cat":305147},{"id":1897,"n":"Pâté NRT Campagne porc breton - 200g","p":1.91,"u":"9,55 €/KG","img":"https://fd9-photos.leclercdrive.fr/image.ashx?id=2560494&use=l&cat=p&typeid=i","cat":305149},{"id":1898,"n":"Cassoulet Côté Table 840g","p":2.19,"u":"2,61 €/KG","img":"https://fd9-photos.leclercdrive.fr/image.ashx?id=2977096&use=l&cat=p&typeid=i","cat":284440},{"id":1901,"n":"Taboulé Côté Table Etui 730g","p":1.87,"u":"2,56 €/KG","img":"https://fd9-photos.leclercdrive.fr/image.ashx?id=2977093&use=l&cat=p&typeid=i","cat":325094},{"id":1902,"n":"Chips à l'ancienne Pom'Lisse Nature - 150g","p":1.04,"u":"6,93 €/KG","img":"https://fd9-photos.leclercdrive.fr/image.ashx?id=2724829&use=l&cat=p&typeid=i","cat":284447},{"id":1903,"n":"Saucisses cocktail Tokapi  240g","p":1.95,"u":"8,13 €/KG","img":"https://fd9-photos.leclercdrive.fr/image.ashx?id=2943614&use=l&cat=p&typeid=i","cat":284450},{"id":1906,"n":"Huile de tournesol Lesieur  1L","p":2.68,"u":"2,68 €/L","img":"https://fd9-photos.leclercdrive.fr/image.ashx?id=2916839&use=l&cat=p&typeid=i","cat":284453},{"id":1907,"n":"Vinaigre de Xérès AOP Maille 50cl","p":2.8,"u":"5,60 €/L","img":"https://fd9-photos.leclercdrive.fr/image.ashx?id=2769624&use=l&cat=p&typeid=i","cat":298543},{"id":1909,"n":"Olives vertes Rustica Entières - 200g","p":1.24,"u":"6,20 €/KG","img":"https://fd9-photos.leclercdrive.fr/image.ashx?id=2499073&use=l&cat=p&typeid=i","cat":284458},{"id":1913,"n":"Pâtes Barilla Coquillettes - 500g","p":0.97,"u":"1,94 €/KG","img":"https://fd9-photos.leclercdrive.fr/image.ashx?id=2392218&use=l&cat=p&typeid=i","cat":284427},{"id":1925,"n":"Petits beurre P'tit Déli x24 - 200g","p":0.95,"u":"4,75 €/KG","img":"https://fd9-photos.leclercdrive.fr/image.ashx?id=1898886&use=l&cat=p&typeid=i","cat":284487},{"id":1935,"n":"Café Soluble Nescafé Sélection - 200g","p":6.15,"u":"30,75 €/KG","img":"https://fd9-photos.leclercdrive.fr/image.ashx?id=2968847&use=l&cat=p&typeid=i","cat":284843},{"id":1937,"n":"Filtre à café Plantation n°4 - x80 + 1 détartrant","p":1.35,"u":"0,02 €/P","img":"https://fd9-photos.leclercdrive.fr/image.ashx?id=2756937&use=l&cat=p&typeid=i","cat":284751},{"id":1939,"n":"Infusion Tiséa verveine menthe x25","p":0.92,"u":"23,00 €/KG","img":"https://fd9-photos.leclercdrive.fr/image.ashx?id=2441102&use=l&cat=p&typeid=i","cat":293234},{"id":1943,"n":"Confiture Bonne Maman Fraises - 750g","p":3.51,"u":"4,68 €/KG","img":"https://fd9-photos.leclercdrive.fr/image.ashx?id=2906073&use=l&cat=p&typeid=i","cat":284480},{"id":1944,"n":"Miel Nid d'Abeille A tartiner - 250 g","p":1.91,"u":"7,64 €/KG","img":"https://fd9-photos.leclercdrive.fr/image.ashx?id=2549376&use=l&cat=p&typeid=i","cat":287643},{"id":1953,"n":"Sucre n°4 Saint Louis Morceaux - 1kg","p":1.95,"u":"1,95 €/KG","img":"https://fd9-photos.leclercdrive.fr/image.ashx?id=2624236&use=l&cat=p&typeid=i","cat":284502},{"id":1955,"n":"Farine de blé T45 Tablier Blanc 1kg","p":0.69,"u":"0,69 €/KG","img":"https://fd9-photos.leclercdrive.fr/image.ashx?id=2832622&use=l&cat=p&typeid=i","cat":284503},{"id":1956,"n":"Compote Douceur du Verger Coupelle pomme banane - 4x100g","p":1.3,"u":"3,25 €/KG","img":"https://fd9-photos.leclercdrive.fr/image.ashx?id=2663461&use=l&cat=p&typeid=i","cat":284508},{"id":1961,"n":"Tablette de chocolat Equador Noir 72% cacao 100g","p":1.39,"u":"13,90 €/KG","img":"https://fd9-photos.leclercdrive.fr/image.ashx?id=2822920&use=l&cat=p&typeid=i","cat":284956},{"id":1962,"n":"Tablette de Chocolat Blanc Galak - 2x100g","p":3.0,"u":"15,00 €/KG","img":"https://fd9-photos.leclercdrive.fr/image.ashx?id=2769618&use=l&cat=p&typeid=i","cat":284957},{"id":1972,"n":"Eau minérale gazeuse Perrier  Bouteilles en verre 8x20cl","p":3.34,"u":"2,09 €/L","img":"https://fd9-photos.leclercdrive.fr/image.ashx?id=2587551&use=l&cat=p&typeid=i","cat":284536},{"id":1975,"n":"Sirop Frucci Menthe - 75cl","p":1.85,"u":"2,47 €/L","img":"https://fd9-photos.leclercdrive.fr/image.ashx?id=2842208&use=l&cat=p&typeid=i","cat":295020},{"id":1980,"n":"Pur Jus d'ananas Jafaden Brique élopack 1L","p":2.09,"u":"2,09 €/L","img":"https://fd9-photos.leclercdrive.fr/image.ashx?id=2955683&use=l&cat=p&typeid=i","cat":284916},{"id":1984,"n":"Thé glacé Fresh Tea Pêche - 2L","p":1.64,"u":"0,82 €/L","img":"https://fd9-photos.leclercdrive.fr/image.ashx?id=2715281&use=l&cat=p&typeid=i","cat":295019},{"id":1989,"n":"Whisky Sir Edward's 40%vol - 70cl","p":12.68,"u":"18,11 €/L","img":"https://fd9-photos.leclercdrive.fr/image.ashx?id=2503371&use=l&cat=p&typeid=i","cat":284547},{"id":1990,"n":"Scotch Whisky Label 5 40%vol - 70cl","p":13.01,"u":"18,59 €/L","img":"https://fd9-photos.leclercdrive.fr/image.ashx?id=2639468&use=l&cat=p&typeid=i","cat":284547},{"id":1995,"n":"Whisky Ballantine's Finest Blended Scotch 40% vol - 70cl","p":16.18,"u":"23,11 €/L","img":"https://fd9-photos.leclercdrive.fr/image.ashx?id=2981298&use=l&cat=p&typeid=i","cat":284547},{"id":1997,"n":"Whisky Clan Campbell Blended Scotch 40% vol - 70cl","p":14.99,"u":"21,41 €/L","img":"https://fd9-photos.leclercdrive.fr/image.ashx?id=2868365&use=l&cat=p&typeid=i","cat":284547},{"id":1998,"n":"Whiskey Irlandais Jameson  40% vol - 70cl","p":21.02,"u":"30,03 €/L","img":"https://fd9-photos.leclercdrive.fr/image.ashx?id=2866025&use=l&cat=p&typeid=i","cat":284547},{"id":2000,"n":"Pastis Duval 45%vol - 1L","p":17.62,"u":"17,62 €/L","img":"https://fd9-photos.leclercdrive.fr/image.ashx?id=2659656&use=l&cat=p&typeid=i","cat":284548},{"id":2001,"n":"Pastis Ricard Anisé 45% vol - 1L","p":20.05,"u":"20,05 €/L","img":"https://fd9-photos.leclercdrive.fr/image.ashx?id=2947820&use=l&cat=p&typeid=i","cat":284548},{"id":2002,"n":"Pastis de Marseille Vivalis 45%vol - 1L","p":17.02,"u":"17,02 €/L","img":"https://fd9-photos.leclercdrive.fr/image.ashx?id=2699639&use=l&cat=p&typeid=i","cat":284548},{"id":2003,"n":"Vodka premium Eristoff Original 37,5° - 70cl","p":12.87,"u":"18,39 €/L","img":"https://fd9-photos.leclercdrive.fr/image.ashx?id=2850734&use=l&cat=p&typeid=i","cat":284550},{"id":2005,"n":"Vodka Smirnoff 37.5%vol - 70cl","p":13.95,"u":"19,93 €/L","img":"https://fd9-photos.leclercdrive.fr/image.ashx?id=1897294&use=l&cat=p&typeid=i","cat":284550},{"id":2006,"n":"Vodka Novotna  Pure grain 37.5%vol - 70cl","p":10.47,"u":"14,96 €/L","img":"https://fd9-photos.leclercdrive.fr/image.ashx?id=1654441&use=l&cat=p&typeid=i","cat":284550},{"id":2007,"n":"Rhum blanc Bacardi Carta Blanca 37,5° - 70cl","p":16.15,"u":"23,07 €/L","img":"https://fd9-photos.leclercdrive.fr/image.ashx?id=2833933&use=l&cat=p&typeid=i","cat":284550},{"id":2009,"n":"Rhum ambré Negrita 40%vol - 50cl","p":7.58,"u":"15,16 €/L","img":"https://fd9-photos.leclercdrive.fr/image.ashx?id=2785112&use=l&cat=p&typeid=i","cat":284550},{"id":2010,"n":"Rhum blanc Old Nick  40%vol - 70cl","p":10.17,"u":"14,53 €/L","img":"https://fd9-photos.leclercdrive.fr/image.ashx?id=2483747&use=l&cat=p&typeid=i","cat":284550},{"id":2012,"n":"Rhum ambré Negrita 40%vol - 1L","p":14.06,"u":"14,06 €/L","img":"https://fd9-photos.leclercdrive.fr/image.ashx?id=2519633&use=l&cat=p&typeid=i","cat":284550},{"id":2019,"n":"Sucre de canne Lagoa 70cl","p":1.65,"u":"2,36 €/L","img":"https://fd9-photos.leclercdrive.fr/image.ashx?id=2966472&use=l&cat=p&typeid=i","cat":284551},{"id":2021,"n":"Apéritif Suze L'Originale 15% vol - 1L","p":9.89,"u":"9,89 €/L","img":"https://fd9-photos.leclercdrive.fr/image.ashx?id=2914462&use=l&cat=p&typeid=i","cat":284913},{"id":2025,"n":"Muscat de Rivesaltes G. d'Arria 15.5%vol - 75cl","p":4.99,"u":"6,65 €/L","img":"https://fd9-photos.leclercdrive.fr/image.ashx?id=2974744&use=l&cat=p&typeid=i","cat":284913},{"id":2028,"n":"AOP Bordeaux rouge Baron de Lestac - 75cl","p":4.0,"u":"5,33 €/L","img":"https://fd9-photos.leclercdrive.fr/image.ashx?id=2471148&use=l&cat=p&typeid=i","cat":289556},{"id":2029,"n":"AOP Bordeaux rouge Malesan - 75 cl","p":4.63,"u":"6,17 €/L","img":"https://fd9-photos.leclercdrive.fr/image.ashx?id=2917432&use=l&cat=p&typeid=i","cat":289556},{"id":2044,"n":"IGP Pays d'Oc Merlot vin rouge Vieux Carion 13% vol -75 cl","p":2.25,"u":"3,00 €/L","img":"https://fd9-photos.leclercdrive.fr/image.ashx?id=2764724&use=l&cat=p&typeid=i","cat":289556},{"id":2045,"n":"IGP Pays d'Oc vin rouge Vieux Carion 12.5% vol -75 cl","p":2.25,"u":"3,00 €/L","img":"https://fd9-photos.leclercdrive.fr/image.ashx?id=2925168&use=l&cat=p&typeid=i","cat":289556},{"id":2049,"n":"IGP Pays d'Oc Gris vin rosé Rives & Terrasses - 75cl -12,5%","p":2.89,"u":"3,85 €/L","img":"https://fd9-photos.leclercdrive.fr/image.ashx?id=2920918&use=l&cat=p&typeid=i","cat":289558},{"id":2051,"n":"IGP Pays d'Oc Syrah vin rosé Vieux Carion 12.5% vol -75 cl","p":2.25,"u":"3,00 €/L","img":"https://fd9-photos.leclercdrive.fr/image.ashx?id=2892340&use=l&cat=p&typeid=i","cat":289558},{"id":2058,"n":"IGP Pays d'Oc Sauvignon Blanc Vieux Carion 12% vol -75 cl","p":2.25,"u":"3,00 €/L","img":"https://fd9-photos.leclercdrive.fr/image.ashx?id=2879937&use=l&cat=p&typeid=i","cat":289557},{"id":2072,"n":"AOP Champagne Mumm Cordon Rouge Brut 12% vol - 75cl","p":29.14,"u":"38,85 €/L","img":"https://fd9-photos.leclercdrive.fr/image.ashx?id=3011005&use=l&cat=p&typeid=i","cat":284542},{"id":2075,"n":"AOP Champagne brut Pol Carson - 75cl","p":17.99,"u":"23,99 €/L","img":"https://fd9-photos.leclercdrive.fr/image.ashx?id=2909843&use=l&cat=p&typeid=i","cat":284542},{"id":2079,"n":"Cidre bouché Les Goelleries Breton doux 2%vol. - 75cl","p":2.12,"u":"2,83 €/L","img":"https://fd9-photos.leclercdrive.fr/image.ashx?id=2842190&use=l&cat=p&typeid=i","cat":334880},{"id":2082,"n":"AOP Crémant d'Alsace brut Rebmann - 75 cl","p":5.95,"u":"7,93 €/L","img":"https://fd9-photos.leclercdrive.fr/image.ashx?id=2888935&use=l&cat=p&typeid=i","cat":284545},{"id":2087,"n":"Jus de pomme pétillant Champomy L'Original Pomme - 75cl","p":2.73,"u":"3,64 €/L","img":"https://fd9-photos.leclercdrive.fr/image.ashx?id=2688683&use=l&cat=p&typeid=i","cat":289460},{"id":2090,"n":"Emmental fromage bloc Les Croisés - 500g","p":4.19,"u":"8,38 €/KG","img":"https://fd9-photos.leclercdrive.fr/image.ashx?id=2897775&use=l&cat=p&typeid=i","cat":314034},{"id":2092,"n":"Bûche de chèvre Saint-Maure LEs Croisés 25% MG - 200g","p":2.06,"u":"10,30 €/KG","img":"https://fd9-photos.leclercdrive.fr/image.ashx?id=2894719&use=l&cat=p&typeid=i","cat":314031},{"id":2095,"n":"Emmental Fromage râpé Les Croisés - 3x70g","p":1.89,"u":"9,00 €/KG","img":"https://fd9-photos.leclercdrive.fr/image.ashx?id=2949406&use=l&cat=p&typeid=i","cat":314035},{"id":2104,"n":"Mousse à la liégeoise Délisse Chocolat - 8x80g","p":2.35,"u":"3,67 €/KG","img":"https://fd9-photos.leclercdrive.fr/image.ashx?id=3009490&use=l&cat=p&typeid=i","cat":284417},{"id":2107,"n":"Lait demi-écrémé Délisse Brique UHT -  1L","p":0.99,"u":"0,99 €/L","img":"https://fd9-photos.leclercdrive.fr/image.ashx?id=2981801&use=l&cat=p&typeid=i","cat":284377},{"id":2111,"n":"Beurre Extra fin Les Croisés Doux - 82% MG - 250g","p":2.35,"u":"9,40 €/KG","img":"https://fd9-photos.leclercdrive.fr/image.ashx?id=2791224&use=l&cat=p&typeid=i","cat":284379},{"id":2114,"n":"Saucisse sèche Saint Azay Qualité supérieure - 250g","p":2.99,"u":"11,96 €/KG","img":"https://fd9-photos.leclercdrive.fr/image.ashx?id=2859149&use=l&cat=p&typeid=i","cat":316006},{"id":2121,"n":"Carottes râpées Menu Fraîcheur  Assaisonnées - 300g","p":0.69,"u":"2,30 €/KG","img":"https://fd9-photos.leclercdrive.fr/image.ashx?id=2816552&use=l&cat=p&typeid=i","cat":333657},{"id":2122,"n":"Sandwich Côté Snack Poulet mayo. allégée - 145g","p":1.12,"u":"7,72 €/KG","img":"https://fd9-photos.leclercdrive.fr/image.ashx?id=2892394&use=l&cat=p&typeid=i","cat":333658},{"id":2125,"n":"Tagliatelle fraîche Turini 350g","p":1.19,"u":"3,40 €/KG","img":"https://fd9-photos.leclercdrive.fr/image.ashx?id=2846514&use=l&cat=p&typeid=i","cat":333682},{"id":2126,"n":"Pâte brisée Tablier Blanc Prête à dérouler - 230g","p":0.65,"u":"2,83 €/KG","img":"https://fd9-photos.leclercdrive.fr/image.ashx?id=2635886&use=l&cat=p&typeid=i","cat":333681},{"id":2128,"n":"Bâtonnets Surimi Pêche Océan MSC - x12 - 200g","p":1.38,"u":"6,90 €/KG","img":"https://fd9-photos.leclercdrive.fr/image.ashx?id=3004582&use=l&cat=p&typeid=i","cat":285189},{"id":2129,"n":"Tarama Ronde des mers  Aux oeufs de cabillaud - 100g","p":0.99,"u":"9,90 €/KG","img":"https://fd9-photos.leclercdrive.fr/image.ashx?id=2824600&use=l&cat=p&typeid=i","cat":315999},{"id":2130,"n":"Filets d'anchois Pêche Océan Huile d'olive - 50g","p":1.36,"u":"27,20 €/KG","img":"https://fd9-photos.leclercdrive.fr/image.ashx?id=2992498&use=l&cat=p&typeid=i","cat":285190},{"id":2139,"n":"Gants jetables Mamison latex T7 x10","p":1.33,"img":"https://fd9-photos.leclercdrive.fr/image.ashx?id=2742688&use=l&cat=p&typeid=i","cat":284668},{"id":2166,"n":"Piles Foxter AA/LR6 1,5V - x4","p":0.99,"u":"0,25 €/P","img":"https://fd9-photos.leclercdrive.fr/image.ashx?id=2162156&use=l&cat=p&typeid=i","cat":300572},{"id":2187,"n":"Mascarpone Les Croisés - 250g","p":1.78,"u":"7,12 €/KG","img":"https://fd9-photos.leclercdrive.fr/image.ashx?id=2992507&use=l&cat=p&typeid=i","cat":314026},{"id":2192,"n":"Papier aluminium Elembal 50m","p":4.35,"img":"https://fd9-photos.leclercdrive.fr/image.ashx?id=2854201&use=l&cat=p&typeid=i","cat":334134},{"id":2193,"n":"Film étirable Elembal 2en1 20m","p":1.25,"img":"https://fd9-photos.leclercdrive.fr/image.ashx?id=2059962&use=l&cat=p&typeid=i","cat":334134},{"id":2194,"n":"Sacs congélation Elembal Moyen modèle x50","p":1.08,"img":"https://fd9-photos.leclercdrive.fr/image.ashx?id=2257205&use=l&cat=p&typeid=i","cat":334134},{"id":2195,"n":"Sacs poubelle 30L Elembal Poignées coulissantes - x20","p":2.11,"u":"0,11 €/P","img":"https://fd9-photos.leclercdrive.fr/image.ashx?id=2791740&use=l&cat=p&typeid=i","cat":285168},{"id":2200,"n":"Muffins nature Epi d'Or x4 - 250g","p":1.51,"u":"6,04 €/KG","img":"https://fd9-photos.leclercdrive.fr/image.ashx?id=2939052&use=l&cat=p&typeid=i","cat":284985},{"id":2201,"n":"Pastis 51 Anisé 45% vol - 1L","p":19.58,"u":"19,58 €/L","img":"https://fd9-photos.leclercdrive.fr/image.ashx?id=2998916&use=l&cat=p&typeid=i","cat":284548},{"id":2217,"n":"Soin dents Polident Anti-bactérien comprimés x108","p":4.27,"u":"0,04 €/P","img":"https://fd9-photos.leclercdrive.fr/image.ashx?id=2557242&use=l&cat=p&typeid=i","cat":285158},{"id":2224,"n":"Boisson lactée Candy'UP Chocolat - 6x20cl","p":2.77,"u":"2,31 €/L","img":"https://fd9-photos.leclercdrive.fr/image.ashx?id=2485635&use=l&cat=p&typeid=i","cat":295246},{"id":2236,"n":"Sucre vanillé Vahiné 10 sachets - 75g","p":1.4,"u":"18,67 €/KG","img":"https://fd9-photos.leclercdrive.fr/image.ashx?id=2490536&use=l&cat=p&typeid=i","cat":294686},{"id":2237,"n":"Arôme Fleur d'oranger Vahiné 200ml","p":1.5,"u":"7,50 €/L","img":"https://fd9-photos.leclercdrive.fr/image.ashx?id=2983231&use=l&cat=p&typeid=i","cat":284504},{"id":2238,"n":"Arôme vanille Vahiné 200ml","p":2.72,"u":"13,60 €/L","img":"https://fd9-photos.leclercdrive.fr/image.ashx?id=2490551&use=l&cat=p&typeid=i","cat":284504},{"id":2239,"n":"Gélatine alimentaire Vahiné 9 feuilles - 17g","p":1.23,"u":"72,35 €/KG","img":"https://fd9-photos.leclercdrive.fr/image.ashx?id=2876305&use=l&cat=p&typeid=i","cat":284504},{"id":2305,"n":"Lait Démaquillant Mixa  Anti-dessèchement - 200ml","p":2.93,"u":"14,65 €/L","img":"https://fd9-photos.leclercdrive.fr/image.ashx?id=2285390&use=l&cat=p&typeid=i","cat":284603},{"id":2324,"n":"Eau Micellaire vitaminée Mixa Peaux Sensibles - 200ml","p":3.1,"u":"15,50 €/L","img":"https://fd9-photos.leclercdrive.fr/image.ashx?id=2445334&use=l&cat=p&typeid=i","cat":284603},{"id":2338,"n":"Lotion Après-Rasage Mennen Apaisante - 125ml","p":3.84,"u":"30,72 €/L","img":"https://fd9-photos.leclercdrive.fr/image.ashx?id=2469620&use=l&cat=p&typeid=i","cat":288147},{"id":2373,"n":"Activateur biologique Eparcyl  Liquide fosse septique - 500 ml","p":6.71,"u":"13,42 €/L","img":"https://fd9-photos.leclercdrive.fr/image.ashx?id=2144059&use=l&cat=p&typeid=i","cat":284908},{"id":2504,"n":"Levure de bière Gerblé à saupoudrer - 150g","p":2.41,"u":"16,07 €/KG","img":"https://fd9-photos.leclercdrive.fr/image.ashx?id=2575036&use=l&cat=p&typeid=i","cat":288382},{"id":2510,"n":"Biscuits soja figue GERBLE   - 4x4, 270g","p":2.01,"u":"7,44 €/KG","img":"https://fd9-photos.leclercdrive.fr/image.ashx?id=2812720&use=l&cat=p&typeid=i","cat":318651},{"id":2511,"n":"Biscuits diététiques Gerblé Soja Orange - 280g","p":1.48,"u":"5,29 €/KG","img":"https://fd9-photos.leclercdrive.fr/image.ashx?id=2623166&use=l&cat=p&typeid=i","cat":318651},{"id":2521,"n":"Abricots secs Couleurs Vives Moelleux - 250g","p":2.44,"u":"9,76 €/KG","img":"https://fd9-photos.leclercdrive.fr/image.ashx?id=2873655&use=l&cat=p&typeid=i","cat":284357},{"id":2524,"n":"Amandes Couleurs Vives En poudre - 125g","p":1.97,"u":"15,76 €/KG","img":"https://fd9-photos.leclercdrive.fr/image.ashx?id=2211191&use=l&cat=p&typeid=i","cat":284504},{"id":2525,"n":"Cerneaux noix Couleurs Vives 125g","p":1.78,"u":"14,83 €/KG","img":"https://fd9-photos.leclercdrive.fr/image.ashx?id=2886436&use=l&cat=p&typeid=i","cat":284357},{"id":2529,"n":"Salade composée Notre Jardin 400g","p":1.24,"u":"3,10 €/KG","img":"https://fd9-photos.leclercdrive.fr/image.ashx?id=2663269&use=l&cat=p&typeid=i","cat":284353},{"id":2530,"n":"Salade Notre Jardin Mâche - 125g","p":0.95,"u":"7,60 €/KG","img":"https://fd9-photos.leclercdrive.fr/image.ashx?id=2739514&use=l&cat=p&typeid=i","cat":284353},{"id":2531,"n":"Salade Notre Jardin Coeurs de laitue - 200g","p":0.99,"u":"4,95 €/KG","img":"https://fd9-photos.leclercdrive.fr/image.ashx?id=2686323&use=l&cat=p&typeid=i","cat":284353},{"id":2532,"n":"Laitue Iceberg Notre Jardin 300g","p":0.89,"u":"2,97 €/KG","img":"https://fd9-photos.leclercdrive.fr/image.ashx?id=2720151&use=l&cat=p&typeid=i","cat":284353},{"id":2571,"n":"Gel Coiffant L'Oréal Paris Ultra Fixant 24H - 150ml","p":3.49,"u":"23,27 €/L","img":"https://fd9-photos.leclercdrive.fr/image.ashx?id=2576163&use=l&cat=p&typeid=i","cat":284609},{"id":2588,"n":"Eau minérale Thonon 6x1.5L","p":2.76,"u":"0,31 €/L","img":"https://fd9-photos.leclercdrive.fr/image.ashx?id=2915557&use=l&cat=p&typeid=i","cat":284535},{"id":2593,"n":"Eau minérale naturelle Contrex 6x50cl","p":2.16,"u":"0,72 €/L","img":"https://fd9-photos.leclercdrive.fr/image.ashx?id=2731714&use=l&cat=p&typeid=i","cat":284535},{"id":2612,"n":"Lait demi-écrémé UHT Délisse  Brique - 6x1L","p":5.94,"u":"0,99 €/L","img":"https://fd9-photos.leclercdrive.fr/image.ashx?id=2970539&use=l&cat=p&typeid=i","cat":284377},{"id":2613,"n":"Lait demi-écrémé UHT Délisse Bouteille - 6x1L","p":6.3,"u":"1,05 €/L","img":"https://fd9-photos.leclercdrive.fr/image.ashx?id=2970533&use=l&cat=p&typeid=i","cat":284377},{"id":2614,"n":"Lait demi-écrémé Délisse UHT Bouteille -  6x50cl","p":4.74,"u":"1,58 €/L","img":"https://fd9-photos.leclercdrive.fr/image.ashx?id=2970560&use=l&cat=p&typeid=i","cat":284377},{"id":2619,"n":"Lait bio Bio Village Bouteille  Demi-écrémé UHT -  6x1L","p":6.48,"u":"1,08 €/L","img":"https://fd9-photos.leclercdrive.fr/image.ashx?id=2969997&use=l&cat=p&typeid=i","cat":284377},{"id":2623,"n":"Joker Pur Jus Engagé  Multifruits - 1L","p":2.36,"u":"2,36 €/L","img":"https://fd9-photos.leclercdrive.fr/image.ashx?id=3001287&use=l&cat=p&typeid=i","cat":284917},{"id":2638,"n":"Eau minérale Courmayeur 6x1.5L","p":2.58,"u":"0,29 €/L","img":"https://fd9-photos.leclercdrive.fr/image.ashx?id=2964105&use=l&cat=p&typeid=i","cat":284535},{"id":2649,"n":"Eau de source de Montagne 6x1.5L","p":1.68,"u":"0,19 €/L","img":"https://fd9-photos.leclercdrive.fr/image.ashx?id=2727617&use=l&cat=p&typeid=i","cat":284535},{"id":2650,"n":"Whisky William Lawson's Finest Blend 40° - 100cl","p":18.18,"u":"18,18 €/L","img":"https://fd9-photos.leclercdrive.fr/image.ashx?id=2966134&use=l&cat=p&typeid=i","cat":284547},{"id":2722,"n":"Yaourts aromatisés Délisse Vanille - 8x125g","p":2.58,"u":"2,58 €/KG","img":"https://fd9-photos.leclercdrive.fr/image.ashx?id=2816121&use=l&cat=p&typeid=i","cat":286006},{"id":2724,"n":"Crème caramel Délisse 4x100g","p":1.49,"u":"3,73 €/KG","img":"https://fd9-photos.leclercdrive.fr/image.ashx?id=2460482&use=l&cat=p&typeid=i","cat":284419},{"id":2729,"n":"Pistaches grillées à sec Tokapi 300g","p":3.86,"u":"12,87 €/KG","img":"https://fd9-photos.leclercdrive.fr/image.ashx?id=2795541&use=l&cat=p&typeid=i","cat":284448},{"id":2737,"n":"Eau minérale Des Alpes  6x1.5L","p":2.1,"u":"0,23 €/L","img":"https://fd9-photos.leclercdrive.fr/image.ashx?id=2768667&use=l&cat=p&typeid=i","cat":284535},{"id":2742,"n":"Eau gazeuse San Pellegrino Minérale naturelle - 6x1L","p":3.84,"u":"0,64 €/L","img":"https://fd9-photos.leclercdrive.fr/image.ashx?id=2740316&use=l&cat=p&typeid=i","cat":284536},{"id":2749,"n":"Lait entier Délisse UHT - Bouteille : 6x1L","p":7.74,"u":"1,29 €/L","img":"https://fd9-photos.leclercdrive.fr/image.ashx?id=2970569&use=l&cat=p&typeid=i","cat":285610},{"id":2750,"n":"Lait écrémé Délisse UHT - Bouteille : 6x1L","p":5.94,"u":"0,99 €/L","img":"https://fd9-photos.leclercdrive.fr/image.ashx?id=2970578&use=l&cat=p&typeid=i","cat":284949},{"id":2776,"n":"Crème Mains Réparatrice Mixa Mains abîmées - 100ml","p":2.31,"u":"23,10 €/L","img":"https://fd9-photos.leclercdrive.fr/image.ashx?id=2276024&use=l&cat=p&typeid=i","cat":325354},{"id":2777,"n":"Crème mains protectrice Mixa Anti-dessèchement - 100ml","p":2.27,"u":"22,70 €/L","img":"https://fd9-photos.leclercdrive.fr/image.ashx?id=2299873&use=l&cat=p&typeid=i","cat":325354},{"id":2779,"n":"Whisky William Lawson's Finest Blend 40° - 70cl","p":13.57,"u":"19,39 €/L","img":"https://fd9-photos.leclercdrive.fr/image.ashx?id=2848340&use=l&cat=p&typeid=i","cat":284547},{"id":2799,"n":"Fromage frais Délisse Fruits panachés - 24x50g","p":2.88,"u":"2,40 €/KG","img":"https://fd9-photos.leclercdrive.fr/image.ashx?id=2922494&use=l&cat=p&typeid=i","cat":284414},{"id":2813,"n":"Pizza Chèvre Turini Cuite au feu de bois - 420g","p":2.21,"u":"5,26 €/KG","img":"https://fd9-photos.leclercdrive.fr/image.ashx?id=2815214&use=l&cat=p&typeid=i","cat":284256},{"id":2814,"n":"Pizza 4 fromages Turini Cuite au feu de bois - 420g","p":2.23,"u":"5,31 €/KG","img":"https://fd9-photos.leclercdrive.fr/image.ashx?id=2815211&use=l&cat=p&typeid=i","cat":284256},{"id":2845,"n":"Glace Cône Nestlé Extrême Rhum raisins x6 - 426g","p":3.63,"u":"8,52 €/KG","img":"https://fd9-photos.leclercdrive.fr/image.ashx?id=2729848&use=l&cat=p&typeid=i","cat":284264},{"id":2888,"n":"Eclairs saveur chocolat 2x1p","p":3.3,"u":"1,65 €/P","img":"https://fd9-photos.leclercdrive.fr/image.ashx?id=557993&use=l&cat=p&typeid=i","cat":284360},{"id":2889,"n":"Eclairs saveur café  2x1p","p":3.3,"u":"1,65 €/P","img":"https://fd9-photos.leclercdrive.fr/image.ashx?id=557994&use=l&cat=p&typeid=i","cat":284360},{"id":2929,"n":"Biscuits raisins GERBLE   - 4x4, 270g","p":1.86,"u":"6,89 €/KG","img":"https://fd9-photos.leclercdrive.fr/image.ashx?id=2662298&use=l&cat=p&typeid=i","cat":318651},{"id":2930,"n":"Biscuits pomme noisette GERBLE   4x4 - 230g","p":1.5,"u":"6,52 €/KG","img":"https://fd9-photos.leclercdrive.fr/image.ashx?id=2967753&use=l&cat=p&typeid=i","cat":318651},{"id":2937,"n":"Biscuits goûter chocolat GERBLE  - 3x4,  250g","p":1.62,"u":"6,48 €/KG","img":"https://fd9-photos.leclercdrive.fr/image.ashx?id=2625181&use=l&cat=p&typeid=i","cat":318651},{"id":2938,"n":"Biscuits germe de blé GERBLE   - 5x5, 210g","p":1.28,"u":"6,10 €/KG","img":"https://fd9-photos.leclercdrive.fr/image.ashx?id=2573540&use=l&cat=p&typeid=i","cat":318651},{"id":2950,"n":"Biscuits lait chocolat GERBLE   - 5x4, 230g","p":1.58,"u":"6,87 €/KG","img":"https://fd9-photos.leclercdrive.fr/image.ashx?id=2575030&use=l&cat=p&typeid=i","cat":318651},{"id":2951,"n":"Biscuit chocolat GERLINEA  Encas minceur - 4x4, 200g","p":2.07,"u":"10,35 €/KG","img":"https://fd9-photos.leclercdrive.fr/image.ashx?id=2654770&use=l&cat=p&typeid=i","cat":318652},{"id":2969,"n":"Sticks et bretzels Tokapi 300g","p":1.2,"u":"4,00 €/KG","img":"https://fd9-photos.leclercdrive.fr/image.ashx?id=2431104&use=l&cat=p&typeid=i","cat":297000},{"id":2971,"n":"Chips ondulées Pom'Lisse  Nature - 150g","p":0.93,"u":"6,20 €/KG","img":"https://fd9-photos.leclercdrive.fr/image.ashx?id=2657196&use=l&cat=p&typeid=i","cat":284447},{"id":2973,"n":"Chips Pom'Lisse Barbecue - 135g","p":0.89,"u":"6,59 €/KG","img":"https://fd9-photos.leclercdrive.fr/image.ashx?id=2774046&use=l&cat=p&typeid=i","cat":284447},{"id":2988,"n":"Dessert fruits mixés Sojasun Framboise / Passion - 4x100g","p":1.68,"u":"4,20 €/KG","img":"https://fd9-photos.leclercdrive.fr/image.ashx?id=2355671&use=l&cat=p&typeid=i","cat":316071},{"id":2989,"n":"Yaourt Sojasun Morceaux de figues - 4x100g","p":1.74,"u":"4,35 €/KG","img":"https://fd9-photos.leclercdrive.fr/image.ashx?id=2389704&use=l&cat=p&typeid=i","cat":316071},{"id":3011,"n":"Sauce Mexicaine Tables du Monde Medium - 315g","p":1.49,"u":"4,73 €/KG","img":"https://fd9-photos.leclercdrive.fr/image.ashx?id=2476963&use=l&cat=p&typeid=i","cat":288993},{"id":3012,"n":"Sauce Fajitas Tables du Monde 430g","p":1.97,"u":"4,58 €/KG","img":"https://fd9-photos.leclercdrive.fr/image.ashx?id=2470228&use=l&cat=p&typeid=i","cat":288993},{"id":3013,"n":"Pain de mie 7 céréales Epi d'Or Grandes tranches - 550g","p":1.19,"u":"2,16 €/KG","img":"https://fd9-photos.leclercdrive.fr/image.ashx?id=1959532&use=l&cat=p&typeid=i","cat":284477},{"id":3028,"n":"Brioche tranchée Epi d'Or Pépites de chocolat 500g","p":2.09,"u":"4,18 €/KG","img":"https://fd9-photos.leclercdrive.fr/image.ashx?id=2867901&use=l&cat=p&typeid=i","cat":284478},{"id":3033,"n":"Pâtes fraîches Turini Fettuccini - 350g","p":1.49,"u":"4,26 €/KG","img":"https://fd9-photos.leclercdrive.fr/image.ashx?id=2882313&use=l&cat=p&typeid=i","cat":333682},{"id":3034,"n":"Fromage Parmesan Parmareggio 60g","p":1.46,"u":"24,33 €/KG","img":"https://fd9-photos.leclercdrive.fr/image.ashx?id=2975458&use=l&cat=p&typeid=i","cat":314035},{"id":3040,"n":"Beurre moulé bio Bio Village Doux - 82% MG - 250g","p":2.99,"u":"11,96 €/KG","img":"https://fd9-photos.leclercdrive.fr/image.ashx?id=2437052&use=l&cat=p&typeid=i","cat":284379},{"id":3044,"n":"Crème Anglaise Elle&Vire à la Vanille de Bourbon - 33cl","p":1.79,"u":"5,42 €/L","img":"https://fd9-photos.leclercdrive.fr/image.ashx?id=2816895&use=l&cat=p&typeid=i","cat":284382},{"id":3052,"n":"Dentifrice Menthe Fluoryl Gencives Sensibles - 75ml","p":1.86,"u":"24,80 €/L","img":"https://fd9-photos.leclercdrive.fr/image.ashx?id=2473312&use=l&cat=p&typeid=i","cat":284612},{"id":3055,"n":"Gel à raser féminin Siliss Velours abricot - 200ml","p":1.69,"u":"8,45 €/L","img":"https://fd9-photos.leclercdrive.fr/image.ashx?id=2699408&use=l&cat=p&typeid=i","cat":325352},{"id":3070,"n":"Serviette hygiénique Doulys Ultra - Normal+  - x14","p":1.29,"u":"0,09 €/P","img":"https://fd9-photos.leclercdrive.fr/image.ashx?id=2838915&use=l&cat=p&typeid=i","cat":284624},{"id":3072,"n":"Serviette hygiénique Doulys Maxi confort - Super - x16","p":1.45,"u":"0,09 €/P","img":"https://fd9-photos.leclercdrive.fr/image.ashx?id=2838912&use=l&cat=p&typeid=i","cat":284624},{"id":3089,"n":"Sauce Béchamel Elle&Vire au Lait Entier - 33cl","p":1.99,"u":"6,03 €/L","img":"https://fd9-photos.leclercdrive.fr/image.ashx?id=2835992&use=l&cat=p&typeid=i","cat":284382},{"id":3091,"n":"Cordons bleus Maître coq Poulet - 1kg","p":7.33,"u":"7,33 €/KG","img":"https://fd9-photos.leclercdrive.fr/image.ashx?id=2762103&use=l&cat=p&typeid=i","cat":333683},{"id":3093,"n":"Cake fruits P'tit déli Tranché 300g","p":1.66,"u":"5,53 €/KG","img":"https://fd9-photos.leclercdrive.fr/image.ashx?id=2823078&use=l&cat=p&typeid=i","cat":284493},{"id":3099,"n":"Mini cakes P'tit Déli  aux fruits x10","p":2.98,"u":"9,93 €/KG","img":"https://fd9-photos.leclercdrive.fr/image.ashx?id=2047019&use=l&cat=p&typeid=i","cat":284493},{"id":3100,"n":"Biscuits génoises Pim's LU Framboise - 150g","p":1.48,"u":"9,87 €/KG","img":"https://fd9-photos.leclercdrive.fr/image.ashx?id=2941877&use=l&cat=p&typeid=i","cat":284489},{"id":3106,"n":"Biscuits Cookies P'tit Déli Noix coco Chocolat - 200g","p":1.39,"u":"6,95 €/KG","img":"https://fd9-photos.leclercdrive.fr/image.ashx?id=2896853&use=l&cat=p&typeid=i","cat":325066},{"id":3107,"n":"Biscuits petit beurre LU Pocket - 300g","p":1.98,"u":"6,60 €/KG","img":"https://fd9-photos.leclercdrive.fr/image.ashx?id=3001940&use=l&cat=p&typeid=i","cat":284487},{"id":3108,"n":"Biscuits petit déjeuner Prince Céréales - 300g","p":1.96,"u":"6,53 €/KG","img":"https://fd9-photos.leclercdrive.fr/image.ashx?id=2346648&use=l&cat=p&typeid=i","cat":284491},{"id":3123,"n":"Plat bébé Blédina 8 mois  Pomme de terre poulet - 2x200g","p":3.0,"u":"7,50 €/KG","img":"https://fd9-photos.leclercdrive.fr/image.ashx?id=2975056&use=l&cat=p&typeid=i","cat":312236},{"id":3142,"n":"Café et Chicorée Soluble Ricoré  Original - 100g","p":2.78,"u":"27,80 €/KG","img":"https://fd9-photos.leclercdrive.fr/image.ashx?id=2951542&use=l&cat=p&typeid=i","cat":284843},{"id":3147,"n":"Madeleines P'tit déli coquilles 500g","p":1.7,"u":"3,40 €/KG","img":"https://fd9-photos.leclercdrive.fr/image.ashx?id=2999484&use=l&cat=p&typeid=i","cat":284492},{"id":3148,"n":"Madeleines longues P'tit déli Marbrées chocolat 250g","p":1.45,"u":"5,80 €/KG","img":"https://fd9-photos.leclercdrive.fr/image.ashx?id=2999490&use=l&cat=p&typeid=i","cat":284492},{"id":3151,"n":"Café moulu Plantation  Tradition - 250g","p":2.52,"u":"10,08 €/KG","img":"https://fd9-photos.leclercdrive.fr/image.ashx?id=2607401&use=l&cat=p&typeid=i","cat":284750},{"id":3153,"n":"Café moulu Plantation  Tradition décaféiné - 250g","p":2.95,"u":"11,80 €/KG","img":"https://fd9-photos.leclercdrive.fr/image.ashx?id=2607407&use=l&cat=p&typeid=i","cat":284750},{"id":3158,"n":"Café moulu Plantation  doux - 2x250g","p":6.88,"u":"13,76 €/KG","img":"https://fd9-photos.leclercdrive.fr/image.ashx?id=2607428&use=l&cat=p&typeid=i","cat":284750},{"id":3166,"n":"Dessert fruitier pomme Douceur du Verger 16x100g","p":2.8,"u":"1,75 €/KG","img":"https://fd9-photos.leclercdrive.fr/image.ashx?id=2442689&use=l&cat=p&typeid=i","cat":284416},{"id":3193,"n":"Aérosol désodorisant Oust Fraîcheur propre 300ml","p":1.75,"u":"5,83 €/L","img":"https://fd9-photos.leclercdrive.fr/image.ashx?id=1715230&use=l&cat=p&typeid=i","cat":311626},{"id":3200,"n":"Petits pains grillés Epi d'Or  Froment - 225g","p":0.79,"u":"3,51 €/KG","img":"https://fd9-photos.leclercdrive.fr/image.ashx?id=2496410&use=l&cat=p&typeid=i","cat":284479},{"id":3208,"n":"Confiture Allégée aux Fraises Andros - 350g","p":1.72,"u":"4,91 €/KG","img":"https://fd9-photos.leclercdrive.fr/image.ashx?id=2911229&use=l&cat=p&typeid=i","cat":284480},{"id":3215,"n":"Riz long Comptoir du Grain Etuvé - 1kg","p":1.72,"u":"1,72 €/KG","img":"https://fd9-photos.leclercdrive.fr/image.ashx?id=2076640&use=l&cat=p&typeid=i","cat":284428},{"id":3217,"n":"Riz Basmati Comptoir du Grain Sélection Riz long - 500g","p":1.35,"u":"2,70 €/KG","img":"https://fd9-photos.leclercdrive.fr/image.ashx?id=2076643&use=l&cat=p&typeid=i","cat":284428},{"id":3221,"n":"Purée pomme de terre Pom'lisse Nature - 8x125g - 1kg","p":3.19,"u":"3,19 €/KG","img":"https://fd9-photos.leclercdrive.fr/image.ashx?id=2929864&use=l&cat=p&typeid=i","cat":284431},{"id":3223,"n":"Pâtes capellini Panzani 500g","p":1.1,"u":"2,20 €/KG","img":"https://fd9-photos.leclercdrive.fr/image.ashx?id=2876038&use=l&cat=p&typeid=i","cat":284427},{"id":3225,"n":"Pâtes Lasagnes Panzani - 500G","p":1.8,"u":"3,60 €/KG","img":"https://fd9-photos.leclercdrive.fr/image.ashx?id=2896105&use=l&cat=p&typeid=i","cat":284427},{"id":3229,"n":"Biscuits galettes St Michel 2x130g","p":1.7,"u":"6,54 €/KG","img":"https://fd9-photos.leclercdrive.fr/image.ashx?id=2947721&use=l&cat=p&typeid=i","cat":284487},{"id":3239,"n":"Biscuit Petit beurre P'tit Déli Tablette chocolat noir - 150g","p":1.35,"u":"9,00 €/KG","img":"https://fd9-photos.leclercdrive.fr/image.ashx?id=2711641&use=l&cat=p&typeid=i","cat":284488},{"id":3240,"n":"Biscuit Petit beurre P'tit Déli Tablette lait noisette - 150g","p":1.61,"u":"10,73 €/KG","img":"https://fd9-photos.leclercdrive.fr/image.ashx?id=2523673&use=l&cat=p&typeid=i","cat":284488},{"id":3253,"n":"Escargots Maître Coquille De Bourgogne x48 - 355g","p":15.45,"u":"43,52 €/KG","img":"https://fd9-photos.leclercdrive.fr/image.ashx?id=1979671&use=l&cat=p&typeid=i","cat":319775},{"id":3258,"n":"Champignons Paris Notre Jardin Pieds et morceaux - 460g","p":2.29,"u":"4,98 €/KG","img":"https://fd9-photos.leclercdrive.fr/image.ashx?id=2553893&use=l&cat=p&typeid=i","cat":312610},{"id":3263,"n":"Champignons Paris Notre Jardin Entiers - 460g","p":2.69,"u":"5,85 €/KG","img":"https://fd9-photos.leclercdrive.fr/image.ashx?id=2553887&use=l&cat=p&typeid=i","cat":312610},{"id":3269,"n":"Coeurs de palmiers Notre Jardin Extra tendres - 220g","p":2.27,"u":"10,32 €/KG","img":"https://fd9-photos.leclercdrive.fr/image.ashx?id=2074960&use=l&cat=p&typeid=i","cat":312611},{"id":3271,"n":"Maïs Notre Jardin Tendre - 3x140g","p":1.89,"u":"4,50 €/KG","img":"https://fd9-photos.leclercdrive.fr/image.ashx?id=2074653&use=l&cat=p&typeid=i","cat":312611},{"id":3272,"n":"Asperges blanches grosses Notre Jardin - 320g","p":3.49,"u":"10,91 €/KG","img":"https://fd9-photos.leclercdrive.fr/image.ashx?id=2049016&use=l&cat=p&typeid=i","cat":312611},{"id":3277,"n":"Chips à l'ancienne Pom'lisse Nature - 6x30g","p":1.58,"u":"8,78 €/KG","img":"https://fd9-photos.leclercdrive.fr/image.ashx?id=2657193&use=l&cat=p&typeid=i","cat":284447},{"id":3282,"n":"Moutarde Amora Mi-forte - 230g Divers coloris","p":1.88,"u":"8,17 €/KG","img":"https://fd9-photos.leclercdrive.fr/image.ashx?id=2504473&use=l&cat=p&typeid=i","cat":288850},{"id":3285,"n":"Vinaigre balsamique Rustica 50cl","p":1.57,"u":"3,14 €/L","img":"https://fd9-photos.leclercdrive.fr/image.ashx?id=2765701&use=l&cat=p&typeid=i","cat":298543},{"id":3292,"n":"Tomates pelées Notre Jardin Entières - 238g","p":0.85,"u":"3,57 €/KG","img":"https://fd9-photos.leclercdrive.fr/image.ashx?id=2190002&use=l&cat=p&typeid=i","cat":312608},{"id":3305,"n":"Sauce Provençale Turini 420g","p":0.97,"u":"2,31 €/KG","img":"https://fd9-photos.leclercdrive.fr/image.ashx?id=2047010&use=l&cat=p&typeid=i","cat":287599},{"id":3307,"n":"Cidre bouché Les Goelleries Normand brut 5.5%vol. - 75cl","p":1.79,"u":"2,39 €/L","img":"https://fd9-photos.leclercdrive.fr/image.ashx?id=2842193&use=l&cat=p&typeid=i","cat":334880},{"id":3309,"n":"Pur jus de pomme Jafaden 1L","p":1.34,"u":"1,34 €/L","img":"https://fd9-photos.leclercdrive.fr/image.ashx?id=2955632&use=l&cat=p&typeid=i","cat":284522},{"id":3310,"n":"Pur jus de pomme Bio Village Bio - 1L","p":1.49,"u":"1,49 €/L","img":"https://fd9-photos.leclercdrive.fr/image.ashx?id=2901527&use=l&cat=p&typeid=i","cat":284522},{"id":3311,"n":"Thé glacé Fresh Tea Pêche - 1,5L","p":1.25,"u":"0,83 €/L","img":"https://fd9-photos.leclercdrive.fr/image.ashx?id=2622242&use=l&cat=p&typeid=i","cat":295019},{"id":3316,"n":"Sirop Frucci Grenadine - 1L","p":2.76,"u":"2,76 €/L","img":"https://fd9-photos.leclercdrive.fr/image.ashx?id=2954073&use=l&cat=p&typeid=i","cat":295020},{"id":3324,"n":"Dentifrice Vademecum Blancheur & plantes 75ml","p":1.77,"u":"23,60 €/L","img":"https://fd9-photos.leclercdrive.fr/image.ashx?id=2438225&use=l&cat=p&typeid=i","cat":284612},{"id":3325,"n":"Dentifrice Vademecum Fluor et plantes 75ml","p":1.5,"u":"20,00 €/L","img":"https://fd9-photos.leclercdrive.fr/image.ashx?id=2438228&use=l&cat=p&typeid=i","cat":284612},{"id":3338,"n":"Protège-slips Doulys Mince - Plié - x30","p":1.25,"u":"0,04 €/P","img":"https://fd9-photos.leclercdrive.fr/image.ashx?id=2824129&use=l&cat=p&typeid=i","cat":284625},{"id":3343,"n":"Vodka Poliakov 37.5%vol - 70cl","p":11.09,"u":"15,84 €/L","img":"https://fd9-photos.leclercdrive.fr/image.ashx?id=2810759&use=l&cat=p&typeid=i","cat":284550},{"id":3344,"n":"Nectar Jafaden Banane - 1L","p":2.09,"u":"2,09 €/L","img":"https://fd9-photos.leclercdrive.fr/image.ashx?id=2955701&use=l&cat=p&typeid=i","cat":284915},{"id":3355,"n":"World Mix Haribo Sachet bonbons - 500g","p":2.91,"u":"5,82 €/KG","img":"https://fd9-photos.leclercdrive.fr/image.ashx?id=2805207&use=l&cat=p&typeid=i","cat":304250},{"id":3356,"n":"Banan's Haribo Sachet bonbons - 300g","p":1.52,"u":"5,07 €/KG","img":"https://fd9-photos.leclercdrive.fr/image.ashx?id=1739936&use=l&cat=p&typeid=i","cat":304250},{"id":3359,"n":"Compote Andros Pomme 750g","p":1.49,"u":"1,99 €/KG","img":"https://fd9-photos.leclercdrive.fr/image.ashx?id=2327716&use=l&cat=p&typeid=i","cat":284508},{"id":3361,"n":"Pâtée chats Gourmet gold Mousselines 4x85g","p":1.97,"u":"5,79 €/KG","img":"https://fd9-photos.leclercdrive.fr/image.ashx?id=2711103&use=l&cat=p&typeid=i","cat":285286},{"id":3364,"n":"Huile de douche Manava Bien être oriental 250ml","p":1.16,"u":"4,64 €/L","img":"https://fd9-photos.leclercdrive.fr/image.ashx?id=2809659&use=l&cat=p&typeid=i","cat":284594},{"id":3372,"n":"Terrines Tous Mes Amis Pour chats  3 saveurs - 3x400g","p":3.29,"u":"2,74 €/KG","img":"https://fd9-photos.leclercdrive.fr/image.ashx?id=2865050&use=l&cat=p&typeid=i","cat":285601},{"id":3373,"n":"Tortillas Tables du Monde Galettes de blé x8 320g","p":1.71,"u":"5,34 €/KG","img":"https://fd9-photos.leclercdrive.fr/image.ashx?id=2679729&use=l&cat=p&typeid=i","cat":288993},{"id":3376,"n":"Café moulu Bio Village Bio  Pérou - 250g","p":4.21,"u":"16,84 €/KG","img":"https://fd9-photos.leclercdrive.fr/image.ashx?id=2552436&use=l&cat=p&typeid=i","cat":284750},{"id":3395,"n":"Dentifrice Dentamyl Aux plantes 75ml","p":0.94,"u":"12,53 €/L","img":"https://fd9-photos.leclercdrive.fr/image.ashx?id=2489104&use=l&cat=p&typeid=i","cat":284612},{"id":3396,"n":"Dentifrice Dentamyl Haleine fraîche 75ml","p":0.76,"u":"10,13 €/L","img":"https://fd9-photos.leclercdrive.fr/image.ashx?id=2489101&use=l&cat=p&typeid=i","cat":284612},{"id":3401,"n":"Serviette hygiénique Doulys Maxi - Spécial nuit - x12","p":0.95,"u":"0,08 €/P","img":"https://fd9-photos.leclercdrive.fr/image.ashx?id=2838927&use=l&cat=p&typeid=i","cat":284624},{"id":3413,"n":"Asperges blanches Notre Jardin Pointes - 110g","p":2.35,"u":"21,36 €/KG","img":"https://fd9-photos.leclercdrive.fr/image.ashx?id=2049022&use=l&cat=p&typeid=i","cat":312611},{"id":3416,"n":"Ratatouille Notre Jardin A la provençale - 750g","p":1.29,"u":"1,72 €/KG","img":"https://fd9-photos.leclercdrive.fr/image.ashx?id=2526291&use=l&cat=p&typeid=i","cat":312612},{"id":3424,"n":"Plat moussaka Côté table 850g","p":4.63,"u":"5,45 €/KG","img":"https://fd9-photos.leclercdrive.fr/image.ashx?id=2045175&use=l&cat=p&typeid=i","cat":284254},{"id":3428,"n":"Feuilletés paniers Côté Table St Jacques Fruits de mer 4x100g","p":4.45,"u":"11,13 €/KG","img":"https://fd9-photos.leclercdrive.fr/image.ashx?id=2549379&use=l&cat=p&typeid=i","cat":319776},{"id":3429,"n":"Lasagnes bolognaises Côté table 1kg","p":3.49,"u":"3,49 €/KG","img":"https://fd9-photos.leclercdrive.fr/image.ashx?id=2545628&use=l&cat=p&typeid=i","cat":284254},{"id":3455,"n":"Saumon et torsades Côté Table  Sauce à l'oseille - 300g","p":2.59,"u":"8,63 €/KG","img":"https://fd9-photos.leclercdrive.fr/image.ashx?id=2809075&use=l&cat=p&typeid=i","cat":284953},{"id":3459,"n":"Petit Pois et Carottes Cassegrain 465g","p":2.71,"u":"5,83 €/KG","img":"https://fd9-photos.leclercdrive.fr/image.ashx?id=2912971&use=l&cat=p&typeid=i","cat":312607},{"id":3462,"n":"Pain précuit Epi d'Or Demi-baguette x2 - 300g","p":0.65,"u":"2,17 €/KG","img":"https://fd9-photos.leclercdrive.fr/image.ashx?id=2684814&use=l&cat=p&typeid=i","cat":325069},{"id":3520,"n":"Boîtes chiens Lydog Terrines Viande volaille - 4x405g","p":3.47,"u":"2,14 €/KG","img":"https://fd9-photos.leclercdrive.fr/image.ashx?id=2815746&use=l&cat=p&typeid=i","cat":288578},{"id":3525,"n":"Crêpes fourrées P'tit déli Chocolat x8 - 256g","p":1.65,"u":"6,45 €/KG","img":"https://fd9-photos.leclercdrive.fr/image.ashx?id=2656335&use=l&cat=p&typeid=i","cat":284494},{"id":3549,"n":"IGP Pays d'Oc rosé J.P. Chenet 12.5% vol - 75cl","p":3.23,"u":"4,31 €/L","img":"https://fd9-photos.leclercdrive.fr/image.ashx?id=2985108&use=l&cat=p&typeid=i","cat":289558},{"id":3550,"n":"AOP Côtes de Provence rosé Billette Bouquet - 75cl","p":5.98,"u":"7,97 €/L","img":"https://fd9-photos.leclercdrive.fr/image.ashx?id=2625433&use=l&cat=p&typeid=i","cat":289558},{"id":3559,"n":"IGP Pays d'Oc rouge J-P Chenet Merlot HVE - 75 cl","p":3.23,"u":"4,31 €/L","img":"https://fd9-photos.leclercdrive.fr/image.ashx?id=2837157&use=l&cat=p&typeid=i","cat":289556},{"id":3564,"n":"Vin de l'Union Européenne  La Villageoise - 6x25cl","p":4.3,"u":"2,87 €/L","img":"https://fd9-photos.leclercdrive.fr/image.ashx?id=2731651&use=l&cat=p&typeid=i","cat":289557},{"id":3570,"n":"Concentré à diluer Pulco Citron - 70cl","p":2.23,"u":"3,19 €/L","img":"https://fd9-photos.leclercdrive.fr/image.ashx?id=2687845&use=l&cat=p&typeid=i","cat":295020},{"id":3571,"n":"Nectar Jafaden Abricot - 1L","p":2.59,"u":"2,59 €/L","img":"https://fd9-photos.leclercdrive.fr/image.ashx?id=2955713&use=l&cat=p&typeid=i","cat":284915},{"id":3575,"n":"Litière chats Tous mes Amis Végétale - 10L","p":4.39,"u":"0,44 €/L","img":"https://fd9-photos.leclercdrive.fr/image.ashx?id=2055217&use=l&cat=p&typeid=i","cat":284683},{"id":3576,"n":"Litière chats Tous mes Amis Minérale - Hygiénique - 10L","p":4.65,"u":"0,47 €/L","img":"https://fd9-photos.leclercdrive.fr/image.ashx?id=2055211&use=l&cat=p&typeid=i","cat":284683},{"id":3584,"n":"Macédoine de Légumes Bonduelle 530g","p":1.6,"u":"3,02 €/KG","img":"https://fd9-photos.leclercdrive.fr/image.ashx?id=2939235&use=l&cat=p&typeid=i","cat":312612},{"id":3587,"n":"AOP Bordeaux rouge Blaissac - 75cl","p":4.0,"u":"5,33 €/L","img":"https://fd9-photos.leclercdrive.fr/image.ashx?id=2917429&use=l&cat=p&typeid=i","cat":289556},{"id":3589,"n":"IGP Pays d'Oc rouge Roche Mazet Merlot - 75cl","p":3.02,"u":"4,03 €/L","img":"https://fd9-photos.leclercdrive.fr/image.ashx?id=2332997&use=l&cat=p&typeid=i","cat":289556},{"id":3593,"n":"Vin d'Italie rouge pétillant Vilaveroni Lambrusco- 75cl","p":4.07,"u":"5,43 €/L","img":"https://fd9-photos.leclercdrive.fr/image.ashx?id=2333021&use=l&cat=p&typeid=i","cat":289556},{"id":3599,"n":"IGP Pays d'Oc rosé Listel Grain De gris 12.5% vol - 75cl","p":3.5,"u":"4,67 €/L","img":"https://fd9-photos.leclercdrive.fr/image.ashx?id=2556135&use=l&cat=p&typeid=i","cat":289558},{"id":3600,"n":"Miel Lune de Miel Tartimiel 250g","p":2.25,"u":"9,00 €/KG","img":"https://fd9-photos.leclercdrive.fr/image.ashx?id=2662610&use=l&cat=p&typeid=i","cat":287643},{"id":3604,"n":"Allume-feu Silex cubes x28 200g","p":1.11,"u":"5,55 €/KG","img":"https://fd9-photos.leclercdrive.fr/image.ashx?id=2558781&use=l&cat=p&typeid=i","cat":300578},{"id":3610,"n":"Petits pois Notre Jardin A l'étuvée -Extra fins - 3x140g","p":1.57,"u":"3,74 €/KG","img":"https://fd9-photos.leclercdrive.fr/image.ashx?id=2537343&use=l&cat=p&typeid=i","cat":312607},{"id":3617,"n":"Galettes de riz bio Bio Village Complet x17 - 130g","p":0.91,"u":"7,00 €/KG","img":"https://fd9-photos.leclercdrive.fr/image.ashx?id=2816151&use=l&cat=p&typeid=i","cat":318651},{"id":3630,"n":"Filets colin Alaska Pêche océan 4 tranches - MSC - 400g","p":2.49,"u":"6,23 €/KG","img":"https://fd9-photos.leclercdrive.fr/image.ashx?id=2930087&use=l&cat=p&typeid=i","cat":319786},{"id":3633,"n":"Colin d'Alaska Pêche Océan x10 tranches - MSC - 1kg","p":6.25,"u":"6,25 €/KG","img":"https://fd9-photos.leclercdrive.fr/image.ashx?id=2930096&use=l&cat=p&typeid=i","cat":319786},{"id":3638,"n":"Fromage Mini Caprice Des Dieux 3 Portions - 150g","p":2.73,"u":"18,20 €/KG","img":"https://fd9-photos.leclercdrive.fr/image.ashx?id=2217434&use=l&cat=p&typeid=i","cat":314033},{"id":3640,"n":"Fromage Apéritif Apérivrais  Saveurs de Provence - 100g","p":2.1,"u":"21,00 €/KG","img":"https://fd9-photos.leclercdrive.fr/image.ashx?id=2885348&use=l&cat=p&typeid=i","cat":314027},{"id":3641,"n":"Fromage Apéritif Apérivrais  Saveurs d'Italie - 100g","p":2.11,"u":"21,10 €/KG","img":"https://fd9-photos.leclercdrive.fr/image.ashx?id=2944705&use=l&cat=p&typeid=i","cat":314027},{"id":3649,"n":"AOP Asti Vilaveroni 75cl","p":6.26,"u":"8,35 €/L","img":"https://fd9-photos.leclercdrive.fr/image.ashx?id=2337558&use=l&cat=p&typeid=i","cat":289461},{"id":3660,"n":"Fromage tartiflette Les Croisés 27%mg 500g","p":3.89,"u":"7,78 €/KG","img":"https://fd9-photos.leclercdrive.fr/image.ashx?id=2791746&use=l&cat=p&typeid=i","cat":314037},{"id":3663,"n":"Fromage à Raclette RichesMonts  3 saveurs 27 Tranches - 700g","p":10.79,"u":"15,41 €/KG","img":"https://fd9-photos.leclercdrive.fr/image.ashx?id=2766289&use=l&cat=p&typeid=i","cat":314037},{"id":3665,"n":"Beurrier Président Demi-sel - 80% MG - 250g","p":3.22,"u":"12,88 €/KG","img":"https://fd9-photos.leclercdrive.fr/image.ashx?id=2731849&use=l&cat=p&typeid=i","cat":284379},{"id":3668,"n":"Faisselle Rians - 6%mg - 1kg","p":2.7,"u":"2,70 €/KG","img":"https://fd9-photos.leclercdrive.fr/image.ashx?id=2659629&use=l&cat=p&typeid=i","cat":284409},{"id":3684,"n":"Eau gazeuse Rozana 6x1L","p":2.82,"u":"0,47 €/L","img":"https://fd9-photos.leclercdrive.fr/image.ashx?id=2870602&use=l&cat=p&typeid=i","cat":284536},{"id":3688,"n":"Ile gourmande Yoplait Vanille - 6x101g","p":2.92,"u":"4,82 €/KG","img":"https://fd9-photos.leclercdrive.fr/image.ashx?id=2731654&use=l&cat=p&typeid=i","cat":284419},{"id":3694,"n":"Pâtes Torti Legumes Panzani - 500G","p":1.3,"u":"2,60 €/KG","img":"https://fd9-photos.leclercdrive.fr/image.ashx?id=2876032&use=l&cat=p&typeid=i","cat":284427},{"id":3699,"n":"Café moulu Bio Village Bio Amérique latine - 250g","p":4.99,"u":"19,96 €/KG","img":"https://fd9-photos.leclercdrive.fr/image.ashx?id=2603713&use=l&cat=p&typeid=i","cat":284750},{"id":3712,"n":"Emincé poulet Côté Table Sauce curry - 300g","p":2.0,"u":"6,67 €/KG","img":"https://fd9-photos.leclercdrive.fr/image.ashx?id=2393857&use=l&cat=p&typeid=i","cat":284953},{"id":3713,"n":"Huile d'olive Rustica Vierge extra - 50cl","p":4.8,"u":"9,60 €/L","img":"https://fd9-photos.leclercdrive.fr/image.ashx?id=2898014&use=l&cat=p&typeid=i","cat":284453},{"id":3714,"n":"Serviette hygiénique Doulys Ultra minces - Normal - x16","p":1.03,"u":"0,06 €/P","img":"https://fd9-photos.leclercdrive.fr/image.ashx?id=2838924&use=l&cat=p&typeid=i","cat":284624},{"id":3716,"n":"Pizza cuite sur pierre Turini Royale - 400g","p":1.99,"u":"4,98 €/KG","img":"https://fd9-photos.leclercdrive.fr/image.ashx?id=2815205&use=l&cat=p&typeid=i","cat":284256},{"id":3741,"n":"Biscottes fourrées Cracotte LU  Fraise - 200g","p":1.72,"u":"8,60 €/KG","img":"https://fd9-photos.leclercdrive.fr/image.ashx?id=3004807&use=l&cat=p&typeid=i","cat":284479},{"id":3743,"n":"Mini brownie Brossard Chocolat pépites x8 - 240g","p":2.66,"u":"11,08 €/KG","img":"https://fd9-photos.leclercdrive.fr/image.ashx?id=2965100&use=l&cat=p&typeid=i","cat":294776},{"id":3748,"n":"Soufflés Grignot' Tokapi  Saveur Fromage - 90g","p":0.72,"u":"8,00 €/KG","img":"https://fd9-photos.leclercdrive.fr/image.ashx?id=1956625&use=l&cat=p&typeid=i","cat":284449},{"id":3754,"n":"Crackers Tuc Bacon - 100g","p":0.84,"u":"8,40 €/KG","img":"https://fd9-photos.leclercdrive.fr/image.ashx?id=3002198&use=l&cat=p&typeid=i","cat":297000},{"id":3756,"n":"Mélange Exotique Tokapi  Bananes et papaye - 120g","p":1.47,"u":"12,25 €/KG","img":"https://fd9-photos.leclercdrive.fr/image.ashx?id=2793991&use=l&cat=p&typeid=i","cat":284448},{"id":3758,"n":"Sachet repas chats Gourmet 4 variétés de filets - 4x85g","p":1.9,"u":"5,59 €/KG","img":"https://fd9-photos.leclercdrive.fr/image.ashx?id=2902274&use=l&cat=p&typeid=i","cat":285286},{"id":3759,"n":"Sachet repas chats Gourmet Filets en sachet - 4x85g","p":1.9,"u":"5,59 €/KG","img":"https://fd9-photos.leclercdrive.fr/image.ashx?id=2902337&use=l&cat=p&typeid=i","cat":285286},{"id":3773,"n":"Feuilletés paniers Côté Table Jambon fromage - 4x100g","p":2.15,"u":"5,38 €/KG","img":"https://fd9-photos.leclercdrive.fr/image.ashx?id=2549382&use=l&cat=p&typeid=i","cat":319776},{"id":3775,"n":"Feuilletés paniers Côté Table Fromage de chèvre - 4x100g","p":2.95,"u":"7,38 €/KG","img":"https://fd9-photos.leclercdrive.fr/image.ashx?id=2549385&use=l&cat=p&typeid=i","cat":319776},{"id":3777,"n":"Légumes couscous Notre jardin 1kg","p":1.99,"u":"1,99 €/KG","img":"https://fd9-photos.leclercdrive.fr/image.ashx?id=2900031&use=l&cat=p&typeid=i","cat":319823},{"id":3780,"n":"Faisselle NRT 46%mg - 4x100g","p":2.55,"u":"6,38 €/KG","img":"https://fd9-photos.leclercdrive.fr/image.ashx?id=1946907&use=l&cat=p&typeid=i","cat":284409},{"id":3784,"n":"Coquilles poisson Côté Table Et fruits de mer x6 - 660g","p":5.35,"u":"8,11 €/KG","img":"https://fd9-photos.leclercdrive.fr/image.ashx?id=2990092&use=l&cat=p&typeid=i","cat":319775},{"id":3785,"n":"Cabillaud MSC Pêche Océan Sans arêtes - x4 tranches 400g","p":5.99,"u":"14,98 €/KG","img":"https://fd9-photos.leclercdrive.fr/image.ashx?id=2930084&use=l&cat=p&typeid=i","cat":319786},{"id":3786,"n":"Poisson pané Pêche Océan MSC - x20 - 1kg","p":6.95,"u":"6,95 €/KG","img":"https://fd9-photos.leclercdrive.fr/image.ashx?id=2930105&use=l&cat=p&typeid=i","cat":319788},{"id":3789,"n":"Pavés de saumon Pêche Océan ASC - 2x125g","p":4.99,"u":"19,96 €/KG","img":"https://fd9-photos.leclercdrive.fr/image.ashx?id=2953722&use=l&cat=p&typeid=i","cat":319786},{"id":3794,"n":"Poisson pané Pêche Océan - MSC Colin d'alaska - x8 - 400g","p":2.78,"u":"6,95 €/KG","img":"https://fd9-photos.leclercdrive.fr/image.ashx?id=2930090&use=l&cat=p&typeid=i","cat":319788},{"id":3795,"n":"Poisson pané Pêche Océan Cabillaud - MSC - x8 400g","p":4.45,"u":"11,13 €/KG","img":"https://fd9-photos.leclercdrive.fr/image.ashx?id=2930093&use=l&cat=p&typeid=i","cat":319788},{"id":3796,"n":"Croquettes poisson Pêche Océan MSC - x6 - 300g","p":1.72,"u":"5,73 €/KG","img":"https://fd9-photos.leclercdrive.fr/image.ashx?id=2856157&use=l&cat=p&typeid=i","cat":319788},{"id":3797,"n":"Brandade morue Côté Table 1kg","p":3.99,"u":"3,99 €/KG","img":"https://fd9-photos.leclercdrive.fr/image.ashx?id=2047028&use=l&cat=p&typeid=i","cat":284254},{"id":3810,"n":"Epinards Notre Jardin Branches A la crème fraîche 1kg","p":2.98,"u":"2,98 €/KG","img":"https://fd9-photos.leclercdrive.fr/image.ashx?id=2873081&use=l&cat=p&typeid=i","cat":319805},{"id":3820,"n":"Sandwich XXL Daunat Jambon emmental - 230g","p":2.03,"u":"8,83 €/KG","img":"https://fd9-photos.leclercdrive.fr/image.ashx?id=2892700&use=l&cat=p&typeid=i","cat":333658},{"id":3828,"n":"Pansements Mercurochrome Economiques x20","p":2.58,"img":"https://fd9-photos.leclercdrive.fr/image.ashx?id=2748269&use=l&cat=p&typeid=i","cat":284630},{"id":3844,"n":"Sirop érable Maple Joe Du Canada - 250g","p":3.87,"u":"15,48 €/KG","img":"https://fd9-photos.leclercdrive.fr/image.ashx?id=2656559&use=l&cat=p&typeid=i","cat":287643},{"id":3862,"n":"Cacahuètes grillées Tokapi Salées - 500g","p":1.44,"u":"2,88 €/KG","img":"https://fd9-photos.leclercdrive.fr/image.ashx?id=2795532&use=l&cat=p&typeid=i","cat":284448},{"id":3864,"n":"Jus multifruits Jafaden 12 fruits - 1L","p":1.33,"u":"1,33 €/L","img":"https://fd9-photos.leclercdrive.fr/image.ashx?id=2461387&use=l&cat=p&typeid=i","cat":284917},{"id":3871,"n":"Pain grillé Pelletier Blé complet - 500g","p":1.96,"u":"3,92 €/KG","img":"https://fd9-photos.leclercdrive.fr/image.ashx?id=2345376&use=l&cat=p&typeid=i","cat":284479},{"id":3874,"n":"Filet Poulet Jaune LR X2  IGP Volailles du Maine  - 240g","p":6.56,"u":"27,33 €/KG","img":"https://fd9-photos.leclercdrive.fr/image.ashx?id=2250561&use=l&cat=p&typeid=i","cat":284336},{"id":3912,"n":"Viande bovine Charal ***  à griller - 280g","p":8.74,"u":"31,21 €/KG","img":"https://fd9-photos.leclercdrive.fr/image.ashx?id=1889162&use=l&cat=p&typeid=i","cat":284328},{"id":3914,"n":"Steak haché Charal 5%mg - 260g","p":6.16,"u":"23,69 €/KG","img":"https://fd9-photos.leclercdrive.fr/image.ashx?id=1889165&use=l&cat=p&typeid=i","cat":284332},{"id":3915,"n":"Steak haché 15%mg Charal Viande bovine - 260g","p":5.87,"u":"22,58 €/KG","img":"https://fd9-photos.leclercdrive.fr/image.ashx?id=1889174&use=l&cat=p&typeid=i","cat":284332},{"id":3924,"n":"Cheese Burger Charal Viande bovine française 2x145g","p":6.02,"u":"20,76 €/KG","img":"https://fd9-photos.leclercdrive.fr/image.ashx?id=2516095&use=l&cat=p&typeid=i","cat":333671},{"id":3926,"n":"Hot dog Charal 120g","p":2.72,"u":"22,67 €/KG","img":"https://fd9-photos.leclercdrive.fr/image.ashx?id=2653465&use=l&cat=p&typeid=i","cat":333671},{"id":3944,"n":"Jus multifruits Jafaden Briquettes - 6x20cl","p":1.79,"u":"1,49 €/L","img":"https://fd9-photos.leclercdrive.fr/image.ashx?id=2751880&use=l&cat=p&typeid=i","cat":284524},{"id":3946,"n":"Pâtes Barilla Spaghettoni n°7 - 500g","p":0.99,"u":"1,98 €/KG","img":"https://fd9-photos.leclercdrive.fr/image.ashx?id=2392221&use=l&cat=p&typeid=i","cat":284427},{"id":3948,"n":"Haricots lingots Notre Jardin 500g","p":1.63,"u":"3,26 €/KG","img":"https://fd9-photos.leclercdrive.fr/image.ashx?id=2983775&use=l&cat=p&typeid=i","cat":284430},{"id":3951,"n":"Sucre vanillé Tablier blanc x10 75g","p":0.79,"u":"10,53 €/KG","img":"https://fd9-photos.leclercdrive.fr/image.ashx?id=2487431&use=l&cat=p&typeid=i","cat":294686},{"id":3954,"n":"Bonbons La Vosgienne Sève de pin - 125g","p":1.99,"u":"15,92 €/KG","img":"https://fd9-photos.leclercdrive.fr/image.ashx?id=2490419&use=l&cat=p&typeid=i","cat":304256},{"id":3955,"n":"Ravioli pur bœuf  Panzani - 400g","p":1.61,"u":"4,03 €/KG","img":"https://fd9-photos.leclercdrive.fr/image.ashx?id=2876050&use=l&cat=p&typeid=i","cat":284442},{"id":3956,"n":"Confit canard 2 cuisses NRT 425g","p":9.59,"u":"22,56 €/KG","img":"https://fd9-photos.leclercdrive.fr/image.ashx?id=2430145&use=l&cat=p&typeid=i","cat":284440},{"id":3960,"n":"Haricots Mungo  Notre Jardin 3x90g","p":1.99,"u":"7,37 €/KG","img":"https://fd9-photos.leclercdrive.fr/image.ashx?id=2174678&use=l&cat=p&typeid=i","cat":312611},{"id":3980,"n":"Sauce bolognaise Turini 680g","p":2.44,"u":"3,59 €/KG","img":"https://fd9-photos.leclercdrive.fr/image.ashx?id=2634863&use=l&cat=p&typeid=i","cat":287599},{"id":3981,"n":"Petits pois carottes Extra fins Notre Jardin - 3x130g","p":1.69,"u":"4,33 €/KG","img":"https://fd9-photos.leclercdrive.fr/image.ashx?id=2537346&use=l&cat=p&typeid=i","cat":312607},{"id":3983,"n":"Flageolets verts Notre Jardin Extra fins - 3x130g","p":1.99,"u":"5,10 €/KG","img":"https://fd9-photos.leclercdrive.fr/image.ashx?id=2537352&use=l&cat=p&typeid=i","cat":312606},{"id":3989,"n":"Soda Jean's Cola  2L","p":1.44,"u":"0,72 €/L","img":"https://fd9-photos.leclercdrive.fr/image.ashx?id=2699423&use=l&cat=p&typeid=i","cat":284530},{"id":3991,"n":"Tarte aux 3 fromages Côté Table - 400g","p":2.78,"u":"6,95 €/KG","img":"https://fd9-photos.leclercdrive.fr/image.ashx?id=2791707&use=l&cat=p&typeid=i","cat":284257},{"id":3994,"n":"Tourte Côté Table Champignon jambon - 500g","p":4.99,"u":"9,98 €/KG","img":"https://fd9-photos.leclercdrive.fr/image.ashx?id=2791680&use=l&cat=p&typeid=i","cat":284257},{"id":3997,"n":"Hachis parmentier Côté table 1kg","p":4.83,"u":"4,83 €/KG","img":"https://fd9-photos.leclercdrive.fr/image.ashx?id=2045172&use=l&cat=p&typeid=i","cat":284254},{"id":3998,"n":"Frites allumettes Pom'lisse Au four - 600g","p":1.24,"u":"2,07 €/KG","img":"https://fd9-photos.leclercdrive.fr/image.ashx?id=2699666&use=l&cat=p&typeid=i","cat":319791},{"id":3999,"n":"Crêpes Côté Table Champignons x6 - 300g","p":1.88,"u":"6,27 €/KG","img":"https://fd9-photos.leclercdrive.fr/image.ashx?id=2499352&use=l&cat=p&typeid=i","cat":319776},{"id":4008,"n":"Julienne légumes Notre jardin 600g","p":1.38,"u":"2,30 €/KG","img":"https://fd9-photos.leclercdrive.fr/image.ashx?id=2900073&use=l&cat=p&typeid=i","cat":319823},{"id":4009,"n":"Printanière légumes Notre jardin 1kg","p":1.47,"u":"1,47 €/KG","img":"https://fd9-photos.leclercdrive.fr/image.ashx?id=2873033&use=l&cat=p&typeid=i","cat":319823},{"id":4024,"n":"Sauce crudité Rustica Nature - 50cl","p":0.88,"u":"1,76 €/L","img":"https://fd9-photos.leclercdrive.fr/image.ashx?id=1972910&use=l&cat=p&typeid=i","cat":284456},{"id":4025,"n":"Pois chiches Notre Jardin 530g","p":1.19,"u":"2,25 €/KG","img":"https://fd9-photos.leclercdrive.fr/image.ashx?id=2988006&use=l&cat=p&typeid=i","cat":312609},{"id":4026,"n":"Cuisses poulet rôti Le gaulois x2 - 350g","p":4.04,"u":"11,54 €/KG","img":"https://fd9-photos.leclercdrive.fr/image.ashx?id=2277122&use=l&cat=p&typeid=i","cat":284336},{"id":4028,"n":"Filets poulet rôti Le gaulois 230g","p":4.94,"u":"21,48 €/KG","img":"https://fd9-photos.leclercdrive.fr/image.ashx?id=2686879&use=l&cat=p&typeid=i","cat":284336},{"id":4063,"n":"Cidre bouché Les Goelleries Normand doux 2%vol. - 75cl","p":1.79,"u":"2,39 €/L","img":"https://fd9-photos.leclercdrive.fr/image.ashx?id=2842202&use=l&cat=p&typeid=i","cat":334880},{"id":4101,"n":"Pâtes coquillettes Panzani 1kg","p":1.74,"u":"1,74 €/KG","img":"https://fd9-photos.leclercdrive.fr/image.ashx?id=2873823&use=l&cat=p&typeid=i","cat":284427},{"id":4141,"n":"Infusion Tiséa réglisse menthe x25","p":0.9,"u":"22,50 €/KG","img":"https://fd9-photos.leclercdrive.fr/image.ashx?id=2553908&use=l&cat=p&typeid=i","cat":293234},{"id":4249,"n":"Crème glacée Eskiss Chocolat noir - 494g","p":2.35,"u":"4,76 €/KG","img":"https://fd9-photos.leclercdrive.fr/image.ashx?id=2698162&use=l&cat=p&typeid=i","cat":284263},{"id":4250,"n":"Crème glacée Eskiss Café - 494g","p":2.16,"u":"4,37 €/KG","img":"https://fd9-photos.leclercdrive.fr/image.ashx?id=3002545&use=l&cat=p&typeid=i","cat":284263},{"id":4255,"n":"Crème glacée Eskiss Rhum raisin - 494g","p":2.45,"u":"4,96 €/KG","img":"https://fd9-photos.leclercdrive.fr/image.ashx?id=2982589&use=l&cat=p&typeid=i","cat":284263},{"id":4258,"n":"Glace Tyrolia Eskiss 320g","p":2.03,"u":"6,34 €/KG","img":"https://fd9-photos.leclercdrive.fr/image.ashx?id=2075663&use=l&cat=p&typeid=i","cat":284266},{"id":4259,"n":"Pâtes spaghetti Panzani 1kg","p":1.72,"u":"1,72 €/KG","img":"https://fd9-photos.leclercdrive.fr/image.ashx?id=2869555&use=l&cat=p&typeid=i","cat":284427},{"id":4260,"n":"Biscuits sablés P'tit Déli Chocolat au lait - 200g","p":1.19,"u":"5,95 €/KG","img":"https://fd9-photos.leclercdrive.fr/image.ashx?id=2768457&use=l&cat=p&typeid=i","cat":284488},{"id":4290,"n":"Marrons entiers Notre Jardin - 510g","p":5.19,"u":"10,18 €/KG","img":"https://fd9-photos.leclercdrive.fr/image.ashx?id=2190014&use=l&cat=p&typeid=i","cat":312612},{"id":4346,"n":"Crêpes Côté Table Fromage x6 - 300g","p":1.75,"u":"5,83 €/KG","img":"https://fd9-photos.leclercdrive.fr/image.ashx?id=2932399&use=l&cat=p&typeid=i","cat":319776},{"id":4357,"n":"Glace à l'eau Yéti 5 parfums x24 - 1.160kg","p":4.12,"u":"3,55 €/KG","img":"https://fd9-photos.leclercdrive.fr/image.ashx?id=2733796&use=l&cat=p&typeid=i","cat":285250},{"id":4367,"n":"Papier toilette Uni Vert Compact écologique - x4","p":3.29,"u":"0,82 €/P","img":"https://fd9-photos.leclercdrive.fr/image.ashx?id=1957072&use=l&cat=p&typeid=i","cat":284634},{"id":4369,"n":"Gel wc menthe pin Uni Vert 750ml","p":1.62,"u":"2,16 €/L","img":"https://fd9-photos.leclercdrive.fr/image.ashx?id=2965446&use=l&cat=p&typeid=i","cat":284662},{"id":4412,"n":"Boisson énergisante Red Bull 250ml","p":1.13,"u":"4,52 €/L","img":"https://fd9-photos.leclercdrive.fr/image.ashx?id=2340300&use=l&cat=p&typeid=i","cat":284533},{"id":4417,"n":"Sauce Fondue d'échalote Charal 100g","p":1.73,"u":"17,30 €/KG","img":"https://fd9-photos.leclercdrive.fr/image.ashx?id=2859251&use=l&cat=p&typeid=i","cat":284382},{"id":4420,"n":"Sauce aux Morilles Charal 2 personnes - 120g","p":2.07,"u":"17,25 €/KG","img":"https://fd9-photos.leclercdrive.fr/image.ashx?id=2105023&use=l&cat=p&typeid=i","cat":284382},{"id":4423,"n":"Sauce béarnaise Charal 120g","p":1.91,"u":"15,92 €/KG","img":"https://fd9-photos.leclercdrive.fr/image.ashx?id=2105011&use=l&cat=p&typeid=i","cat":284382},{"id":4425,"n":"Sauce aux 3 poivres Charal 2 personnes - 120g","p":1.98,"u":"16,50 €/KG","img":"https://fd9-photos.leclercdrive.fr/image.ashx?id=2105014&use=l&cat=p&typeid=i","cat":284382},{"id":4426,"n":"Sauce au Roquefort Charal 2 personnes - 120g","p":1.95,"u":"16,25 €/KG","img":"https://fd9-photos.leclercdrive.fr/image.ashx?id=2881329&use=l&cat=p&typeid=i","cat":284382},{"id":4427,"n":"Sauce Forestière Charal 2 personnes - 120g","p":1.91,"u":"15,92 €/KG","img":"https://fd9-photos.leclercdrive.fr/image.ashx?id=2558957&use=l&cat=p&typeid=i","cat":284382},{"id":4438,"n":"Hot Dog Charal ketchup 120g","p":2.57,"u":"21,42 €/KG","img":"https://fd9-photos.leclercdrive.fr/image.ashx?id=2264734&use=l&cat=p&typeid=i","cat":333671},{"id":4458,"n":"Pâtes cheveux d'anges Panzani 500g","p":1.29,"u":"2,58 €/KG","img":"https://fd9-photos.leclercdrive.fr/image.ashx?id=2896069&use=l&cat=p&typeid=i","cat":284427},{"id":4512,"n":"Pur jus orange Jafaden Sans pulpe - 1L","p":2.43,"u":"2,43 €/L","img":"https://fd9-photos.leclercdrive.fr/image.ashx?id=2916668&use=l&cat=p&typeid=i","cat":285435},{"id":4518,"n":"Pomme de terre de consommation N.Jardin entières, épluch. 500g","p":1.35,"u":"2,70 €/KG","img":"https://fd9-photos.leclercdrive.fr/image.ashx?id=2702618&use=l&cat=p&typeid=i","cat":284352},{"id":4524,"n":"Filtre café Eco+ N°4 - x100","p":0.99,"u":"0,01 €/P","img":"https://fd9-photos.leclercdrive.fr/image.ashx?id=2905195&use=l&cat=p&typeid=i","cat":284751},{"id":4554,"n":"Sot l'y laisse Le Gaulois Dinde - 250g","p":4.85,"u":"19,40 €/KG","img":"https://fd9-photos.leclercdrive.fr/image.ashx?id=2732740&use=l&cat=p&typeid=i","cat":284715},{"id":4566,"n":"Nuggets de poulet Maître coq 1kg","p":7.4,"u":"7,40 €/KG","img":"https://fd9-photos.leclercdrive.fr/image.ashx?id=2877826&use=l&cat=p&typeid=i","cat":333684},{"id":4570,"n":"Coq'ailes Maître coq Nature - 250g","p":3.17,"u":"12,68 €/KG","img":"https://fd9-photos.leclercdrive.fr/image.ashx?id=2412591&use=l&cat=p&typeid=i","cat":333685},{"id":4583,"n":"Sucre vanillé Vahiné Madagascar - 5x7,5g","p":1.77,"u":"46,58 €/KG","img":"https://fd9-photos.leclercdrive.fr/image.ashx?id=2489190&use=l&cat=p&typeid=i","cat":294686},{"id":4622,"n":"Betterave Notre Jardin En cubes - 500g","p":0.99,"u":"1,98 €/KG","img":"https://fd9-photos.leclercdrive.fr/image.ashx?id=2551621&use=l&cat=p&typeid=i","cat":284352},{"id":4626,"n":"Vinaigrette Rustica Nature - 50cl","p":0.88,"u":"1,76 €/L","img":"https://fd9-photos.leclercdrive.fr/image.ashx?id=1972898&use=l&cat=p&typeid=i","cat":284456},{"id":4628,"n":"Moutarde de Dijon Rustica  Fine et forte - 440g","p":1.13,"u":"2,57 €/KG","img":"https://fd9-photos.leclercdrive.fr/image.ashx?id=2954340&use=l&cat=p&typeid=i","cat":288850},{"id":4629,"n":"Moutarde à l'ancienne Rustica Vinaigre - 350g","p":1.12,"u":"3,20 €/KG","img":"https://fd9-photos.leclercdrive.fr/image.ashx?id=2055467&use=l&cat=p&typeid=i","cat":288850},{"id":4630,"n":"Pâté piment d'Espelette NRT Label Rouge - 180g","p":2.39,"u":"13,28 €/KG","img":"https://fd9-photos.leclercdrive.fr/image.ashx?id=2991485&use=l&cat=p&typeid=i","cat":305149},{"id":4640,"n":"Petits pois carottes Notre Jard Extra fins - 420g","p":1.35,"u":"3,21 €/KG","img":"https://fd9-photos.leclercdrive.fr/image.ashx?id=2987943&use=l&cat=p&typeid=i","cat":312607},{"id":4641,"n":"Croquettes chaton Purina One Junior - Poulet/Céréales - 450g","p":2.63,"u":"5,84 €/KG","img":"https://fd9-photos.leclercdrive.fr/image.ashx?id=2499883&use=l&cat=p&typeid=i","cat":284680},{"id":4679,"n":"Gel WC nettoyant Syphon Javel eucalyptus - 750ml","p":0.87,"u":"1,16 €/L","img":"https://fd9-photos.leclercdrive.fr/image.ashx?id=2663359&use=l&cat=p&typeid=i","cat":284662},{"id":4682,"n":"Petits pois Notre Jardin A l'étuvée - Extra fins - 445g","p":1.28,"u":"2,88 €/KG","img":"https://fd9-photos.leclercdrive.fr/image.ashx?id=2987940&use=l&cat=p&typeid=i","cat":312607},{"id":4863,"n":"Tampons Doulys Digitaux Normal - x24","p":1.24,"u":"0,05 €/P","img":"https://fd9-photos.leclercdrive.fr/image.ashx?id=2158161&use=l&cat=p&typeid=i","cat":284626},{"id":4877,"n":"Petits pots bébé NATURNES Haricots Verts 4M+ - 2x130g","p":1.05,"u":"4,04 €/KG","img":"https://fd9-photos.leclercdrive.fr/image.ashx?id=2522401&use=l&cat=p&typeid=i","cat":312234},{"id":4879,"n":"Petits pots bébé NATURNES Courgettes 4M+ - 2x130g","p":1.01,"u":"3,88 €/KG","img":"https://fd9-photos.leclercdrive.fr/image.ashx?id=2532249&use=l&cat=p&typeid=i","cat":312234},{"id":4880,"n":"Petits pots bébé NATURNES Epinards 4M+ - 2x130g","p":1.2,"u":"4,62 €/KG","img":"https://fd9-photos.leclercdrive.fr/image.ashx?id=2736973&use=l&cat=p&typeid=i","cat":312234},{"id":4881,"n":"Petits pots bébé NATURNES Potiron 4M+ - 2x130g","p":1.03,"u":"3,96 €/KG","img":"https://fd9-photos.leclercdrive.fr/image.ashx?id=2532252&use=l&cat=p&typeid=i","cat":312234},{"id":4905,"n":"Purée de fruit NATURNES Pomme banane 4M+ - 4x130g","p":2.18,"u":"4,19 €/KG","img":"https://fd9-photos.leclercdrive.fr/image.ashx?id=2599937&use=l&cat=p&typeid=i","cat":312387},{"id":4906,"n":"Purée de fruit NATURNES Pommes Poires 4M+ - 4x130g","p":2.3,"u":"4,42 €/KG","img":"https://fd9-photos.leclercdrive.fr/image.ashx?id=2672551&use=l&cat=p&typeid=i","cat":312387},{"id":4909,"n":"Purée de fruit NATURNES Fruits du soleil 8M+ - 4x130g","p":2.15,"u":"4,13 €/KG","img":"https://fd9-photos.leclercdrive.fr/image.ashx?id=2629647&use=l&cat=p&typeid=i","cat":312388},{"id":4910,"n":"Purée de fruit NATURNES 6M+ Pomme Fraise Myrtilles - 4x130g","p":2.29,"u":"4,40 €/KG","img":"https://fd9-photos.leclercdrive.fr/image.ashx?id=2478399&use=l&cat=p&typeid=i","cat":312388},{"id":4971,"n":"Fromage Spécialité Port Salut - 320g","p":2.77,"u":"8,66 €/KG","img":"https://fd9-photos.leclercdrive.fr/image.ashx?id=2143762&use=l&cat=p&typeid=i","cat":329184},{"id":4988,"n":"Beurre Moulé Paysan Breton Doux - 82%MG - 500g","p":6.25,"u":"12,50 €/KG","img":"https://fd9-photos.leclercdrive.fr/image.ashx?id=2774496&use=l&cat=p&typeid=i","cat":284379},{"id":4996,"n":"Cordon bleu Le Gaulois Dinde - 200g","p":2.03,"u":"10,15 €/KG","img":"https://fd9-photos.leclercdrive.fr/image.ashx?id=2860220&use=l&cat=p&typeid=i","cat":333683},{"id":4997,"n":"Gésiers de volaille Le Gaulois 300g","p":3.4,"u":"11,33 €/KG","img":"https://fd9-photos.leclercdrive.fr/image.ashx?id=2732722&use=l&cat=p&typeid=i","cat":284715},{"id":5000,"n":"Frites de poulet Le Gaulois Panées France - 200g","p":2.49,"u":"12,45 €/KG","img":"https://fd9-photos.leclercdrive.fr/image.ashx?id=2261657&use=l&cat=p&typeid=i","cat":333684},{"id":5015,"n":"Yaourts Les Zaros Délisse Fruits panachés - 16x125g","p":2.48,"u":"1,24 €/KG","img":"https://fd9-photos.leclercdrive.fr/image.ashx?id=2970444&use=l&cat=p&typeid=i","cat":284414},{"id":5016,"n":"Yaourts nature Déli'light 0% MG - 12x125g","p":1.91,"u":"1,27 €/KG","img":"https://fd9-photos.leclercdrive.fr/image.ashx?id=2922482&use=l&cat=p&typeid=i","cat":315000},{"id":5018,"n":"Yaourts Délisse Nature - 4x125g","p":0.65,"u":"1,30 €/KG","img":"https://fd9-photos.leclercdrive.fr/image.ashx?id=3003052&use=l&cat=p&typeid=i","cat":284409},{"id":5021,"n":"Crottin de chèvre Les Croisés 23%mg - 2x60g","p":1.78,"u":"14,83 €/KG","img":"https://fd9-photos.leclercdrive.fr/image.ashx?id=2891878&use=l&cat=p&typeid=i","cat":314031},{"id":5022,"n":"Graisse à frire Rustica végétale - 1kg","p":5.77,"u":"5,77 €/KG","img":"https://fd9-photos.leclercdrive.fr/image.ashx?id=2903941&use=l&cat=p&typeid=i","cat":315229},{"id":5023,"n":"Salade composée Notre Jardin Mélée gourmande - 200g","p":0.99,"u":"4,95 €/KG","img":"https://fd9-photos.leclercdrive.fr/image.ashx?id=2720145&use=l&cat=p&typeid=i","cat":284353},{"id":5024,"n":"Viande des grisons Saint Azay 10 tranches - 80g","p":4.09,"u":"51,13 €/KG","img":"https://fd9-photos.leclercdrive.fr/image.ashx?id=2848490&use=l&cat=p&typeid=i","cat":316007},{"id":5025,"n":"Salade Notre Jardin Jeunes pousses - 125g","p":1.49,"u":"11,92 €/KG","img":"https://fd9-photos.leclercdrive.fr/image.ashx?id=2720154&use=l&cat=p&typeid=i","cat":284353},{"id":5026,"n":"Ravioli Turini Boeuf aux oignons - 300g","p":1.53,"u":"5,10 €/KG","img":"https://fd9-photos.leclercdrive.fr/image.ashx?id=2778036&use=l&cat=p&typeid=i","cat":333682},{"id":5028,"n":"Piémontaise Menu Fraîcheur Au jambon - 500g","p":2.2,"u":"4,40 €/KG","img":"https://fd9-photos.leclercdrive.fr/image.ashx?id=2901428&use=l&cat=p&typeid=i","cat":333657},{"id":5029,"n":"Museau de porc Menu Fraîcheur A la lyonnaise - 300g","p":1.99,"u":"6,63 €/KG","img":"https://fd9-photos.leclercdrive.fr/image.ashx?id=2816558&use=l&cat=p&typeid=i","cat":333657},{"id":5031,"n":"Petits chèvres doux Les Croisés 200g","p":2.02,"u":"10,10 €/KG","img":"https://fd9-photos.leclercdrive.fr/image.ashx?id=2927179&use=l&cat=p&typeid=i","cat":314031},{"id":5032,"n":"Pizza Turini Chorizo - 450g","p":2.69,"u":"5,98 €/KG","img":"https://fd9-photos.leclercdrive.fr/image.ashx?id=2987637&use=l&cat=p&typeid=i","cat":333679},{"id":5033,"n":"Galette au blé noir Côté Table Jambon  emmental 195g","p":1.49,"u":"7,64 €/KG","img":"https://fd9-photos.leclercdrive.fr/image.ashx?id=2837729&use=l&cat=p&typeid=i","cat":333672},{"id":5034,"n":"Galette au blé noir Côté Table Lardons chèvre - 195g","p":1.75,"u":"8,97 €/KG","img":"https://fd9-photos.leclercdrive.fr/image.ashx?id=2835014&use=l&cat=p&typeid=i","cat":333672},{"id":5037,"n":"Gésiers de volaille Volandrie 300g","p":2.49,"u":"8,30 €/KG","img":"https://fd9-photos.leclercdrive.fr/image.ashx?id=2814860&use=l&cat=p&typeid=i","cat":284715},{"id":5039,"n":"Crème caramel Délisse 8x100g","p":2.98,"u":"3,73 €/KG","img":"https://fd9-photos.leclercdrive.fr/image.ashx?id=2466069&use=l&cat=p&typeid=i","cat":284419},{"id":5040,"n":"Yaourts aromatisés 0% Délisse 4 saveurs - 12x125g","p":2.64,"u":"1,76 €/KG","img":"https://fd9-photos.leclercdrive.fr/image.ashx?id=2898829&use=l&cat=p&typeid=i","cat":315000},{"id":5041,"n":"Fromage blanc Déli'light Nature 0% MG - 1kg","p":1.79,"u":"1,79 €/KG","img":"https://fd9-photos.leclercdrive.fr/image.ashx?id=2905213&use=l&cat=p&typeid=i","cat":315000},{"id":5042,"n":"Fromage raclette Les Croisés 3 variétés - 26%mg - 700g","p":9.29,"u":"13,27 €/KG","img":"https://fd9-photos.leclercdrive.fr/image.ashx?id=2791755&use=l&cat=p&typeid=i","cat":314037},{"id":5044,"n":"Fromage à tartiner Les Croisés  Ail et fines herbes 25%mg 150g","p":1.29,"u":"8,60 €/KG","img":"https://fd9-photos.leclercdrive.fr/image.ashx?id=2476122&use=l&cat=p&typeid=i","cat":314029},{"id":5045,"n":"Riz au lait Délisse Vanille - 8x115g","p":2.08,"u":"2,26 €/KG","img":"https://fd9-photos.leclercdrive.fr/image.ashx?id=2489116&use=l&cat=p&typeid=i","cat":284418},{"id":5047,"n":"Gratte éponge Spontex Sans rinçage x3","p":1.38,"u":"0,46 €/P","img":"https://fd9-photos.leclercdrive.fr/image.ashx?id=2975783&use=l&cat=p&typeid=i","cat":284667},{"id":5049,"n":"Whisky Sir Edward's 40%vol - 1L","p":16.6,"u":"16,60 €/L","img":"https://fd9-photos.leclercdrive.fr/image.ashx?id=2510747&use=l&cat=p&typeid=i","cat":284547},{"id":5050,"n":"Sucre de canne Canadou 70cl","p":2.61,"u":"3,73 €/L","img":"https://fd9-photos.leclercdrive.fr/image.ashx?id=2534587&use=l&cat=p&typeid=i","cat":284551},{"id":5073,"n":"Muscat Olympio Samos 75cl","p":4.53,"u":"6,04 €/L","img":"https://fd9-photos.leclercdrive.fr/image.ashx?id=2504077&use=l&cat=p&typeid=i","cat":284913},{"id":5078,"n":"Sucres morceaux Béghin Say n°4 1kg","p":1.87,"u":"1,87 €/KG","img":"https://fd9-photos.leclercdrive.fr/image.ashx?id=2860172&use=l&cat=p&typeid=i","cat":284502},{"id":5079,"n":"Sucre cristal Béghin Say 1kg","p":1.88,"u":"1,88 €/KG","img":"https://fd9-photos.leclercdrive.fr/image.ashx?id=2866343&use=l&cat=p&typeid=i","cat":284502},{"id":5080,"n":"Sucre poudre Béghin Say Etui 1kg","p":1.79,"u":"1,79 €/KG","img":"https://fd9-photos.leclercdrive.fr/image.ashx?id=2866346&use=l&cat=p&typeid=i","cat":284502},{"id":5081,"n":"Sucre poudre Béghin Say 1kg","p":1.75,"u":"1,75 €/KG","img":"https://fd9-photos.leclercdrive.fr/image.ashx?id=2866349&use=l&cat=p&typeid=i","cat":284502},{"id":5083,"n":"Sucre canne Blonvilliers Béghin Say morceaux 1kg","p":2.55,"u":"2,55 €/KG","img":"https://fd9-photos.leclercdrive.fr/image.ashx?id=2962281&use=l&cat=p&typeid=i","cat":284502},{"id":5110,"n":"Pâtes Coquillettes Turini  1kg","p":1.32,"u":"1,32 €/KG","img":"https://fd9-photos.leclercdrive.fr/image.ashx?id=2980438&use=l&cat=p&typeid=i","cat":284427},{"id":5111,"n":"Couscous Comptoir du grain Grain fin - 500g","p":1.27,"u":"2,54 €/KG","img":"https://fd9-photos.leclercdrive.fr/image.ashx?id=3012809&use=l&cat=p&typeid=i","cat":284429},{"id":5112,"n":"Chocolat blanc Tablette d'Or Blanc - 2x100g","p":2.23,"u":"11,15 €/KG","img":"https://fd9-photos.leclercdrive.fr/image.ashx?id=2790880&use=l&cat=p&typeid=i","cat":284957},{"id":5114,"n":"Filet de harengs Pêche Océan MSC - Au naturel - 200g","p":1.75,"u":"8,75 €/KG","img":"https://fd9-photos.leclercdrive.fr/image.ashx?id=2992486&use=l&cat=p&typeid=i","cat":285190},{"id":5116,"n":"Crème de pêche Auguste Muniot 15%vol. - 50cl","p":4.99,"u":"9,98 €/L","img":"https://fd9-photos.leclercdrive.fr/image.ashx?id=2753360&use=l&cat=p&typeid=i","cat":286032},{"id":5117,"n":"Café soluble Plantation Qualité filtre - 200g","p":4.4,"u":"22,00 €/KG","img":"https://fd9-photos.leclercdrive.fr/image.ashx?id=2834269&use=l&cat=p&typeid=i","cat":284843},{"id":5121,"n":"Café moulu Plantation Ethiopie - 250g","p":3.79,"u":"15,16 €/KG","img":"https://fd9-photos.leclercdrive.fr/image.ashx?id=2607434&use=l&cat=p&typeid=i","cat":284750},{"id":5125,"n":"Farine de blé bio T65 Bio Village - 1kg","p":0.99,"u":"0,99 €/KG","img":"https://fd9-photos.leclercdrive.fr/image.ashx?id=2448418&use=l&cat=p&typeid=i","cat":284503},{"id":5126,"n":"Riz long Comptoir du Grain Cuisson rapide 10min - 1kg","p":1.69,"u":"1,69 €/KG","img":"https://fd9-photos.leclercdrive.fr/image.ashx?id=2764137&use=l&cat=p&typeid=i","cat":284428},{"id":5128,"n":"Chips Pom'lisse Bolognaise - 135g","p":1.29,"u":"9,56 €/KG","img":"https://fd9-photos.leclercdrive.fr/image.ashx?id=2919604&use=l&cat=p&typeid=i","cat":284447},{"id":5132,"n":"Croûtons Epi d'Or Nature - 2x90g","p":0.99,"u":"5,50 €/KG","img":"https://fd9-photos.leclercdrive.fr/image.ashx?id=2606037&use=l&cat=p&typeid=i","cat":284464},{"id":5160,"n":"Pur jus de fruits Tropicana Réveil fruité - 1,5L","p":3.4,"u":"2,27 €/L","img":"https://fd9-photos.leclercdrive.fr/image.ashx?id=2606400&use=l&cat=p&typeid=i","cat":284521},{"id":5176,"n":"Pâtes Alphabet Panzani 500g","p":1.27,"u":"2,54 €/KG","img":"https://fd9-photos.leclercdrive.fr/image.ashx?id=2896063&use=l&cat=p&typeid=i","cat":284427},{"id":5207,"n":"Baguette 3 Meuniers 250g","p":0.83,"u":"3,32 €/KG","img":"https://fd9-photos.leclercdrive.fr/image.ashx?id=2062885&use=l&cat=p&typeid=i","cat":284359},{"id":5211,"n":"Navet 500g","p":1.99,"u":"3,98 €/KG","img":"https://fd9-photos.leclercdrive.fr/image.ashx?id=1632545&use=l&cat=p&typeid=i","cat":284352},{"id":5227,"n":"Pâtes Lustucru coquillettes Oeufs frais - 250g","p":0.94,"u":"3,76 €/KG","img":"https://fd9-photos.leclercdrive.fr/image.ashx?id=2519474&use=l&cat=p&typeid=i","cat":284427},{"id":5228,"n":"Pâtes Lustucru spaghetti courts Oeufs frais - 250g","p":0.94,"u":"3,76 €/KG","img":"https://fd9-photos.leclercdrive.fr/image.ashx?id=2519477&use=l&cat=p&typeid=i","cat":284427},{"id":5244,"n":"Fromage Fin Fou Fromagerie Milleret - 180g","p":2.06,"u":"11,44 €/KG","img":"https://fd9-photos.leclercdrive.fr/image.ashx?id=2450919&use=l&cat=p&typeid=i","cat":314033},{"id":5250,"n":"Crème glacée Eskiss Pistache avec éclats - 494g","p":2.51,"u":"5,08 €/KG","img":"https://fd9-photos.leclercdrive.fr/image.ashx?id=2982586&use=l&cat=p&typeid=i","cat":284263},{"id":5253,"n":"Pansements Primoplast Spécial Articulations x30","p":1.59,"img":"https://fd9-photos.leclercdrive.fr/image.ashx?id=2832912&use=l&cat=p&typeid=i","cat":284630},{"id":5254,"n":"Croc's jambon Côté Croc Dinde x2 - 100g","p":1.72,"u":"8,60 €/KG","img":"https://fd9-photos.leclercdrive.fr/image.ashx?id=2449760&use=l&cat=p&typeid=i","cat":333683},{"id":5255,"n":"Croc Côté Croc Poulet Fromage x2 - 200g","p":1.54,"u":"7,70 €/KG","img":"https://fd9-photos.leclercdrive.fr/image.ashx?id=2967549&use=l&cat=p&typeid=i","cat":333683},{"id":5261,"n":"Fromage blanc Délisse Nature 7.8% MG - 8x100g","p":2.89,"u":"3,61 €/KG","img":"https://fd9-photos.leclercdrive.fr/image.ashx?id=3012812&use=l&cat=p&typeid=i","cat":284409},{"id":5263,"n":"Yaourts Pulpe de fruits Délisse Panaché de fruits - 16x100g","p":3.54,"u":"2,21 €/KG","img":"https://fd9-photos.leclercdrive.fr/image.ashx?id=2967555&use=l&cat=p&typeid=i","cat":284414},{"id":5264,"n":"Crème glacée Eskiss Fraise avec morceaux - 494g","p":2.84,"u":"5,75 €/KG","img":"https://fd9-photos.leclercdrive.fr/image.ashx?id=2982598&use=l&cat=p&typeid=i","cat":284263},{"id":5265,"n":"Piémontaise Menu Fraîcheur  Au jambon - 300g","p":1.59,"u":"5,30 €/KG","img":"https://fd9-photos.leclercdrive.fr/image.ashx?id=2901425&use=l&cat=p&typeid=i","cat":333657},{"id":5271,"n":"Betteraves Menu Fraîcheur  Rouge en dés - 300g","p":1.19,"u":"3,97 €/KG","img":"https://fd9-photos.leclercdrive.fr/image.ashx?id=2552418&use=l&cat=p&typeid=i","cat":333657},{"id":5273,"n":"Pilons de poulet Côté Croc à l'Indienne - 250g","p":2.49,"u":"9,96 €/KG","img":"https://fd9-photos.leclercdrive.fr/image.ashx?id=2560473&use=l&cat=p&typeid=i","cat":333685},{"id":5274,"n":"Quiche lorraine Coté Table 2x130g","p":1.99,"u":"7,65 €/KG","img":"https://fd9-photos.leclercdrive.fr/image.ashx?id=2869790&use=l&cat=p&typeid=i","cat":333680},{"id":5275,"n":"Taboulé Menu Fraîcheur Aux crevettes - 300g","p":1.95,"u":"6,50 €/KG","img":"https://fd9-photos.leclercdrive.fr/image.ashx?id=2645888&use=l&cat=p&typeid=i","cat":333657},{"id":5277,"n":"Yaourts Pâtissiers Délisse Spécialités gourmandes-12x125g","p":3.17,"u":"2,11 €/KG","img":"https://fd9-photos.leclercdrive.fr/image.ashx?id=2501667&use=l&cat=p&typeid=i","cat":314999},{"id":5279,"n":"Actifidus Delisse Nature - 4x125g","p":0.85,"u":"1,70 €/KG","img":"https://fd9-photos.leclercdrive.fr/image.ashx?id=2431107&use=l&cat=p&typeid=i","cat":315000},{"id":5281,"n":"Yaourts Petits Délis Chocolat - 6x100g","p":1.91,"u":"3,18 €/KG","img":"https://fd9-photos.leclercdrive.fr/image.ashx?id=2865188&use=l&cat=p&typeid=i","cat":284414},{"id":5284,"n":"Foies de volaille Volandrie confits - 300g","p":2.7,"u":"9,00 €/KG","img":"https://fd9-photos.leclercdrive.fr/image.ashx?id=2814857&use=l&cat=p&typeid=i","cat":284715},{"id":5285,"n":"Escalope Normande Côté Croc x2 - 200g","p":1.78,"u":"8,90 €/KG","img":"https://fd9-photos.leclercdrive.fr/image.ashx?id=2488353&use=l&cat=p&typeid=i","cat":333683},{"id":5288,"n":"Crème dessert Petits Délis Chocolat et lait - 6x70g","p":1.3,"u":"3,10 €/KG","img":"https://fd9-photos.leclercdrive.fr/image.ashx?id=2572061&use=l&cat=p&typeid=i","cat":285041},{"id":5289,"n":"Torti au surimi Menu Fraîcheur 300g","p":1.7,"u":"5,67 €/KG","img":"https://fd9-photos.leclercdrive.fr/image.ashx?id=2965443&use=l&cat=p&typeid=i","cat":333657},{"id":5291,"n":"Cordon bleu Côté Croc Dinde - 400g","p":3.67,"u":"9,18 €/KG","img":"https://fd9-photos.leclercdrive.fr/image.ashx?id=2915116&use=l&cat=p&typeid=i","cat":333683},{"id":5293,"n":"Biscuits apéritifs Tokapi 3 saveurs - 100g","p":0.79,"u":"7,90 €/KG","img":"https://fd9-photos.leclercdrive.fr/image.ashx?id=2885768&use=l&cat=p&typeid=i","cat":284449},{"id":5294,"n":"Yaourts brassés Délisse Nature - 4x125g","p":1.05,"u":"2,10 €/KG","img":"https://fd9-photos.leclercdrive.fr/image.ashx?id=2282162&use=l&cat=p&typeid=i","cat":284409},{"id":5296,"n":"Crème dessert Délisse Chocolat blanc - 4x125g","p":1.36,"u":"2,72 €/KG","img":"https://fd9-photos.leclercdrive.fr/image.ashx?id=2753475&use=l&cat=p&typeid=i","cat":285041},{"id":5308,"n":"Biscuits Mini Rollos Pépito Chocolat au lait - 225g","p":1.84,"u":"8,18 €/KG","img":"https://fd9-photos.leclercdrive.fr/image.ashx?id=3014407&use=l&cat=p&typeid=i","cat":284488},{"id":5311,"n":"Petits pois carottes d'Aucy A l'étuvée - Extra fins - 530g","p":1.66,"u":"3,13 €/KG","img":"https://fd9-photos.leclercdrive.fr/image.ashx?id=2426364&use=l&cat=p&typeid=i","cat":312607},{"id":5317,"n":"Lentilles cuisinées Raynal Et Roquelaure - 410g","p":1.26,"u":"3,07 €/KG","img":"https://fd9-photos.leclercdrive.fr/image.ashx?id=2928396&use=l&cat=p&typeid=i","cat":312609},{"id":5318,"n":"Biscuits galettes St Michel 130g","p":0.88,"u":"6,77 €/KG","img":"https://fd9-photos.leclercdrive.fr/image.ashx?id=2986149&use=l&cat=p&typeid=i","cat":284487},{"id":5321,"n":"Chocolat poudre Benco 400g","p":2.3,"u":"5,75 €/KG","img":"https://fd9-photos.leclercdrive.fr/image.ashx?id=2871805&use=l&cat=p&typeid=i","cat":293235},{"id":5325,"n":"Confiture Bonne Maman Fraise - 370g","p":1.7,"u":"4,59 €/KG","img":"https://fd9-photos.leclercdrive.fr/image.ashx?id=2474984&use=l&cat=p&typeid=i","cat":284480},{"id":5329,"n":"Saucisses aux lentilles William Saurin - 420g","p":2.14,"u":"5,10 €/KG","img":"https://fd9-photos.leclercdrive.fr/image.ashx?id=2890067&use=l&cat=p&typeid=i","cat":284441},{"id":5335,"n":"Cancoillotte nature Président 250g","p":2.9,"u":"11,60 €/KG","img":"https://fd9-photos.leclercdrive.fr/image.ashx?id=2625160&use=l&cat=p&typeid=i","cat":314037},{"id":5339,"n":"Fruits au sirop St Mamet Cocktail - 500g","p":3.81,"u":"7,62 €/KG","img":"https://fd9-photos.leclercdrive.fr/image.ashx?id=2412435&use=l&cat=p&typeid=i","cat":284507},{"id":5342,"n":"Soda Canada Dry Ginger Ale 1,5L","p":1.95,"u":"1,30 €/L","img":"https://fd9-photos.leclercdrive.fr/image.ashx?id=2654674&use=l&cat=p&typeid=i","cat":284531},{"id":5364,"n":"Fromage blanc Délisse Nature 7% MG - 1kg","p":2.39,"u":"2,39 €/KG","img":"https://fd9-photos.leclercdrive.fr/image.ashx?id=2834999&use=l&cat=p&typeid=i","cat":284409},{"id":5369,"n":"Légumes couscous Notre Jardin 800g","p":1.49,"u":"1,86 €/KG","img":"https://fd9-photos.leclercdrive.fr/image.ashx?id=2854213&use=l&cat=p&typeid=i","cat":312612},{"id":5381,"n":"Dentifrice Dentamyl Haleine fraîche 75ml","p":1.39,"u":"18,53 €/L","img":"https://fd9-photos.leclercdrive.fr/image.ashx?id=2613828&use=l&cat=p&typeid=i","cat":284612},{"id":5385,"n":"Lait coco Tables du Monde 200ml","p":0.86,"u":"4,30 €/L","img":"https://fd9-photos.leclercdrive.fr/image.ashx?id=2920172&use=l&cat=p&typeid=i","cat":288992},{"id":5386,"n":"Biscuit Petit beurre P'tit Déli Tablette chocolat lait - 150g","p":1.29,"u":"8,60 €/KG","img":"https://fd9-photos.leclercdrive.fr/image.ashx?id=2711644&use=l&cat=p&typeid=i","cat":284488},{"id":5390,"n":"Crème anglaise Délisse 50cl","p":1.28,"u":"2,56 €/L","img":"https://fd9-photos.leclercdrive.fr/image.ashx?id=3002569&use=l&cat=p&typeid=i","cat":284382},{"id":5391,"n":"Yaourts à boire Délisse 3 parfums - 6x180g","p":2.39,"u":"2,21 €/KG","img":"https://fd9-photos.leclercdrive.fr/image.ashx?id=2757924&use=l&cat=p&typeid=i","cat":284415},{"id":5393,"n":"Fromage blanc Délisse Framboise 5.5% MG - 500g","p":2.39,"u":"4,78 €/KG","img":"https://fd9-photos.leclercdrive.fr/image.ashx?id=3012821&use=l&cat=p&typeid=i","cat":284409},{"id":5396,"n":"Bain de bouche Dentamyl Multi Protection - 500ml","p":1.89,"u":"3,78 €/L","img":"https://fd9-photos.leclercdrive.fr/image.ashx?id=2500806&use=l&cat=p&typeid=i","cat":284613},{"id":5399,"n":"Pur jus d'orange Bio Village Bio sans pulpe - 1L","p":2.45,"u":"2,45 €/L","img":"https://fd9-photos.leclercdrive.fr/image.ashx?id=2901521&use=l&cat=p&typeid=i","cat":284521},{"id":5400,"n":"Nouilles bouclées d'Alsace NRT 250g","p":1.39,"u":"5,56 €/KG","img":"https://fd9-photos.leclercdrive.fr/image.ashx?id=2839965&use=l&cat=p&typeid=i","cat":284427},{"id":5403,"n":"Plumes d'Alsace NRT 250g","p":1.39,"u":"5,56 €/KG","img":"https://fd9-photos.leclercdrive.fr/image.ashx?id=2839971&use=l&cat=p&typeid=i","cat":284427},{"id":5404,"n":"IGP Coquilles d'Alsace NRT 250g","p":1.39,"u":"5,56 €/KG","img":"https://fd9-photos.leclercdrive.fr/image.ashx?id=2839974&use=l&cat=p&typeid=i","cat":284427},{"id":5405,"n":"Saucisse sèche d'Auvergne  NRT - 300g","p":5.74,"u":"19,13 €/KG","img":"https://fd9-photos.leclercdrive.fr/image.ashx?id=2991473&use=l&cat=p&typeid=i","cat":316006},{"id":5406,"n":"Saucisson sec d'Auvergne IGP Nos Régions ont du Talent 300g","p":5.54,"u":"18,47 €/KG","img":"https://fd9-photos.leclercdrive.fr/image.ashx?id=2991476&use=l&cat=p&typeid=i","cat":316006},{"id":5407,"n":"Coquillettes d'Alsace NRT 250g","p":1.39,"u":"5,56 €/KG","img":"https://fd9-photos.leclercdrive.fr/image.ashx?id=2839977&use=l&cat=p&typeid=i","cat":284427},{"id":5465,"n":"Eau de source de Montagne 6x50cl","p":1.68,"u":"0,56 €/L","img":"https://fd9-photos.leclercdrive.fr/image.ashx?id=2727614&use=l&cat=p&typeid=i","cat":284535},{"id":5468,"n":"Papier toilette Parfumé Mimosa Soleil d'été - x6","p":2.89,"u":"0,48 €/P","img":"https://fd9-photos.leclercdrive.fr/image.ashx?id=2837244&use=l&cat=p&typeid=i","cat":284634},{"id":5472,"n":"Biscuits barquettes P'tit Déli Fraise - 2x120g","p":1.67,"u":"6,96 €/KG","img":"https://fd9-photos.leclercdrive.fr/image.ashx?id=2691168&use=l&cat=p&typeid=i","cat":284489},{"id":5498,"n":"Comté des terroirs Entremont 200g","p":3.62,"u":"18,10 €/KG","img":"https://fd9-photos.leclercdrive.fr/image.ashx?id=2474245&use=l&cat=p&typeid=i","cat":314034},{"id":5501,"n":"Sel La Baleine  Fin iodé 125g","p":0.35,"u":"2,80 €/KG","img":"https://fd9-photos.leclercdrive.fr/image.ashx?id=2019879&use=l&cat=p&typeid=i","cat":284457},{"id":5509,"n":"Pâtes Torsades Turini 1kg","p":1.29,"u":"1,29 €/KG","img":"https://fd9-photos.leclercdrive.fr/image.ashx?id=2980459&use=l&cat=p&typeid=i","cat":284427},{"id":5511,"n":"Sparadrap Primoplast Peaux délicates 5mx2.5cm","p":1.48,"img":"https://fd9-photos.leclercdrive.fr/image.ashx?id=2856426&use=l&cat=p&typeid=i","cat":284630},{"id":5512,"n":"Sparadrap Primoplast résistant 5mx2.5cm","p":1.49,"img":"https://fd9-photos.leclercdrive.fr/image.ashx?id=2856435&use=l&cat=p&typeid=i","cat":284630},{"id":5515,"n":"Vin mousseux d'Union Européenne  brut  -75cl","p":2.99,"u":"3,99 €/L","img":"https://fd9-photos.leclercdrive.fr/image.ashx?id=2807279&use=l&cat=p&typeid=i","cat":284544},{"id":5517,"n":"Canapés toasts Epi d'Or Nature - 280g","p":1.26,"u":"4,50 €/KG","img":"https://fd9-photos.leclercdrive.fr/image.ashx?id=1859140&use=l&cat=p&typeid=i","cat":285454},{"id":5526,"n":"Fromage Bleu d'Auvergne NRT  AOP - 125g","p":1.39,"u":"11,12 €/KG","img":"https://fd9-photos.leclercdrive.fr/image.ashx?id=2771040&use=l&cat=p&typeid=i","cat":314032},{"id":5529,"n":"Croquettes petits chiens Ultima  Poulet - Yorkshire - 800g","p":3.12,"u":"3,90 €/KG","img":"https://fd9-photos.leclercdrive.fr/image.ashx?id=2922224&use=l&cat=p&typeid=i","cat":294526},{"id":5543,"n":"Petites quenelles Petitjean De volaille au naturel - 255g","p":1.61,"u":"6,31 €/KG","img":"https://fd9-photos.leclercdrive.fr/image.ashx?id=2677225&use=l&cat=p&typeid=i","cat":284441},{"id":5545,"n":"Garniture Bouchées à la reine Petit Jean - 400g","p":2.22,"u":"5,55 €/KG","img":"https://fd9-photos.leclercdrive.fr/image.ashx?id=2677240&use=l&cat=p&typeid=i","cat":284441},{"id":5563,"n":"Biscuits P'tit Déli Délimousse 175g","p":1.51,"u":"8,63 €/KG","img":"https://fd9-photos.leclercdrive.fr/image.ashx?id=2540936&use=l&cat=p&typeid=i","cat":284495},{"id":5564,"n":"Lingettes nettoyantes Clair Vitres 3en1 x20","p":0.87,"u":"0,04 €/P","img":"https://fd9-photos.leclercdrive.fr/image.ashx?id=2858827&use=l&cat=p&typeid=i","cat":325363},{"id":5573,"n":"Quenelles Côté Table volaille Sauce champignons 400g","p":1.75,"u":"4,38 €/KG","img":"https://fd9-photos.leclercdrive.fr/image.ashx?id=2977135&use=l&cat=p&typeid=i","cat":284441},{"id":5574,"n":"Quenelles Côté Table saumon Sauce crevette 400g","p":1.8,"u":"4,50 €/KG","img":"https://fd9-photos.leclercdrive.fr/image.ashx?id=2977138&use=l&cat=p&typeid=i","cat":284441},{"id":5575,"n":"Compote Douceur du Verger Gourdes Pomme - 12x90g","p":2.7,"u":"2,50 €/KG","img":"https://fd9-photos.leclercdrive.fr/image.ashx?id=2837033&use=l&cat=p&typeid=i","cat":284508},{"id":5576,"n":"Biscuits choco barre P'tit Déli Chocolat lait 295g","p":2.64,"u":"8,95 €/KG","img":"https://fd9-photos.leclercdrive.fr/image.ashx?id=2618229&use=l&cat=p&typeid=i","cat":284488},{"id":5578,"n":"Cuillers à pâtisserie  P'tit Déli 300g","p":2.49,"u":"8,30 €/KG","img":"https://fd9-photos.leclercdrive.fr/image.ashx?id=2046352&use=l&cat=p&typeid=i","cat":284487},{"id":5579,"n":"Préfou à l'ail Paso 350g","p":4.3,"u":"12,29 €/KG","img":"https://fd9-photos.leclercdrive.fr/image.ashx?id=2332621&use=l&cat=p&typeid=i","cat":316003},{"id":5582,"n":"Chewing-gum Freedent white Fruits sans sucre x50 - 70g","p":2.5,"u":"35,71 €/KG","img":"https://fd9-photos.leclercdrive.fr/image.ashx?id=2237283&use=l&cat=p&typeid=i","cat":304251},{"id":5612,"n":"Eau de source Cristaline 6x1,5L","p":1.12,"u":"0,12 €/L","img":"https://fd9-photos.leclercdrive.fr/image.ashx?id=2389449&use=l&cat=p&typeid=i","cat":284535},{"id":5619,"n":"Oeufs de lompe Ronde des Mers Rouge - MSC - 100g","p":2.6,"u":"26,00 €/KG","img":"https://fd9-photos.leclercdrive.fr/image.ashx?id=2822720&use=l&cat=p&typeid=i","cat":285191},{"id":5622,"n":"Croquettes chiens Lydog Spécial Forme - Volaille - 4kg","p":4.99,"u":"1,25 €/KG","img":"https://fd9-photos.leclercdrive.fr/image.ashx?id=2191117&use=l&cat=p&typeid=i","cat":284672},{"id":5624,"n":"Croquettes chiens Lydog Junior - Volaille - 4kg","p":7.98,"u":"2,00 €/KG","img":"https://fd9-photos.leclercdrive.fr/image.ashx?id=1937477&use=l&cat=p&typeid=i","cat":284672},{"id":5626,"n":"Bonbons Copains Copines Frites acides - 275 g","p":1.71,"u":"6,22 €/KG","img":"https://fd9-photos.leclercdrive.fr/image.ashx?id=2934655&use=l&cat=p&typeid=i","cat":304250},{"id":5627,"n":"Lasagnes bolognaise Côté Table 1kg","p":4.14,"u":"4,14 €/KG","img":"https://fd9-photos.leclercdrive.fr/image.ashx?id=2570915&use=l&cat=p&typeid=i","cat":333666},{"id":5630,"n":"Papier toilette blanc Mimosa Ultra doux maxi rouleau - x12","p":5.4,"u":"0,45 €/P","img":"https://fd9-photos.leclercdrive.fr/image.ashx?id=2794862&use=l&cat=p&typeid=i","cat":284634},{"id":5633,"n":"Soufflés Grignot' Tokapi Cacahuète - 90g","p":0.7,"u":"7,78 €/KG","img":"https://fd9-photos.leclercdrive.fr/image.ashx?id=2049223&use=l&cat=p&typeid=i","cat":284449},{"id":5635,"n":"Rosette de Lyon NRT 400g","p":5.72,"u":"14,30 €/KG","img":"https://fd9-photos.leclercdrive.fr/image.ashx?id=2991491&use=l&cat=p&typeid=i","cat":316006},{"id":5772,"n":"Biscuits tartelette Bonne Maman Citron 125g","p":1.32,"u":"10,56 €/KG","img":"https://fd9-photos.leclercdrive.fr/image.ashx?id=2962296&use=l&cat=p&typeid=i","cat":284489},{"id":5806,"n":"Spécialité au soja Sojasun Fruits rouges - 4x100g","p":1.73,"u":"4,33 €/KG","img":"https://fd9-photos.leclercdrive.fr/image.ashx?id=2337630&use=l&cat=p&typeid=i","cat":316071},{"id":5833,"n":"Biscuits Cuillers P'tit Déli Dégustation x20 - 200g","p":2.49,"u":"12,45 €/KG","img":"https://fd9-photos.leclercdrive.fr/image.ashx?id=1856164&use=l&cat=p&typeid=i","cat":284487},{"id":5838,"n":"Petit salé Côté Table lentilles A l'auvergnate 420g","p":2.27,"u":"5,40 €/KG","img":"https://fd9-photos.leclercdrive.fr/image.ashx?id=2977123&use=l&cat=p&typeid=i","cat":284441},{"id":5839,"n":"Tarama Rondes des mers Au saumon fumé - 100g","p":1.33,"u":"13,30 €/P","img":"https://fd9-photos.leclercdrive.fr/image.ashx?id=2824609&use=l&cat=p&typeid=i","cat":315999},{"id":5840,"n":"Filets anchois Rondes des mers 105g","p":2.73,"u":"26,00 €/KG","img":"https://fd9-photos.leclercdrive.fr/image.ashx?id=2046038&use=l&cat=p&typeid=i","cat":285190},{"id":5841,"n":"Allume-feu Silex gel 1L","p":4.52,"u":"4,52 €/L","img":"https://fd9-photos.leclercdrive.fr/image.ashx?id=1698408&use=l&cat=p&typeid=i","cat":300578},{"id":5844,"n":"Saumon Ronde des Mers Tranches pour toasts - 80g","p":4.59,"u":"57,38 €/KG","img":"https://fd9-photos.leclercdrive.fr/image.ashx?id=2449972&use=l&cat=p&typeid=i","cat":285188},{"id":5850,"n":"Couscous Côté Table Poulet merguez 450g","p":2.7,"u":"6,00 €/KG","img":"https://fd9-photos.leclercdrive.fr/image.ashx?id=1936608&use=l&cat=p&typeid=i","cat":333665},{"id":5856,"n":"Préparation pour crème brûlée Délisse 4x100g","p":2.59,"u":"6,48 €/KG","img":"https://fd9-photos.leclercdrive.fr/image.ashx?id=2842465&use=l&cat=p&typeid=i","cat":284419},{"id":5859,"n":"Guacamole Tables du Monde 200g","p":2.29,"u":"13,09 €/KG","img":"https://fd9-photos.leclercdrive.fr/image.ashx?id=2872252&use=l&cat=p&typeid=i","cat":315999},{"id":5860,"n":"Petit pot de crème Délisse Pistache - 4x100g","p":1.85,"u":"4,63 €/KG","img":"https://fd9-photos.leclercdrive.fr/image.ashx?id=2550378&use=l&cat=p&typeid=i","cat":285041},{"id":5865,"n":"Actifidus Délisse Noix de coco - 4x125g","p":1.38,"u":"2,76 €/KG","img":"https://fd9-photos.leclercdrive.fr/image.ashx?id=2421039&use=l&cat=p&typeid=i","cat":315000},{"id":5866,"n":"Actifidus Délisse Vanille - 12x125g","p":2.58,"u":"1,72 €/KG","img":"https://fd9-photos.leclercdrive.fr/image.ashx?id=2751877&use=l&cat=p&typeid=i","cat":315000},{"id":5868,"n":"Spécialité au soja Nat & Vie Vanille - 4x100g","p":1.35,"u":"3,38 €/KG","img":"https://fd9-photos.leclercdrive.fr/image.ashx?id=2901434&use=l&cat=p&typeid=i","cat":316071},{"id":5869,"n":"Spécialité au soja Nat & Vie Chocolat - 4x100g","p":1.34,"u":"3,35 €/KG","img":"https://fd9-photos.leclercdrive.fr/image.ashx?id=2901437&use=l&cat=p&typeid=i","cat":316071},{"id":5871,"n":"Yaourts à boire DéliUp' Délisse Fraise - 10x100g","p":2.87,"u":"2,87 €/KG","img":"https://fd9-photos.leclercdrive.fr/image.ashx?id=1871092&use=l&cat=p&typeid=i","cat":284415},{"id":5873,"n":"Beignets crevettes Tables du Monde x6 140g","p":2.06,"u":"14,71 €/KG","img":"https://fd9-photos.leclercdrive.fr/image.ashx?id=2865053&use=l&cat=p&typeid=i","cat":333673},{"id":5878,"n":"Jus 3 agrumes Jafaden 1L","p":2.75,"u":"2,75 €/L","img":"https://fd9-photos.leclercdrive.fr/image.ashx?id=2916665&use=l&cat=p&typeid=i","cat":285435},{"id":5880,"n":"Yaourts mousse Petits Délis Fruits - 6x74g","p":1.77,"u":"3,99 €/KG","img":"https://fd9-photos.leclercdrive.fr/image.ashx?id=2907057&use=l&cat=p&typeid=i","cat":284414},{"id":5891,"n":"Tzatziki Tables du Monde 200g","p":1.59,"u":"7,95 €/KG","img":"https://fd9-photos.leclercdrive.fr/image.ashx?id=2872255&use=l&cat=p&typeid=i","cat":315999},{"id":5896,"n":"Litière rongeurs P'tit Ami 15L","p":1.32,"u":"0,09 €/L","img":"https://fd9-photos.leclercdrive.fr/image.ashx?id=2162198&use=l&cat=p&typeid=i","cat":284677},{"id":5898,"n":"Litière rongeurs P'tit Ami 60L","p":4.2,"u":"0,07 €/L","img":"https://fd9-photos.leclercdrive.fr/image.ashx?id=2162204&use=l&cat=p&typeid=i","cat":284677},{"id":5901,"n":"Filtre à café Melitta 1x4 Original - x40","p":0.99,"u":"0,02 €/P","img":"https://fd9-photos.leclercdrive.fr/image.ashx?id=2882053&use=l&cat=p&typeid=i","cat":284751},{"id":5907,"n":"Haricots beurre d'aucy Extra-fins - 440g","p":1.9,"u":"4,32 €/KG","img":"https://fd9-photos.leclercdrive.fr/image.ashx?id=2431536&use=l&cat=p&typeid=i","cat":312606},{"id":5908,"n":"Tourteau fromagé du Poitou NRT 250g","p":2.85,"u":"11,40 €/KG","img":"https://fd9-photos.leclercdrive.fr/image.ashx?id=2040347&use=l&cat=p&typeid=i","cat":284419},{"id":5951,"n":"Ravioli bolognaise   Panzani - 800g","p":3.64,"u":"4,55 €/KG","img":"https://fd9-photos.leclercdrive.fr/image.ashx?id=2876062&use=l&cat=p&typeid=i","cat":284442},{"id":5952,"n":"Couscous Grain Moyen Ferrero - 1kg","p":2.32,"u":"2,32 €/KG","img":"https://fd9-photos.leclercdrive.fr/image.ashx?id=2744740&use=l&cat=p&typeid=i","cat":284429},{"id":5954,"n":"Café moulu San Marco Arabica - 2x250g","p":10.65,"u":"21,30 €/KG","img":"https://fd9-photos.leclercdrive.fr/image.ashx?id=2645510&use=l&cat=p&typeid=i","cat":284750},{"id":6024,"n":"Tarte aux pommes 4/6 parts  1 p","p":5.8,"img":"https://fd9-photos.leclercdrive.fr/image.ashx?id=569875&use=l&cat=p&typeid=i","cat":284360},{"id":6067,"n":"Huile d'olive Bio Village Bio Vierge extra - 75cl","p":7.47,"u":"9,96 €/L","img":"https://fd9-photos.leclercdrive.fr/image.ashx?id=3005697&use=l&cat=p&typeid=i","cat":284453},{"id":6070,"n":"Pâtes tagliatelles Bio Village Bio - 250g","p":1.65,"u":"6,60 €/KG","img":"https://fd9-photos.leclercdrive.fr/image.ashx?id=1986832&use=l&cat=p&typeid=i","cat":284427},{"id":6085,"n":"Jus de fruits Tropicana Multivitamines - 1,5L","p":3.6,"u":"2,40 €/L","img":"https://fd9-photos.leclercdrive.fr/image.ashx?id=2605818&use=l&cat=p&typeid=i","cat":284917},{"id":6089,"n":"Pâtes Blé complet Barilla Spaghetti Integrale - 500g","p":1.23,"u":"2,46 €/KG","img":"https://fd9-photos.leclercdrive.fr/image.ashx?id=2986951&use=l&cat=p&typeid=i","cat":284427},{"id":6105,"n":"Biscuits apéritif Lay's 3D's Goût Nature Sel - 85g","p":0.81,"u":"9,53 €/KG","img":"https://fd9-photos.leclercdrive.fr/image.ashx?id=2917417&use=l&cat=p&typeid=i","cat":284449},{"id":6106,"n":"Biscuits apéritif Lay's 3D's Goût Fromage - 85g","p":0.81,"u":"9,53 €/KG","img":"https://fd9-photos.leclercdrive.fr/image.ashx?id=2923672&use=l&cat=p&typeid=i","cat":284449},{"id":6145,"n":"Biscuits Goûters REM Chocolat - 3x125g","p":2.29,"u":"6,11 €/KG","img":"https://fd9-photos.leclercdrive.fr/image.ashx?id=2841193&use=l&cat=p&typeid=i","cat":284488},{"id":6152,"n":"Pâtes gansettes Panzani 500g","p":1.17,"u":"2,34 €/KG","img":"https://fd9-photos.leclercdrive.fr/image.ashx?id=2876017&use=l&cat=p&typeid=i","cat":284427},{"id":6153,"n":"Pâtes Macaroni Panzani 1kg","p":1.75,"u":"1,75 €/KG","img":"https://fd9-photos.leclercdrive.fr/image.ashx?id=2876026&use=l&cat=p&typeid=i","cat":284427},{"id":6154,"n":"Pâtes farfalle Panzani 500g","p":1.05,"u":"2,10 €/KG","img":"https://fd9-photos.leclercdrive.fr/image.ashx?id=2884300&use=l&cat=p&typeid=i","cat":284427},{"id":6155,"n":"Pâtes Torti Panzani 3 Minutes - 500G","p":1.17,"u":"2,34 €/KG","img":"https://fd9-photos.leclercdrive.fr/image.ashx?id=2896084&use=l&cat=p&typeid=i","cat":284427},{"id":6168,"n":"Viande Bovine Rumsteack Socopa  Mariné à l'échalote - x2 - 240g","p":6.12,"u":"25,50 €/KG","img":"https://fd9-photos.leclercdrive.fr/image.ashx?id=2414612&use=l&cat=p&typeid=i","cat":284328},{"id":6169,"n":"Fromage apéritif Apéricube Nature 24 cubes","p":2.15,"u":"17,20 €/KG","img":"https://fd9-photos.leclercdrive.fr/image.ashx?id=2883447&use=l&cat=p&typeid=i","cat":314027},{"id":6185,"n":"Sucre glace Béghin Say 500g","p":1.9,"u":"3,80 €/KG","img":"https://fd9-photos.leclercdrive.fr/image.ashx?id=2593608&use=l&cat=p&typeid=i","cat":284502},{"id":6188,"n":"Boisson lactée Candy'UP Fraise - 6x20cl","p":2.79,"u":"2,33 €/L","img":"https://fd9-photos.leclercdrive.fr/image.ashx?id=2485629&use=l&cat=p&typeid=i","cat":295246},{"id":6192,"n":"Rôti de dinde cuit Maître Coq 500g","p":5.22,"u":"10,44 €/KG","img":"https://fd9-photos.leclercdrive.fr/image.ashx?id=2340159&use=l&cat=p&typeid=i","cat":284337},{"id":6196,"n":"AOP Côtes du Rhône rouge Prestige Cellier Dauphins 75cl","p":3.45,"u":"4,60 €/L","img":"https://fd9-photos.leclercdrive.fr/image.ashx?id=2490533&use=l&cat=p&typeid=i","cat":289556},{"id":6218,"n":"Fromage blanc Déli'light aux Fruits - 0% mg - 8x100g","p":2.89,"u":"3,61 €/KG","img":"https://fd9-photos.leclercdrive.fr/image.ashx?id=1693640&use=l&cat=p&typeid=i","cat":315000},{"id":6222,"n":"Fromage à tartiner Les Croisés Noix - 25%mg - 125g","p":1.4,"u":"11,20 €/KG","img":"https://fd9-photos.leclercdrive.fr/image.ashx?id=2959218&use=l&cat=p&typeid=i","cat":314029},{"id":6223,"n":"Fromage Maroilles AOP  Nos Régions ont du Talent 200g","p":2.69,"u":"13,45 €/KG","img":"https://fd9-photos.leclercdrive.fr/image.ashx?id=2411892&use=l&cat=p&typeid=i","cat":329558},{"id":6242,"n":"Café soluble Plantation Qualité filtre - 100g","p":2.75,"u":"27,50 €/KG","img":"https://fd9-photos.leclercdrive.fr/image.ashx?id=2834272&use=l&cat=p&typeid=i","cat":284843},{"id":6249,"n":"Céleri Menu Fraîcheur  Rémoulade - 500g","p":1.58,"u":"3,16 €/KG","img":"https://fd9-photos.leclercdrive.fr/image.ashx?id=2820107&use=l&cat=p&typeid=i","cat":333657},{"id":6254,"n":"Salade Coleslaw Menu Fraîcheur  300g","p":1.19,"u":"3,97 €/KG","img":"https://fd9-photos.leclercdrive.fr/image.ashx?id=2645891&use=l&cat=p&typeid=i","cat":333657},{"id":6276,"n":"Part de flan  2x1p","p":3.9,"u":"1,95 €/P","img":"https://fd9-photos.leclercdrive.fr/image.ashx?id=572782&use=l&cat=p&typeid=i","cat":284360},{"id":6291,"n":"Semoule fine Panzani 500g","p":1.13,"u":"2,26 €/KG","img":"https://fd9-photos.leclercdrive.fr/image.ashx?id=2745559&use=l&cat=p&typeid=i","cat":284429},{"id":6314,"n":"Pansements Primoplast Peaux sensibles x30","p":0.74,"img":"https://fd9-photos.leclercdrive.fr/image.ashx?id=2832918&use=l&cat=p&typeid=i","cat":284630},{"id":6316,"n":"Escalope de poulet Côté Croc À la Bolognaise x2 - 200g","p":2.13,"u":"10,65 €/KG","img":"https://fd9-photos.leclercdrive.fr/image.ashx?id=2814420&use=l&cat=p&typeid=i","cat":333683},{"id":6344,"n":"Boules soufflées Tokapi  Fromage - 50g","p":0.58,"u":"11,60 €/KG","img":"https://fd9-photos.leclercdrive.fr/image.ashx?id=2885762&use=l&cat=p&typeid=i","cat":284449},{"id":6346,"n":"Madeleines longues P'tit Déli  Pur beurre 250g","p":1.57,"u":"6,28 €/KG","img":"https://fd9-photos.leclercdrive.fr/image.ashx?id=2825293&use=l&cat=p&typeid=i","cat":284492},{"id":6347,"n":"Beurre  Les Croisés 80% MG  Demi-sel Extra fin - 250g","p":2.99,"u":"11,96 €/KG","img":"https://fd9-photos.leclercdrive.fr/image.ashx?id=2839881&use=l&cat=p&typeid=i","cat":284379},{"id":6349,"n":"Filets anchois Ronde des Mers Câpres huile d'olive - 50g","p":1.4,"u":"28,00 €/KG","img":"https://fd9-photos.leclercdrive.fr/image.ashx?id=2992501&use=l&cat=p&typeid=i","cat":285190},{"id":6350,"n":"Eponges Mamison couleur Super absorbantes x3","p":1.22,"u":"0,41 €/P","img":"https://fd9-photos.leclercdrive.fr/image.ashx?id=2458049&use=l&cat=p&typeid=i","cat":284667},{"id":6353,"n":"Pancetta italienne Saint Azay 10 tranches - 100g","p":2.89,"u":"28,90 €/KG","img":"https://fd9-photos.leclercdrive.fr/image.ashx?id=2665847&use=l&cat=p&typeid=i","cat":316007},{"id":6354,"n":"Miel Nid d'Abeille Crémeux - 500 g","p":3.92,"u":"7,84 €/KG","img":"https://fd9-photos.leclercdrive.fr/image.ashx?id=2676534&use=l&cat=p&typeid=i","cat":287643},{"id":6355,"n":"AOC Clairette de Die doux Rives et Terrasses - 75cl","p":5.29,"u":"7,05 €/L","img":"https://fd9-photos.leclercdrive.fr/image.ashx?id=2753369&use=l&cat=p&typeid=i","cat":284544},{"id":6357,"n":"Chorizo doux Saint Azay 30 tranches - 150g","p":2.09,"u":"13,93 €/KG","img":"https://fd9-photos.leclercdrive.fr/image.ashx?id=1873710&use=l&cat=p&typeid=i","cat":316007},{"id":6358,"n":"Gel nettoyant wc javel Syphon Agrumes 750ml","p":0.89,"u":"1,19 €/L","img":"https://fd9-photos.leclercdrive.fr/image.ashx?id=2669696&use=l&cat=p&typeid=i","cat":284662},{"id":6359,"n":"Croûtons Epi d'Or Fromage - 90g","p":0.99,"u":"11,00 €/KG","img":"https://fd9-photos.leclercdrive.fr/image.ashx?id=2651783&use=l&cat=p&typeid=i","cat":284464},{"id":6360,"n":"Croûtons Epi d'Or  Oignon - 90g","p":0.99,"u":"11,00 €/KG","img":"https://fd9-photos.leclercdrive.fr/image.ashx?id=2640986&use=l&cat=p&typeid=i","cat":284464},{"id":6362,"n":"Mélange Gourmand Tokapi  Graines et raisins - 120g","p":1.29,"u":"10,75 €/KG","img":"https://fd9-photos.leclercdrive.fr/image.ashx?id=2795547&use=l&cat=p&typeid=i","cat":284448},{"id":6364,"n":"Fromage Reblochon de Savoie NRT AOP - 450g","p":6.25,"u":"13,89 €/KG","img":"https://fd9-photos.leclercdrive.fr/image.ashx?id=2403285&use=l&cat=p&typeid=i","cat":314037},{"id":6365,"n":"Galettes sarrasin NRT de Bretagne 230g","p":1.79,"u":"7,78 €/KG","img":"https://fd9-photos.leclercdrive.fr/image.ashx?id=2770259&use=l&cat=p&typeid=i","cat":333672},{"id":6366,"n":"Crêpes de froment NRT de Bretagne 180g","p":1.99,"u":"11,06 €/KG","img":"https://fd9-photos.leclercdrive.fr/image.ashx?id=2771058&use=l&cat=p&typeid=i","cat":333672},{"id":6392,"n":"Compotes Andros Pomme vanille 750g","p":1.79,"u":"2,39 €/KG","img":"https://fd9-photos.leclercdrive.fr/image.ashx?id=2396120&use=l&cat=p&typeid=i","cat":284508},{"id":6434,"n":"Eau gazeuse Cristaline 6x1,5L","p":1.74,"u":"0,19 €/L","img":"https://fd9-photos.leclercdrive.fr/image.ashx?id=2694602&use=l&cat=p&typeid=i","cat":284536},{"id":6437,"n":"Fromage P'tit Louis  Filet 8 Portions - 160g","p":2.77,"u":"17,31 €/KG","img":"https://fd9-photos.leclercdrive.fr/image.ashx?id=2845994&use=l&cat=p&typeid=i","cat":314030},{"id":6448,"n":"Petits pois carottes Très fins  Notre Jardin -A l'étuvée - 265g","p":0.95,"u":"3,58 €/KG","img":"https://fd9-photos.leclercdrive.fr/image.ashx?id=2987973&use=l&cat=p&typeid=i","cat":312607},{"id":6451,"n":"Pavé au poivre Saint Azay 8 tranches - 150g","p":2.69,"u":"17,93 €/KG","img":"https://fd9-photos.leclercdrive.fr/image.ashx?id=2931766&use=l&cat=p&typeid=i","cat":316007},{"id":6452,"n":"Flan Délisse Vanille Caramel - 12x100g","p":1.89,"u":"1,58 €/KG","img":"https://fd9-photos.leclercdrive.fr/image.ashx?id=2851637&use=l&cat=p&typeid=i","cat":284420},{"id":6455,"n":"Soufflés Snacks Tokapi Bacon - 60g","p":0.48,"u":"8,00 €/KG","img":"https://fd9-photos.leclercdrive.fr/image.ashx?id=2625062&use=l&cat=p&typeid=i","cat":284449},{"id":6456,"n":"Haricots beurre d'aucy Extra-fins - 220g","p":1.23,"u":"5,59 €/KG","img":"https://fd9-photos.leclercdrive.fr/image.ashx?id=2438123&use=l&cat=p&typeid=i","cat":312606},{"id":6459,"n":"Rillettes Hénaff Porc cuisson lente - 3x78g","p":3.82,"u":"16,32 €/KG","img":"https://fd9-photos.leclercdrive.fr/image.ashx?id=2660601&use=l&cat=p&typeid=i","cat":305149},{"id":6467,"n":"Pâtes Macaroni Turini 1kg","p":1.35,"u":"1,35 €/KG","img":"https://fd9-photos.leclercdrive.fr/image.ashx?id=2980432&use=l&cat=p&typeid=i","cat":284427},{"id":6472,"n":"Miel L'Apiculteur crémeux  et onctueux- 500g","p":6.25,"u":"12,50 €/KG","img":"https://fd9-photos.leclercdrive.fr/image.ashx?id=2854387&use=l&cat=p&typeid=i","cat":287643},{"id":6484,"n":"Alcool modifié Mercurochrome 70° - 200ml","p":2.13,"u":"10,65 €/L","img":"https://fd9-photos.leclercdrive.fr/image.ashx?id=2663974&use=l&cat=p&typeid=i","cat":284630},{"id":6486,"n":"Biscuits apéritif Lay's 3D's Goût Bacon - 85g","p":0.8,"u":"9,41 €/KG","img":"https://fd9-photos.leclercdrive.fr/image.ashx?id=2917414&use=l&cat=p&typeid=i","cat":284449},{"id":6488,"n":"Sucre cristal Béghin Say 5kg","p":8.91,"u":"1,78 €/KG","img":"https://fd9-photos.leclercdrive.fr/image.ashx?id=2866340&use=l&cat=p&typeid=i","cat":284502},{"id":6496,"n":"Sauce au Beurre Blan KNORR Échalote - Brique 30cl","p":1.36,"u":"4,53 €/L","img":"https://fd9-photos.leclercdrive.fr/image.ashx?id=2915991&use=l&cat=p&typeid=i","cat":288381},{"id":6506,"n":"Rillettes de thon Gastromer Au poivre vert - 150g","p":2.51,"u":"16,73 €/KG","img":"https://fd9-photos.leclercdrive.fr/image.ashx?id=1849210&use=l&cat=p&typeid=i","cat":285191},{"id":6511,"n":"Pâtes Spaghetti Turini 1kg","p":1.35,"u":"1,35 €/KG","img":"https://fd9-photos.leclercdrive.fr/image.ashx?id=2980764&use=l&cat=p&typeid=i","cat":284427},{"id":6512,"n":"Riz long Comptoir du Grain Sachet cuisson rapide x4 - 500g","p":1.25,"u":"2,50 €/KG","img":"https://fd9-photos.leclercdrive.fr/image.ashx?id=2118454&use=l&cat=p&typeid=i","cat":284428},{"id":6513,"n":"Vinaigre de vin Rustica Aromatisé à l'échalote - 75cl","p":1.35,"u":"1,80 €/L","img":"https://fd9-photos.leclercdrive.fr/image.ashx?id=1659936&use=l&cat=p&typeid=i","cat":298543},{"id":6514,"n":"Margarine Nat & vie Idéal cuisson - 500g","p":1.29,"u":"2,58 €/KG","img":"https://fd9-photos.leclercdrive.fr/image.ashx?id=2903932&use=l&cat=p&typeid=i","cat":315229},{"id":6516,"n":"Gâteaux P'tit Déli Pépites au chocolat 5x30g","p":1.02,"u":"6,80 €/KG","img":"https://fd9-photos.leclercdrive.fr/image.ashx?id=1986647&use=l&cat=p&typeid=i","cat":284495},{"id":6519,"n":"Soufflés Frites Tokapi Salé - 80g","p":0.65,"u":"8,13 €/KG","img":"https://fd9-photos.leclercdrive.fr/image.ashx?id=2486074&use=l&cat=p&typeid=i","cat":284449},{"id":6521,"n":"Pâtes chinoises Tables du Monde 250g","p":1.19,"u":"4,76 €/KG","img":"https://fd9-photos.leclercdrive.fr/image.ashx?id=2572058&use=l&cat=p&typeid=i","cat":288992},{"id":6523,"n":"Champignons Paris Notre Jardin Emincés - 2x115g","p":1.71,"u":"7,43 €/KG","img":"https://fd9-photos.leclercdrive.fr/image.ashx?id=2724696&use=l&cat=p&typeid=i","cat":312610},{"id":6524,"n":"Dessert fruitier pomme Douceur du Verger 8x100g","p":1.69,"u":"2,11 €/KG","img":"https://fd9-photos.leclercdrive.fr/image.ashx?id=3013579&use=l&cat=p&typeid=i","cat":284416},{"id":6579,"n":"Vinaigre d'alcool coloré Eco+ 1L","p":0.35,"u":"0,35 €/L","img":"https://fd9-photos.leclercdrive.fr/image.ashx?id=2991410&use=l&cat=p&typeid=i","cat":298543},{"id":6580,"n":"Fromage de chévre Les Croisés 150g","p":1.42,"u":"9,47 €/KG","img":"https://fd9-photos.leclercdrive.fr/image.ashx?id=2978510&use=l&cat=p&typeid=i","cat":314031},{"id":6581,"n":"Fromage : Le carrou Les croisés Authentique - 27% mg - 220g","p":2.43,"u":"11,05 €/KG","img":"https://fd9-photos.leclercdrive.fr/image.ashx?id=2856272&use=l&cat=p&typeid=i","cat":314033},{"id":6584,"n":"Fromage blanc Délisse Mirabelle 5.5% MG - 500g","p":2.55,"u":"5,10 €/KG","img":"https://fd9-photos.leclercdrive.fr/image.ashx?id=3012824&use=l&cat=p&typeid=i","cat":284409},{"id":6589,"n":"Fromage Chaource NRT AOP  250g","p":3.55,"u":"14,20 €/KG","img":"https://fd9-photos.leclercdrive.fr/image.ashx?id=2874768&use=l&cat=p&typeid=i","cat":329558},{"id":6630,"n":"Pâtes torsettes Turini Les 3 min - 500g","p":0.82,"u":"1,64 €/KG","img":"https://fd9-photos.leclercdrive.fr/image.ashx?id=2607467&use=l&cat=p&typeid=i","cat":284427},{"id":6633,"n":"Eau déminéralisée 5L","p":1.51,"u":"0,30 €/L","img":"https://fd9-photos.leclercdrive.fr/image.ashx?id=2277020&use=l&cat=p&typeid=i","cat":284653},{"id":6648,"n":"Boîte chocolats Ferrero Rocher x28 pralines - 350g","p":11.99,"u":"34,26 €/KG","img":"https://fd9-photos.leclercdrive.fr/image.ashx?id=2952884&use=l&cat=p&typeid=i","cat":327600},{"id":6711,"n":"Spray nettoyant vitres Clair Recharge 750ml","p":1.09,"u":"1,45 €/L","img":"https://fd9-photos.leclercdrive.fr/image.ashx?id=1647691&use=l&cat=p&typeid=i","cat":325363},{"id":6712,"n":"Spray nettoyant vitres Clair 750ml","p":1.29,"u":"1,72 €/L","img":"https://fd9-photos.leclercdrive.fr/image.ashx?id=2943623&use=l&cat=p&typeid=i","cat":325363},{"id":6715,"n":"Assiette charcuterie Saint Azay 200g","p":3.11,"u":"15,55 €/KG","img":"https://fd9-photos.leclercdrive.fr/image.ashx?id=2417734&use=l&cat=p&typeid=i","cat":316007},{"id":6780,"n":"Ail semoule Ducros 60g","p":1.61,"u":"26,83 €/KG","img":"https://fd9-photos.leclercdrive.fr/image.ashx?id=2498672&use=l&cat=p&typeid=i","cat":298297},{"id":6782,"n":"Cannelle en bâton Ducros 10g","p":2.31,"u":"231,00 €/KG","img":"https://fd9-photos.leclercdrive.fr/image.ashx?id=1748573&use=l&cat=p&typeid=i","cat":298297},{"id":6791,"n":"Piment de cayenne moulu Ducros Extra fort - 38g","p":1.7,"u":"44,74 €/KG","img":"https://fd9-photos.leclercdrive.fr/image.ashx?id=2559433&use=l&cat=p&typeid=i","cat":298297},{"id":6797,"n":"Herbes de Provence Ducros 120g","p":3.07,"u":"25,58 €/KG","img":"https://fd9-photos.leclercdrive.fr/image.ashx?id=2383571&use=l&cat=p&typeid=i","cat":298297},{"id":6799,"n":"Poivre gris moulu et sel Ducros 2x34g","p":1.79,"u":"26,32 €/KG","img":"https://fd9-photos.leclercdrive.fr/image.ashx?id=2759457&use=l&cat=p&typeid=i","cat":284457},{"id":6803,"n":"Pralin Vahiné 100g","p":2.16,"u":"21,60 €/KG","img":"https://fd9-photos.leclercdrive.fr/image.ashx?id=2559775&use=l&cat=p&typeid=i","cat":284504},{"id":6804,"n":"Décor pour gateaux Vahiné Vermicelles Arc-en-ciel - 65g","p":1.37,"u":"21,08 €/KG","img":"https://fd9-photos.leclercdrive.fr/image.ashx?id=2524311&use=l&cat=p&typeid=i","cat":284504},{"id":6809,"n":"Arôme naturel de vanille Vahiné Liquide 50ml","p":3.91,"u":"78,20 €/L","img":"https://fd9-photos.leclercdrive.fr/image.ashx?id=2541193&use=l&cat=p&typeid=i","cat":284504},{"id":6810,"n":"Nappage chocolat Vahiné 350g","p":2.47,"u":"7,06 €/KG","img":"https://fd9-photos.leclercdrive.fr/image.ashx?id=2938656&use=l&cat=p&typeid=i","cat":284504},{"id":6829,"n":"Sucre Daddy n°4 Morceaux - 1kg","p":1.78,"u":"1,78 €/KG","img":"https://fd9-photos.leclercdrive.fr/image.ashx?id=2936056&use=l&cat=p&typeid=i","cat":284502},{"id":6838,"n":"Joker Pur Jus Engagé Orange  avec pulpe - 1L","p":3.23,"u":"3,23 €/L","img":"https://fd9-photos.leclercdrive.fr/image.ashx?id=3001284&use=l&cat=p&typeid=i","cat":284521},{"id":6847,"n":"Canapés toasts Epi d'Or Briochés - 250g","p":1.27,"u":"5,08 €/KG","img":"https://fd9-photos.leclercdrive.fr/image.ashx?id=2610190&use=l&cat=p&typeid=i","cat":285454},{"id":6879,"n":"Fromage Gouda Les Croisés En tranche - 200g","p":1.97,"u":"9,85 €/KG","img":"https://fd9-photos.leclercdrive.fr/image.ashx?id=2028173&use=l&cat=p&typeid=i","cat":314028},{"id":6880,"n":"Fromage Mimolette Les Croisés En tranche x8 - 200g","p":1.85,"u":"9,25 €/KG","img":"https://fd9-photos.leclercdrive.fr/image.ashx?id=2028176&use=l&cat=p&typeid=i","cat":314028},{"id":6881,"n":"Fromage Maasdam Les Croisés En tranche x8 - 200g","p":1.91,"u":"9,55 €/KG","img":"https://fd9-photos.leclercdrive.fr/image.ashx?id=1990673&use=l&cat=p&typeid=i","cat":314028},{"id":6928,"n":"Préparation pour fondue Les Croisés 18%mg 400g","p":3.42,"u":"8,55 €/KG","img":"https://fd9-photos.leclercdrive.fr/image.ashx?id=2969713&use=l&cat=p&typeid=i","cat":314037},{"id":7016,"n":"Compote bébé Babybio Bio 4 mois Pomme / Pruneau - 2x130g","p":2.1,"u":"8,08 €/KG","img":"https://fd9-photos.leclercdrive.fr/image.ashx?id=2838326&use=l&cat=p&typeid=i","cat":312387},{"id":7025,"n":"Pizza Cuite sur pierre Turini Jambon fromage - 400g","p":2.85,"u":"7,13 €/KG","img":"https://fd9-photos.leclercdrive.fr/image.ashx?id=2815223&use=l&cat=p&typeid=i","cat":284256},{"id":7029,"n":"Velouté de carotte Régal A la Crème fraîche - 1L","p":1.41,"u":"1,41 €/L","img":"https://fd9-photos.leclercdrive.fr/image.ashx?id=2905889&use=l&cat=p&typeid=i","cat":284462},{"id":7030,"n":"Sauce Tomate cuisinée Turini Aux petits légumes - 180g","p":0.84,"u":"4,67 €/KG","img":"https://fd9-photos.leclercdrive.fr/image.ashx?id=2490034&use=l&cat=p&typeid=i","cat":288384},{"id":7056,"n":"Soupe de poissons MSC Pêche Océan - 1kg","p":2.99,"u":"2,99 €/KG","img":"https://fd9-photos.leclercdrive.fr/image.ashx?id=2480060&use=l&cat=p&typeid=i","cat":287366},{"id":7057,"n":"Rouille méditerranéenne NRT 90g","p":2.05,"u":"22,78 €/KG","img":"https://fd9-photos.leclercdrive.fr/image.ashx?id=2991157&use=l&cat=p&typeid=i","cat":285192},{"id":7085,"n":"Vin mousseux d'Union Européenne  Demi-sec -75cl","p":2.89,"u":"3,85 €/L","img":"https://fd9-photos.leclercdrive.fr/image.ashx?id=1951019&use=l&cat=p&typeid=i","cat":284544},{"id":7126,"n":"Riz cantonais  Traditions d'Asie - 400g","p":3.61,"u":"9,03 €/KG","img":"https://fd9-photos.leclercdrive.fr/image.ashx?id=2505043&use=l&cat=p&typeid=i","cat":333673},{"id":7128,"n":"Porc au caramel Tables du Monde Riz thaï 300g","p":3.05,"u":"10,17 €/KG","img":"https://fd9-photos.leclercdrive.fr/image.ashx?id=2700957&use=l&cat=p&typeid=i","cat":333665},{"id":7216,"n":"Talc bébé Mots d'Enfants 250g","p":1.89,"u":"7,56 €/KG","img":"https://fd9-photos.leclercdrive.fr/image.ashx?id=3015033&use=l&cat=p&typeid=i","cat":284741},{"id":7264,"n":"Secret de mousse La laitière Café - 4x59g","p":1.71,"u":"7,25 €/KG","img":"https://fd9-photos.leclercdrive.fr/image.ashx?id=2651378&use=l&cat=p&typeid=i","cat":284417},{"id":7282,"n":"Compote Douceur du Verger  Pomme Poire - 4x100g","p":1.09,"u":"2,73 €/KG","img":"https://fd9-photos.leclercdrive.fr/image.ashx?id=2355351&use=l&cat=p&typeid=i","cat":284416},{"id":7283,"n":"Compote Douceur du Verger Pomme banane - 4x100g","p":1.25,"u":"3,13 €/KG","img":"https://fd9-photos.leclercdrive.fr/image.ashx?id=2956906&use=l&cat=p&typeid=i","cat":284416},{"id":7284,"n":"Compote Douceur du Verger Pomme Fraise - 4x100g","p":1.09,"u":"2,73 €/KG","img":"https://fd9-photos.leclercdrive.fr/image.ashx?id=3009779&use=l&cat=p&typeid=i","cat":284416},{"id":7289,"n":"Crème Dépilatoire Siliss Peaux sensibles - 200ml","p":1.79,"u":"8,95 €/L","img":"https://fd9-photos.leclercdrive.fr/image.ashx?id=2699675&use=l&cat=p&typeid=i","cat":325351},{"id":7291,"n":"Jus d'orange sanguine Jafaden 1L","p":3.25,"u":"3,25 €/L","img":"https://fd9-photos.leclercdrive.fr/image.ashx?id=2420388&use=l&cat=p&typeid=i","cat":285435},{"id":7293,"n":"Râpé 3 fromages Les Croisés 200g","p":1.79,"u":"8,95 €/KG","img":"https://fd9-photos.leclercdrive.fr/image.ashx?id=2860067&use=l&cat=p&typeid=i","cat":314035},{"id":7294,"n":"Huile de tournesol Bio Village Bio - 75cl","p":3.59,"u":"4,79 €/L","img":"https://fd9-photos.leclercdrive.fr/image.ashx?id=2894746&use=l&cat=p&typeid=i","cat":284453},{"id":7315,"n":"Concentré de tomates Eco+ 2x140g","p":1.28,"u":"4,57 €/KG","img":"https://fd9-photos.leclercdrive.fr/image.ashx?id=2683511&use=l&cat=p&typeid=i","cat":288384},{"id":7316,"n":"Concentré de tomates Eco+ 3x70g","p":1.75,"u":"8,33 €/KG","img":"https://fd9-photos.leclercdrive.fr/image.ashx?id=2681571&use=l&cat=p&typeid=i","cat":288384},{"id":7343,"n":"Pâtes Panzani Penne rigate - 500g","p":1.02,"u":"2,04 €/KG","img":"https://fd9-photos.leclercdrive.fr/image.ashx?id=2876011&use=l&cat=p&typeid=i","cat":284427},{"id":7344,"n":"Pâtes petits paniers Panzani 500g","p":1.17,"u":"2,34 €/KG","img":"https://fd9-photos.leclercdrive.fr/image.ashx?id=2876014&use=l&cat=p&typeid=i","cat":284427},{"id":7345,"n":"Pâtes serpentini Panzani 500g","p":0.99,"u":"1,98 €/KG","img":"https://fd9-photos.leclercdrive.fr/image.ashx?id=2876044&use=l&cat=p&typeid=i","cat":284427},{"id":7349,"n":"Croquettes chat One Purina Stérilisé - Boeuf/Blé - 450g","p":2.5,"u":"5,56 €/KG","img":"https://fd9-photos.leclercdrive.fr/image.ashx?id=2681044&use=l&cat=p&typeid=i","cat":284680},{"id":7360,"n":"Mortadelle Italienne Saint Azay 12 tranches 150g","p":2.14,"u":"14,27 €/KG","img":"https://fd9-photos.leclercdrive.fr/image.ashx?id=2704481&use=l&cat=p&typeid=i","cat":316009},{"id":7361,"n":"Fromage Edam Les Croisés En tranche x8 - 200g","p":1.97,"u":"9,85 €/KG","img":"https://fd9-photos.leclercdrive.fr/image.ashx?id=2041351&use=l&cat=p&typeid=i","cat":314028},{"id":7362,"n":"Riz Basmati Comptoir du Grain Express 2 min - 250g","p":0.99,"u":"3,96 €/KG","img":"https://fd9-photos.leclercdrive.fr/image.ashx?id=2441192&use=l&cat=p&typeid=i","cat":287600},{"id":7363,"n":"Riz Express Comptoir du Grain A la méditerranéenne - 250g","p":1.2,"u":"4,80 €/KG","img":"https://fd9-photos.leclercdrive.fr/image.ashx?id=2856474&use=l&cat=p&typeid=i","cat":287600},{"id":7366,"n":"Sauce Champignons Rustica 27g","p":0.55,"u":"20,37 €/KG","img":"https://fd9-photos.leclercdrive.fr/image.ashx?id=2188829&use=l&cat=p&typeid=i","cat":288381},{"id":7369,"n":"Chiffonades de rosette Saint Azay - 100g","p":2.0,"u":"20,00 €/KG","img":"https://fd9-photos.leclercdrive.fr/image.ashx?id=2401891&use=l&cat=p&typeid=i","cat":316007},{"id":7381,"n":"Sachet repas chats Gourmet 4 variétés poissons - 4x85g","p":1.82,"u":"5,35 €/KG","img":"https://fd9-photos.leclercdrive.fr/image.ashx?id=2867788&use=l&cat=p&typeid=i","cat":285286},{"id":7433,"n":"Vinaigrette Rustica Fines herbes - 50cl","p":1.19,"u":"2,38 €/L","img":"https://fd9-photos.leclercdrive.fr/image.ashx?id=1964912&use=l&cat=p&typeid=i","cat":284456},{"id":7437,"n":"Pâte brisée Tablier Blanc Au beurre - 230g","p":1.17,"u":"5,09 €/KG","img":"https://fd9-photos.leclercdrive.fr/image.ashx?id=2635892&use=l&cat=p&typeid=i","cat":333681},{"id":7441,"n":"Huile de friture Rustica 1L","p":2.75,"u":"2,75 €/L","img":"https://fd9-photos.leclercdrive.fr/image.ashx?id=2900331&use=l&cat=p&typeid=i","cat":284453},{"id":7443,"n":"Dessert fruitier pomme poire Douceur du Verger s/sucre 4x97g","p":1.25,"u":"3,22 €/KG","img":"https://fd9-photos.leclercdrive.fr/image.ashx?id=2956912&use=l&cat=p&typeid=i","cat":284416},{"id":7444,"n":"Dessert fruitier pomme Douceur du Verger s/sucre 4x97g","p":1.05,"u":"2,71 €/KG","img":"https://fd9-photos.leclercdrive.fr/image.ashx?id=2979340&use=l&cat=p&typeid=i","cat":284416},{"id":7448,"n":"Compote Douceur du Verger Coupelle pomme pruneau - 4x100g","p":1.36,"u":"3,40 €/KG","img":"https://fd9-photos.leclercdrive.fr/image.ashx?id=2663479&use=l&cat=p&typeid=i","cat":284508},{"id":7450,"n":"Gâteaux fourrés P'tit Déli Fraise x7 - 196g","p":2.8,"u":"14,29 €/KG","img":"https://fd9-photos.leclercdrive.fr/image.ashx?id=2659777&use=l&cat=p&typeid=i","cat":284495},{"id":7451,"n":"Biscuits P'tit Déli Goûters Fourrés au chocolat 2x300g","p":2.3,"u":"3,83 €/KG","img":"https://fd9-photos.leclercdrive.fr/image.ashx?id=2116182&use=l&cat=p&typeid=i","cat":284488},{"id":7452,"n":"Tubes Fromage blanc Délisse 3 parfums - 12 x40g","p":2.38,"u":"4,96 €/KG","img":"https://fd9-photos.leclercdrive.fr/image.ashx?id=2884231&use=l&cat=p&typeid=i","cat":284415},{"id":7455,"n":"Fromage Bleu des Causses NRT  AOP - 125g","p":1.99,"u":"15,92 €/KG","img":"https://fd9-photos.leclercdrive.fr/image.ashx?id=2771043&use=l&cat=p&typeid=i","cat":314032},{"id":7459,"n":"Pâtes Barilla Spaghetti n°5 - 500g","p":0.93,"u":"1,86 €/KG","img":"https://fd9-photos.leclercdrive.fr/image.ashx?id=2392200&use=l&cat=p&typeid=i","cat":284427},{"id":7465,"n":"Actifidus Délisse Citron - 4x125g","p":1.36,"u":"2,72 €/KG","img":"https://fd9-photos.leclercdrive.fr/image.ashx?id=2501673&use=l&cat=p&typeid=i","cat":315000},{"id":7466,"n":"Pain grillé Epi d'or Brioché x26 - 300g","p":2.15,"u":"7,17 €/KG","img":"https://fd9-photos.leclercdrive.fr/image.ashx?id=2532835&use=l&cat=p&typeid=i","cat":284479},{"id":7529,"n":"Fromage Comté Entremont 200g","p":3.11,"u":"15,55 €/KG","img":"https://fd9-photos.leclercdrive.fr/image.ashx?id=2983144&use=l&cat=p&typeid=i","cat":314034},{"id":7530,"n":"Crème fraîche épaisse Bridélice 15%mg 20cl","p":0.82,"u":"4,10 €/L","img":"https://fd9-photos.leclercdrive.fr/image.ashx?id=2970873&use=l&cat=p&typeid=i","cat":284381},{"id":7531,"n":"Faisselle Rians 6%mg - 500g","p":2.04,"u":"4,08 €/KG","img":"https://fd9-photos.leclercdrive.fr/image.ashx?id=2542324&use=l&cat=p&typeid=i","cat":284409},{"id":7536,"n":"Cervelas rémoulade P. Martinet Moutarde de dijon - 300g","p":2.79,"u":"9,30 €/KG","img":"https://fd9-photos.leclercdrive.fr/image.ashx?id=2733079&use=l&cat=p&typeid=i","cat":333657},{"id":7540,"n":"Barquette chiens Lydog Au Poulet et Rognons - 300g","p":1.35,"u":"4,50 €/KG","img":"https://fd9-photos.leclercdrive.fr/image.ashx?id=2042427&use=l&cat=p&typeid=i","cat":284673},{"id":7541,"n":"Barquette chiens Lydog Au Boeuf et Coeur - 300g","p":1.59,"u":"5,30 €/KG","img":"https://fd9-photos.leclercdrive.fr/image.ashx?id=2042430&use=l&cat=p&typeid=i","cat":284673},{"id":7542,"n":"Barquette chien Lydog au Foie et Volailles - 300g","p":1.45,"u":"4,83 €/KG","img":"https://fd9-photos.leclercdrive.fr/image.ashx?id=2042436&use=l&cat=p&typeid=i","cat":284673},{"id":7548,"n":"Ail Rustica 100g","p":1.69,"u":"16,90 €/KG","img":"https://fd9-photos.leclercdrive.fr/image.ashx?id=2365451&use=l&cat=p&typeid=i","cat":319804},{"id":7549,"n":"Persil Rustica 50g","p":0.99,"u":"19,80 €/KG","img":"https://fd9-photos.leclercdrive.fr/image.ashx?id=2365454&use=l&cat=p&typeid=i","cat":319804},{"id":7560,"n":"Barquettes chats Tous mes amis Mousselines 4 variétés - 4x85g","p":1.75,"u":"5,15 €/KG","img":"https://fd9-photos.leclercdrive.fr/image.ashx?id=2815749&use=l&cat=p&typeid=i","cat":285286},{"id":7578,"n":"Thé vert bio orange Jardin Bio' Bergamote Max Havelaar x20 30g","p":2.62,"u":"87,33 €/KG","img":"https://fd9-photos.leclercdrive.fr/image.ashx?id=2792666&use=l&cat=p&typeid=i","cat":293233},{"id":7585,"n":"Echalote Rustica 100g","p":1.69,"u":"16,90 €/KG","img":"https://fd9-photos.leclercdrive.fr/image.ashx?id=2365457&use=l&cat=p&typeid=i","cat":319804},{"id":7586,"n":"Fond de veau Rustica 110g","p":2.11,"u":"19,18 €/KG","img":"https://fd9-photos.leclercdrive.fr/image.ashx?id=2188679&use=l&cat=p&typeid=i","cat":288379},{"id":7589,"n":"Biscuits Mikado LU Chocolat au lait - 3x39g","p":2.15,"u":"18,38 €/KG","img":"https://fd9-photos.leclercdrive.fr/image.ashx?id=3001970&use=l&cat=p&typeid=i","cat":284488},{"id":7611,"n":"Côte première de porc  x2 - 350g","p":2.73,"u":"7,80 €/KG","img":"https://fd9-photos.leclercdrive.fr/image.ashx?id=619330&use=l&cat=p&typeid=i","cat":284331},{"id":7612,"n":"Côte de porc échine           x2 - 350g","p":2.73,"u":"7,80 €/KG","img":"https://fd9-photos.leclercdrive.fr/image.ashx?id=619046&use=l&cat=p&typeid=i","cat":284331},{"id":7613,"n":"Porc : Rôti dans le filet  1kg","p":9.8,"u":"9,80 €/KG","img":"https://fd9-photos.leclercdrive.fr/image.ashx?id=619042&use=l&cat=p&typeid=i","cat":284331},{"id":7614,"n":"Sauté de porc 600g","p":5.52,"u":"9,20 €/KG","img":"https://fd9-photos.leclercdrive.fr/image.ashx?id=619534&use=l&cat=p&typeid=i","cat":284331},{"id":7615,"n":"Porc : Rôti dans l'échine  500g","p":4.9,"u":"9,80 €/KG","img":"https://fd9-photos.leclercdrive.fr/image.ashx?id=619038&use=l&cat=p&typeid=i","cat":284331},{"id":7616,"n":"Veau sauté sans os ***           A mijoter -  500g","p":9.25,"u":"18,50 €/KG","img":"https://fd9-photos.leclercdrive.fr/image.ashx?id=619034&use=l&cat=p&typeid=i","cat":284329},{"id":7617,"n":"Faux-filet de boeuf *** à griller - 350g","p":8.71,"u":"24,89 €/KG","img":"https://fd9-photos.leclercdrive.fr/image.ashx?id=1495725&use=l&cat=p&typeid=i","cat":284328},{"id":7618,"n":"Steak de boeuf ** à griller x2 - 350g","p":7.52,"u":"21,49 €/KG","img":"https://fd9-photos.leclercdrive.fr/image.ashx?id=659566&use=l&cat=p&typeid=i","cat":284328},{"id":7619,"n":"Boeuf bourguignon*** à mijoter - 500g","p":7.1,"u":"14,20 €/KG","img":"https://fd9-photos.leclercdrive.fr/image.ashx?id=659562&use=l&cat=p&typeid=i","cat":284328},{"id":7620,"n":"Rôti de boeuf **  1kg","p":22.5,"u":"22,50 €/KG","img":"https://fd9-photos.leclercdrive.fr/image.ashx?id=1495728&use=l&cat=p&typeid=i","cat":284328},{"id":7621,"n":"Escalope de veau *** à griller x2 -  300g","p":8.36,"u":"27,87 €/KG","img":"https://fd9-photos.leclercdrive.fr/image.ashx?id=619014&use=l&cat=p&typeid=i","cat":284329},{"id":7649,"n":"Dessert fruitier Andros Pomme Cassis - 4x100g","p":1.44,"u":"3,60 €/KG","img":"https://fd9-photos.leclercdrive.fr/image.ashx?id=2883928&use=l&cat=p&typeid=i","cat":284416},{"id":7652,"n":"Compotes Pomme Pruneau Andros 4x100g","p":1.42,"u":"3,55 €/KG","img":"https://fd9-photos.leclercdrive.fr/image.ashx?id=2935789&use=l&cat=p&typeid=i","cat":284416},{"id":7654,"n":"Compote Andros Pomme rhubarbe 4x100g","p":1.51,"u":"15,10 €/KG","img":"https://fd9-photos.leclercdrive.fr/image.ashx?id=2883934&use=l&cat=p&typeid=i","cat":284416},{"id":7655,"n":"Compote Andros Pomme framboise - 4x100g","p":1.72,"u":"4,30 €/KG","img":"https://fd9-photos.leclercdrive.fr/image.ashx?id=2907875&use=l&cat=p&typeid=i","cat":284416},{"id":7665,"n":"Camembert Lanquetot Moulé à la louche - 250g","p":3.2,"u":"12,80 €/KG","img":"https://fd9-photos.leclercdrive.fr/image.ashx?id=2945484&use=l&cat=p&typeid=i","cat":314033},{"id":7666,"n":"Camembert Lepetit  250g","p":2.48,"u":"9,92 €/KG","img":"https://fd9-photos.leclercdrive.fr/image.ashx?id=2504350&use=l&cat=p&typeid=i","cat":314033},{"id":7672,"n":"Cordon Bleu Le Gaulois Poulet - 200g","p":1.92,"u":"9,60 €/KG","img":"https://fd9-photos.leclercdrive.fr/image.ashx?id=2860223&use=l&cat=p&typeid=i","cat":333683},{"id":7693,"n":"Magret de canard Sud Ouest NRT Séché - 90g","p":3.79,"u":"42,11 €/KG","img":"https://fd9-photos.leclercdrive.fr/image.ashx?id=2966842&use=l&cat=p&typeid=i","cat":316007},{"id":7694,"n":"Magret de canard Sud Ouest NRT Fumé - 90g","p":3.79,"u":"42,11 €/KG","img":"https://fd9-photos.leclercdrive.fr/image.ashx?id=2958380&use=l&cat=p&typeid=i","cat":316007},{"id":7716,"n":"Papier toilette Mimosa Décoré - Ultra Confort - x6","p":3.06,"u":"0,51 €/P","img":"https://fd9-photos.leclercdrive.fr/image.ashx?id=2809187&use=l&cat=p&typeid=i","cat":284634},{"id":7717,"n":"Papier toilette Mimosa Décoré - Ultra doux - x6","p":2.65,"u":"0,44 €/P","img":"https://fd9-photos.leclercdrive.fr/image.ashx?id=2448300&use=l&cat=p&typeid=i","cat":284634},{"id":7850,"n":"Noix  1kg","p":5.99,"u":"5,99 €/KG","img":"https://fd9-photos.leclercdrive.fr/image.ashx?id=583355&use=l&cat=p&typeid=i","cat":284357},{"id":7857,"n":"Croquettes chiens Fido Au boeuf 1kg","p":2.85,"u":"2,85 €/KG","img":"https://fd9-photos.leclercdrive.fr/image.ashx?id=2972964&use=l&cat=p&typeid=i","cat":294526},{"id":7862,"n":"Petit pot de crème Délisse Café - 4x100g","p":1.8,"u":"4,50 €/KG","img":"https://fd9-photos.leclercdrive.fr/image.ashx?id=2550372&use=l&cat=p&typeid=i","cat":285041},{"id":7864,"n":"Yaourts sucrés Délisse Nature  - 4x125g","p":0.99,"u":"1,98 €/KG","img":"https://fd9-photos.leclercdrive.fr/image.ashx?id=2590415&use=l&cat=p&typeid=i","cat":284409},{"id":7866,"n":"Beurre Tendre Les Croisés Demi-sel - 80% MG - 250g","p":2.51,"u":"10,04 €/KG","img":"https://fd9-photos.leclercdrive.fr/image.ashx?id=2839899&use=l&cat=p&typeid=i","cat":284379},{"id":7868,"n":"Sardines Pêche Océan Huile de tournesol - 135g","p":0.95,"u":"7,04 €/KG","img":"https://fd9-photos.leclercdrive.fr/image.ashx?id=1986246&use=l&cat=p&typeid=i","cat":305146},{"id":7869,"n":"Yaourts aromatisés Délisse Citron - 4x125g","p":1.45,"u":"2,90 €/KG","img":"https://fd9-photos.leclercdrive.fr/image.ashx?id=2771121&use=l&cat=p&typeid=i","cat":286006},{"id":7881,"n":"Camembert Les Croisés 8 portions - 22% mg - 8x30g","p":2.19,"u":"9,13 €/KG","img":"https://fd9-photos.leclercdrive.fr/image.ashx?id=2974798&use=l&cat=p&typeid=i","cat":314033},{"id":7882,"n":"Actifidus Délisse Coco Citron Vanille - 12x125g","p":3.5,"u":"2,33 €/KG","img":"https://fd9-photos.leclercdrive.fr/image.ashx?id=2441842&use=l&cat=p&typeid=i","cat":315000},{"id":7886,"n":"Diots fumés de Savoie NRT 4x90g","p":4.22,"u":"11,72 €/KG","img":"https://fd9-photos.leclercdrive.fr/image.ashx?id=2991467&use=l&cat=p&typeid=i","cat":316012},{"id":7887,"n":"Selles-sur-Cher NRT AOP  Fromage de chèvre - 150g","p":3.49,"u":"23,27 €/KG","img":"https://fd9-photos.leclercdrive.fr/image.ashx?id=2586031&use=l&cat=p&typeid=i","cat":314031},{"id":7889,"n":"Fromage Reblochon NRT AOP 240g","p":3.7,"u":"15,42 €/KG","img":"https://fd9-photos.leclercdrive.fr/image.ashx?id=2933337&use=l&cat=p&typeid=i","cat":314037},{"id":7895,"n":"Gâteau de riz La Laitiere 500g","p":2.24,"u":"4,48 €/KG","img":"https://fd9-photos.leclercdrive.fr/image.ashx?id=3010972&use=l&cat=p&typeid=i","cat":284418},{"id":7962,"n":"Vieux Pané   150g","p":2.58,"u":"17,20 €/KG","img":"https://fd9-photos.leclercdrive.fr/image.ashx?id=2843358&use=l&cat=p&typeid=i","cat":329558},{"id":7965,"n":"Matière grasse Bridelight à tartiner 15% MG - 250g","p":2.09,"u":"8,36 €/KG","img":"https://fd9-photos.leclercdrive.fr/image.ashx?id=2643884&use=l&cat=p&typeid=i","cat":284379},{"id":7972,"n":"Beurre Moulé Paysan Breton Doux - 82%MG - 250g","p":3.12,"u":"12,48 €/KG","img":"https://fd9-photos.leclercdrive.fr/image.ashx?id=2946943&use=l&cat=p&typeid=i","cat":284379},{"id":7973,"n":"Faisselle Rians 6%mg - 4x100g","p":2.3,"u":"5,75 €/KG","img":"https://fd9-photos.leclercdrive.fr/image.ashx?id=2762088&use=l&cat=p&typeid=i","cat":284409},{"id":7986,"n":"Beurre Grand Fermage Doux - 82% MG -  125g","p":1.64,"u":"13,12 €/KG","img":"https://fd9-photos.leclercdrive.fr/image.ashx?id=2924038&use=l&cat=p&typeid=i","cat":284379},{"id":7991,"n":"Filets Harengs Ronde des Mers Fumés - 500g","p":4.85,"u":"9,70 €/KG","img":"https://fd9-photos.leclercdrive.fr/image.ashx?id=2791239&use=l&cat=p&typeid=i","cat":285190},{"id":7993,"n":"Beurre d'escargot Rustica Ail et persil - 250g","p":3.49,"u":"13,96 €/KG","img":"https://fd9-photos.leclercdrive.fr/image.ashx?id=1915569&use=l&cat=p&typeid=i","cat":319775},{"id":7996,"n":"Poireaux Notre Jardin En rondelles 1kg","p":1.28,"u":"1,28 €/KG","img":"https://fd9-photos.leclercdrive.fr/image.ashx?id=2873126&use=l&cat=p&typeid=i","cat":319805},{"id":8003,"n":"Fromage Enfant Kiri Goûter 5 portions barquettes - 175g","p":2.27,"u":"12,97 €/KG","img":"https://fd9-photos.leclercdrive.fr/image.ashx?id=2972883&use=l&cat=p&typeid=i","cat":314030},{"id":8007,"n":"Fromage fondu allégé Bridelight saveur emmental - 3% mg - 200g","p":2.37,"u":"11,85 €/KG","img":"https://fd9-photos.leclercdrive.fr/image.ashx?id=1559290&use=l&cat=p&typeid=i","cat":314029},{"id":8011,"n":"Crème glacée Menthe Eskiss Copeaux de Chocolat - 494g","p":2.73,"u":"5,53 €/KG","img":"https://fd9-photos.leclercdrive.fr/image.ashx?id=3002548&use=l&cat=p&typeid=i","cat":284263},{"id":8012,"n":"Friandises pour chien Lydog Biscuits fourrés Viande - 500g","p":1.29,"u":"2,58 €/KG","img":"https://fd9-photos.leclercdrive.fr/image.ashx?id=2191114&use=l&cat=p&typeid=i","cat":294527},{"id":8013,"n":"Friandises pour chien Lydog Biscuits croquants - 500g","p":1.29,"u":"2,58 €/KG","img":"https://fd9-photos.leclercdrive.fr/image.ashx?id=1954353&use=l&cat=p&typeid=i","cat":294527},{"id":8017,"n":"Pâtes Penne Regate Turini 500g","p":0.6,"u":"1,20 €/KG","img":"https://fd9-photos.leclercdrive.fr/image.ashx?id=2980773&use=l&cat=p&typeid=i","cat":284427},{"id":8024,"n":"Barquette chiens Lydog 3 saveurs - 3x300g","p":3.78,"u":"4,20 €/KG","img":"https://fd9-photos.leclercdrive.fr/image.ashx?id=2050639&use=l&cat=p&typeid=i","cat":284673},{"id":8025,"n":"Barquette chiens Lydog 3 saveurs - 3x300g","p":3.79,"u":"4,21 €/KG","img":"https://fd9-photos.leclercdrive.fr/image.ashx?id=2050642&use=l&cat=p&typeid=i","cat":284673},{"id":8029,"n":"Barquettes chats Tous mes amis Menus saveurs - 4x100g","p":2.29,"u":"5,73 €/KG","img":"https://fd9-photos.leclercdrive.fr/image.ashx?id=2042445&use=l&cat=p&typeid=i","cat":285286},{"id":8120,"n":"Cassoulet Saucisse de Toulouse Côté Table - 840g","p":3.63,"u":"4,32 €/KG","img":"https://fd9-photos.leclercdrive.fr/image.ashx?id=2977129&use=l&cat=p&typeid=i","cat":284440},{"id":8125,"n":"Spaghetti Frais Turini 350g","p":1.49,"u":"4,26 €/KG","img":"https://fd9-photos.leclercdrive.fr/image.ashx?id=2840470&use=l&cat=p&typeid=i","cat":333682},{"id":8129,"n":"Soupe Mouliné Régal Soupe 10 légumes variés - 2x30cl","p":1.45,"u":"2,42 €/L","img":"https://fd9-photos.leclercdrive.fr/image.ashx?id=2607476&use=l&cat=p&typeid=i","cat":284462},{"id":8136,"n":"Biscuits raisin GERBLE  - 4x5, 360g","p":1.57,"u":"4,36 €/KG","img":"https://fd9-photos.leclercdrive.fr/image.ashx?id=2578726&use=l&cat=p&typeid=i","cat":318651},{"id":8178,"n":"Infusion Tisea Douce soirée 25 sachets","p":0.99,"u":"28,29 €/KG","img":"https://fd9-photos.leclercdrive.fr/image.ashx?id=2553902&use=l&cat=p&typeid=i","cat":293234},{"id":8191,"n":"Colin d'Alaska Pêche Océan À la Florentine - MSC - 400g","p":3.49,"u":"8,73 €/KG","img":"https://fd9-photos.leclercdrive.fr/image.ashx?id=2930108&use=l&cat=p&typeid=i","cat":319786},{"id":8217,"n":"Filet de Merlu Pêche Océan 4 à 5 pièces 450g","p":6.52,"u":"14,49 €/KG","img":"https://fd9-photos.leclercdrive.fr/image.ashx?id=2553905&use=l&cat=p&typeid=i","cat":319788},{"id":8322,"n":"Coeurs artichauts Florelli Grillés - 170g","p":3.38,"u":"19,88 €/KG","img":"https://fd9-photos.leclercdrive.fr/image.ashx?id=2690003&use=l&cat=p&typeid=i","cat":289010},{"id":8324,"n":"Tomates séchées Florelli 270g","p":3.28,"u":"12,15 €/KG","img":"https://fd9-photos.leclercdrive.fr/image.ashx?id=2633094&use=l&cat=p&typeid=i","cat":289010},{"id":8375,"n":"Sauce Déshydratée KNORR Aux Trois Poivres - 32g","p":0.72,"u":"25,71 €/KG","img":"https://fd9-photos.leclercdrive.fr/image.ashx?id=2875933&use=l&cat=p&typeid=i","cat":288381},{"id":8382,"n":"Pâtes spaghetti plat Panzani 500g","p":1.02,"u":"2,04 €/KG","img":"https://fd9-photos.leclercdrive.fr/image.ashx?id=2876041&use=l&cat=p&typeid=i","cat":284427},{"id":8383,"n":"Pâtes Coquillettes Panzani 3 Minutes - 500G","p":1.18,"u":"2,36 €/KG","img":"https://fd9-photos.leclercdrive.fr/image.ashx?id=2867945&use=l&cat=p&typeid=i","cat":284427},{"id":8388,"n":"Pâtes Lustucru macaroni Aux oeufs - 250g","p":0.94,"u":"3,76 €/KG","img":"https://fd9-photos.leclercdrive.fr/image.ashx?id=2519471&use=l&cat=p&typeid=i","cat":284427},{"id":8393,"n":"Escalope Milanaise Marie 300g","p":3.38,"u":"11,27 €/KG","img":"https://fd9-photos.leclercdrive.fr/image.ashx?id=2317408&use=l&cat=p&typeid=i","cat":333665},{"id":8397,"n":"Madeleine Bonne Maman Pur beurre tradition 300g","p":2.71,"u":"9,03 €/KG","img":"https://fd9-photos.leclercdrive.fr/image.ashx?id=2936137&use=l&cat=p&typeid=i","cat":284492},{"id":8413,"n":"Biscuits Crackers Tokapi  Nature - 3x100g","p":1.38,"u":"4,60 €/KG","img":"https://fd9-photos.leclercdrive.fr/image.ashx?id=2660550&use=l&cat=p&typeid=i","cat":297000},{"id":8415,"n":"Pâtes coquillettes Turini Les 3 min - 500g","p":0.72,"u":"1,44 €/KG","img":"https://fd9-photos.leclercdrive.fr/image.ashx?id=2607461&use=l&cat=p&typeid=i","cat":284427},{"id":8416,"n":"Parmentier poisson Côté Table 300g","p":2.35,"u":"7,83 €/KG","img":"https://fd9-photos.leclercdrive.fr/image.ashx?id=2970729&use=l&cat=p&typeid=i","cat":333665},{"id":8419,"n":"Biscuits Crackers Tokapi Emmental - 100g","p":0.68,"u":"6,80 €/KG","img":"https://fd9-photos.leclercdrive.fr/image.ashx?id=2351226&use=l&cat=p&typeid=i","cat":297000},{"id":8420,"n":"Chocolat blanc Tablette D'Or Noix de coco - 200g","p":2.69,"u":"13,45 €/KG","img":"https://fd9-photos.leclercdrive.fr/image.ashx?id=2678791&use=l&cat=p&typeid=i","cat":284957},{"id":8424,"n":"Biscottes Heudebert  Fibres plus - 280g","p":2.02,"u":"7,21 €/KG","img":"https://fd9-photos.leclercdrive.fr/image.ashx?id=2679503&use=l&cat=p&typeid=i","cat":284479},{"id":8428,"n":"Biscuits sablés Granola Chocolat au lait - 225g","p":1.62,"u":"7,20 €/KG","img":"https://fd9-photos.leclercdrive.fr/image.ashx?id=2346675&use=l&cat=p&typeid=i","cat":284488},{"id":8432,"n":"Biscuit Roudor St Michel 2x150g","p":2.61,"u":"8,70 €/KG","img":"https://fd9-photos.leclercdrive.fr/image.ashx?id=2935690&use=l&cat=p&typeid=i","cat":284487},{"id":8433,"n":"Pâtes Coquillettes Panzani Prêt en 3 min - 1kg","p":2.21,"u":"2,21 €/KG","img":"https://fd9-photos.leclercdrive.fr/image.ashx?id=2896093&use=l&cat=p&typeid=i","cat":284427},{"id":8447,"n":"Pommes Pink Lady Barquette x6","p":3.99,"u":"0,67 €/P","img":"https://fd9-photos.leclercdrive.fr/image.ashx?id=2121671&use=l&cat=p&typeid=i","cat":284356},{"id":8474,"n":"Terrines Tous Mes Amis Les délices de la mer - 3x400g","p":3.69,"u":"3,08 €/KG","img":"https://fd9-photos.leclercdrive.fr/image.ashx?id=2832921&use=l&cat=p&typeid=i","cat":285601},{"id":8475,"n":"Serviette hygiénique Doulys Maxi confort - Normal - x18","p":0.99,"u":"0,06 €/P","img":"https://fd9-photos.leclercdrive.fr/image.ashx?id=2838909&use=l&cat=p&typeid=i","cat":284624},{"id":8494,"n":"Biscuits déli matin P'tit Déli Chocolat/pépites - 600g","p":3.18,"u":"5,30 €/KG","img":"https://fd9-photos.leclercdrive.fr/image.ashx?id=2999496&use=l&cat=p&typeid=i","cat":284491},{"id":8515,"n":"Bâtonnets Dentastix Pedigree Moyen chien x28 - 720g","p":7.07,"u":"9,82 €/KG","img":"https://fd9-photos.leclercdrive.fr/image.ashx?id=2980094&use=l&cat=p&typeid=i","cat":294527},{"id":8528,"n":"Sel fin La Baleine Iodé et fluoré - 750g","p":0.75,"u":"1,00 €/KG","img":"https://fd9-photos.leclercdrive.fr/image.ashx?id=2790612&use=l&cat=p&typeid=i","cat":284457},{"id":8533,"n":"Flageolets verts Notre Jardin Extra Fins - 420g","p":1.72,"u":"4,10 €/KG","img":"https://fd9-photos.leclercdrive.fr/image.ashx?id=2371536&use=l&cat=p&typeid=i","cat":312606},{"id":8535,"n":"Olives noires Rustica Entières - 225g","p":0.99,"u":"4,40 €/KG","img":"https://fd9-photos.leclercdrive.fr/image.ashx?id=2499076&use=l&cat=p&typeid=i","cat":284458},{"id":8536,"n":"Savon mains en crème Manava Perles d'oranger - 300ml","p":1.25,"u":"4,17 €/L","img":"https://fd9-photos.leclercdrive.fr/image.ashx?id=2935480&use=l&cat=p&typeid=i","cat":284597},{"id":8538,"n":"100% Pur jus d'orange Jafaden  Avec pulpe - 1L","p":1.99,"u":"1,99 €/L","img":"https://fd9-photos.leclercdrive.fr/image.ashx?id=2796043&use=l&cat=p&typeid=i","cat":284521},{"id":8539,"n":"Nectar Jafaden Pêche - 1L","p":1.99,"u":"1,99 €/L","img":"https://fd9-photos.leclercdrive.fr/image.ashx?id=2919607&use=l&cat=p&typeid=i","cat":284915},{"id":8540,"n":"Nectar Jafaden Fraise - 1L","p":2.63,"u":"2,63 €/L","img":"https://fd9-photos.leclercdrive.fr/image.ashx?id=2895768&use=l&cat=p&typeid=i","cat":284915},{"id":8541,"n":"Nectar Jafaden Mangue - 1L","p":2.15,"u":"2,15 €/L","img":"https://fd9-photos.leclercdrive.fr/image.ashx?id=2955710&use=l&cat=p&typeid=i","cat":284916},{"id":8553,"n":"Sauce Barbecue AMORA 490g","p":1.9,"u":"3,88 €/KG","img":"https://fd9-photos.leclercdrive.fr/image.ashx?id=2877298&use=l&cat=p&typeid=i","cat":318431},{"id":8564,"n":"Pâtes Barilla  Linguine - 500g","p":1.08,"u":"2,16 €/KG","img":"https://fd9-photos.leclercdrive.fr/image.ashx?id=3004444&use=l&cat=p&typeid=i","cat":284427},{"id":8566,"n":"Chocolat noir Bio Village Bio -Dégustation 74% cacao 100g","p":1.59,"u":"15,90 €/KG","img":"https://fd9-photos.leclercdrive.fr/image.ashx?id=2045623&use=l&cat=p&typeid=i","cat":284956},{"id":8572,"n":"Tablette chocolat Côte d'Or Chocolat au lait - 200g","p":3.06,"u":"15,30 €/KG","img":"https://fd9-photos.leclercdrive.fr/image.ashx?id=2944362&use=l&cat=p&typeid=i","cat":284497},{"id":8576,"n":"Pâtes Barilla Torsades - 500g","p":0.96,"u":"1,92 €/KG","img":"https://fd9-photos.leclercdrive.fr/image.ashx?id=2392224&use=l&cat=p&typeid=i","cat":284427},{"id":8634,"n":"Cognac Courcel 40%vol - 20cl","p":6.41,"u":"32,05 €/L","img":"https://fd9-photos.leclercdrive.fr/image.ashx?id=2484035&use=l&cat=p&typeid=i","cat":286032},{"id":8640,"n":"Croque Baby Fromage Cité Marine MSC - 200g","p":2.2,"u":"11,00 €/KG","img":"https://fd9-photos.leclercdrive.fr/image.ashx?id=2844145&use=l&cat=p&typeid=i","cat":284344},{"id":8642,"n":"Dentifrice Dentamyl Anti-tartre 75ml","p":0.74,"u":"9,87 €/L","img":"https://fd9-photos.leclercdrive.fr/image.ashx?id=2489098&use=l&cat=p&typeid=i","cat":284612},{"id":8643,"n":"Amandes en poudre Tablier Blanc 125g","p":1.6,"u":"12,80 €/KG","img":"https://fd9-photos.leclercdrive.fr/image.ashx?id=2460577&use=l&cat=p&typeid=i","cat":284504},{"id":8645,"n":"Pepites de chocolat Tablier Blanc - 100g","p":1.43,"u":"14,30 €/KG","img":"https://fd9-photos.leclercdrive.fr/image.ashx?id=2723138&use=l&cat=p&typeid=i","cat":284504},{"id":8646,"n":"Noix de Coco Râpée  Tablier Blanc - 125g","p":1.41,"u":"11,28 €/KG","img":"https://fd9-photos.leclercdrive.fr/image.ashx?id=2460583&use=l&cat=p&typeid=i","cat":284504},{"id":8647,"n":"Gélatine alimentaire Tablier 9 feuilles - 17g","p":1.07,"u":"62,94 €/KG","img":"https://fd9-photos.leclercdrive.fr/image.ashx?id=2487446&use=l&cat=p&typeid=i","cat":284504},{"id":8648,"n":"Amandes effilées Tablier Blanc 125g","p":1.9,"u":"15,20 €/KG","img":"https://fd9-photos.leclercdrive.fr/image.ashx?id=2460586&use=l&cat=p&typeid=i","cat":284504},{"id":8649,"n":"Raisins Secs Tablier Blanc 250g","p":1.98,"u":"7,92 €/KG","img":"https://fd9-photos.leclercdrive.fr/image.ashx?id=2460589&use=l&cat=p&typeid=i","cat":284504},{"id":8650,"n":"Arôme fleur d'Oranger Tablier Blanc - 200ml","p":1.24,"u":"6,20 €/L","img":"https://fd9-photos.leclercdrive.fr/image.ashx?id=2487449&use=l&cat=p&typeid=i","cat":284504},{"id":8651,"n":"Arôme naturel de vanille Tablier Blanc 20ml","p":1.15,"u":"57,50 €/L","img":"https://fd9-photos.leclercdrive.fr/image.ashx?id=2487452&use=l&cat=p&typeid=i","cat":284504},{"id":8672,"n":"Nappage Tablier Blanc Caramel - 210g","p":1.25,"u":"5,95 €/KG","img":"https://fd9-photos.leclercdrive.fr/image.ashx?id=2487455&use=l&cat=p&typeid=i","cat":284504},{"id":8673,"n":"Fromage Le Pavé Les Croisés Lait pasteurisé 22% MG - 220g","p":2.36,"u":"10,73 €/KG","img":"https://fd9-photos.leclercdrive.fr/image.ashx?id=2775887&use=l&cat=p&typeid=i","cat":314033},{"id":8674,"n":"Sucre Tablier Blanc Spécial confiture - 1kg","p":1.92,"u":"1,92 €/KG","img":"https://fd9-photos.leclercdrive.fr/image.ashx?id=3010416&use=l&cat=p&typeid=i","cat":284502},{"id":8675,"n":"Sucre Tablier Blanc 100 dosettes - 500g","p":2.31,"u":"4,62 €/KG","img":"https://fd9-photos.leclercdrive.fr/image.ashx?id=3010419&use=l&cat=p&typeid=i","cat":284502},{"id":8679,"n":"Truite fumée d'Aquitaine NRT x4 - 120g","p":5.26,"u":"43,83 €/KG","img":"https://fd9-photos.leclercdrive.fr/image.ashx?id=2663836&use=l&cat=p&typeid=i","cat":285188},{"id":8683,"n":"Saucisson sec d'Ardèche IGP NRT - 280g","p":5.0,"u":"17,86 €/KG","img":"https://fd9-photos.leclercdrive.fr/image.ashx?id=2753502&use=l&cat=p&typeid=i","cat":316006},{"id":8684,"n":"Saucisse sèche d'Ardèche IGP Nos Régions ont du Talent 250g","p":5.19,"u":"20,76 €/KG","img":"https://fd9-photos.leclercdrive.fr/image.ashx?id=2753505&use=l&cat=p&typeid=i","cat":316006},{"id":8741,"n":"Merguez Poulet Volandrie 300g","p":3.49,"u":"11,63 €/KG","img":"https://fd9-photos.leclercdrive.fr/image.ashx?id=2707558&use=l&cat=p&typeid=i","cat":284716},{"id":8742,"n":"Saucisse de volaille Volandrie x6 - 300g","p":3.49,"u":"11,63 €/KG","img":"https://fd9-photos.leclercdrive.fr/image.ashx?id=2120155&use=l&cat=p&typeid=i","cat":284716},{"id":8746,"n":"Sauce Beurre blanc Gastromer 200g","p":1.39,"u":"6,95 €/KG","img":"https://fd9-photos.leclercdrive.fr/image.ashx?id=2504653&use=l&cat=p&typeid=i","cat":284382},{"id":8749,"n":"Flask Whisky Label 5 40%vol - 20cl","p":4.28,"u":"21,40 €/L","img":"https://fd9-photos.leclercdrive.fr/image.ashx?id=2519720&use=l&cat=p&typeid=i","cat":284547},{"id":8754,"n":"Sacs congélation Elembal Moyen Zip 20 Sacs","p":1.49,"u":"0,07 €/P","img":"https://fd9-photos.leclercdrive.fr/image.ashx?id=2751886&use=l&cat=p&typeid=i","cat":334134},{"id":8784,"n":"Plat bébé Blédina 8 mois  Riz carotte jambon - 2x200g","p":2.6,"u":"6,50 €/KG","img":"https://fd9-photos.leclercdrive.fr/image.ashx?id=2975065&use=l&cat=p&typeid=i","cat":312236},{"id":8825,"n":"Barres de céréales Coco Pops Kellogg's - 6x20g","p":1.89,"u":"15,75 €/KG","img":"https://fd9-photos.leclercdrive.fr/image.ashx?id=2677291&use=l&cat=p&typeid=i","cat":285869},{"id":8853,"n":"Cappuccino soluble Plantation Chocolat - x8 - 144g","p":2.49,"u":"17,29 €/KG","img":"https://fd9-photos.leclercdrive.fr/image.ashx?id=2460574&use=l&cat=p&typeid=i","cat":284843},{"id":8855,"n":"Sauce Champignons Turini 420g","p":1.15,"u":"2,74 €/KG","img":"https://fd9-photos.leclercdrive.fr/image.ashx?id=2494189&use=l&cat=p&typeid=i","cat":287599},{"id":8857,"n":"Café soluble Plantation Qualité filtre - x25 - 50g","p":2.09,"u":"41,80 €/KG","img":"https://fd9-photos.leclercdrive.fr/image.ashx?id=2834278&use=l&cat=p&typeid=i","cat":284843},{"id":8858,"n":"Café Soluble Plantation Décaféiné - x25 - 50g","p":2.28,"u":"45,60 €/KG","img":"https://fd9-photos.leclercdrive.fr/image.ashx?id=2834281&use=l&cat=p&typeid=i","cat":284843},{"id":8864,"n":"Pain de Mie Epi d'or - Nature Longue Conservation - 280g","p":0.74,"u":"2,64 €/KG","img":"https://fd9-photos.leclercdrive.fr/image.ashx?id=2993564&use=l&cat=p&typeid=i","cat":284477},{"id":8865,"n":"Toasts Brioches Epi D'Or x13 - 125g","p":0.94,"u":"7,52 €/KG","img":"https://fd9-photos.leclercdrive.fr/image.ashx?id=2896018&use=l&cat=p&typeid=i","cat":284479},{"id":8869,"n":"Riz complet Comptoir du Grain 10min - 500g","p":1.49,"u":"2,98 €/KG","img":"https://fd9-photos.leclercdrive.fr/image.ashx?id=2909386&use=l&cat=p&typeid=i","cat":284428},{"id":8870,"n":"Dés fromage Herbes de Provence Poivrons Les Croisés - 300g","p":2.1,"u":"7,00 €/KG","img":"https://fd9-photos.leclercdrive.fr/image.ashx?id=2758300&use=l&cat=p&typeid=i","cat":314027},{"id":8891,"n":"Soda Jean's Cola Bouteille - 6x1,5L","p":6.54,"u":"0,73 €/L","img":"https://fd9-photos.leclercdrive.fr/image.ashx?id=2637862&use=l&cat=p&typeid=i","cat":284530},{"id":8908,"n":"Crépes Fourrées P'tit Déli Céréales et chocolat x8 - 256g","p":1.81,"u":"7,07 €/KG","img":"https://fd9-photos.leclercdrive.fr/image.ashx?id=2656338&use=l&cat=p&typeid=i","cat":284494},{"id":8910,"n":"Jus 3 agrumes Jafaden Pur jus - 1L","p":2.42,"u":"2,42 €/L","img":"https://fd9-photos.leclercdrive.fr/image.ashx?id=2956047&use=l&cat=p&typeid=i","cat":284917},{"id":8912,"n":"Préparation fraises NRT Sud-Ouest - 315g","p":2.64,"u":"8,38 €/KG","img":"https://fd9-photos.leclercdrive.fr/image.ashx?id=2590472&use=l&cat=p&typeid=i","cat":284480},{"id":8931,"n":"Fromage Emmental Paysan Breton Portion - 220g","p":2.59,"u":"11,77 €/KG","img":"https://fd9-photos.leclercdrive.fr/image.ashx?id=2945559&use=l&cat=p&typeid=i","cat":314034},{"id":8963,"n":"Fromage à tartiner Madame Loïk Fouetté Ech. Ciboulette - 150g","p":1.74,"u":"11,60 €/KG","img":"https://fd9-photos.leclercdrive.fr/image.ashx?id=2986356&use=l&cat=p&typeid=i","cat":314029},{"id":8966,"n":"Biscuits chien Pedigree Biscrok - 500g","p":1.59,"u":"3,18 €/KG","img":"https://fd9-photos.leclercdrive.fr/image.ashx?id=2983456&use=l&cat=p&typeid=i","cat":294527},{"id":8968,"n":"Chocolat poudre Banania 400g","p":2.71,"u":"6,78 €/KG","img":"https://fd9-photos.leclercdrive.fr/image.ashx?id=2225276&use=l&cat=p&typeid=i","cat":293235},{"id":8970,"n":"Riz long blanc de Camargue NRT 500g","p":1.59,"u":"3,18 €/KG","img":"https://fd9-photos.leclercdrive.fr/image.ashx?id=2663803&use=l&cat=p&typeid=i","cat":284428},{"id":8972,"n":"Levure boulangère Tablier Blanc x6 - 30g","p":0.69,"u":"23,00 €/KG","img":"https://fd9-photos.leclercdrive.fr/image.ashx?id=2867904&use=l&cat=p&typeid=i","cat":294686},{"id":8977,"n":"Cacahuètes  Benenuts Grillées à sec - 200g","p":1.57,"u":"7,85 €/KG","img":"https://fd9-photos.leclercdrive.fr/image.ashx?id=2389616&use=l&cat=p&typeid=i","cat":284448},{"id":9033,"n":"Fromage Entremont Dégustation 45%mg - 250g","p":2.84,"u":"11,36 €/KG","img":"https://fd9-photos.leclercdrive.fr/image.ashx?id=2983168&use=l&cat=p&typeid=i","cat":314034},{"id":9043,"n":"Fondue Savoyarde RichesMonts  150g","p":2.53,"u":"16,87 €/KG","img":"https://fd9-photos.leclercdrive.fr/image.ashx?id=2833330&use=l&cat=p&typeid=i","cat":314037},{"id":9055,"n":"Fondue 3 fromages Président  450g","p":5.34,"u":"11,87 €/KG","img":"https://fd9-photos.leclercdrive.fr/image.ashx?id=2632990&use=l&cat=p&typeid=i","cat":314037},{"id":9080,"n":"Fromage à Tartiner St Môret  Nature 9 Portions - 180g","p":2.21,"u":"12,28 €/KG","img":"https://fd9-photos.leclercdrive.fr/image.ashx?id=2763319&use=l&cat=p&typeid=i","cat":314029},{"id":9091,"n":"Sandwich XXL Daunat Poulet rôti - 230g","p":2.07,"u":"9,00 €/KG","img":"https://fd9-photos.leclercdrive.fr/image.ashx?id=2894260&use=l&cat=p&typeid=i","cat":333658},{"id":9110,"n":"Bûche de chèvre allégée Soignon Lait pasteurisé 29%mg - 180g","p":2.26,"u":"12,56 €/KG","img":"https://fd9-photos.leclercdrive.fr/image.ashx?id=2886987&use=l&cat=p&typeid=i","cat":314031},{"id":9123,"n":"Café soluble Plantation Café Au Lait Chicorée - 400g","p":3.59,"u":"8,98 €/KG","img":"https://fd9-photos.leclercdrive.fr/image.ashx?id=2834232&use=l&cat=p&typeid=i","cat":284843},{"id":9124,"n":"Croquettes chiens Lydog Senior - 3kg","p":5.09,"u":"1,70 €/KG","img":"https://fd9-photos.leclercdrive.fr/image.ashx?id=2047025&use=l&cat=p&typeid=i","cat":284672},{"id":9130,"n":"Mouchoirs blancs 2 plis Caresse Boîte mouchoirs en papier -x110","p":1.33,"u":"0,01 €/P","img":"https://fd9-photos.leclercdrive.fr/image.ashx?id=1993571&use=l&cat=p&typeid=i","cat":284638},{"id":9138,"n":"Café soluble Plantation Chicorée - 250g","p":2.98,"u":"11,92 €/KG","img":"https://fd9-photos.leclercdrive.fr/image.ashx?id=2556379&use=l&cat=p&typeid=i","cat":284843},{"id":9155,"n":"Moussaka Boeuf Côté Table 300g","p":3.24,"u":"10,80 €/KG","img":"https://fd9-photos.leclercdrive.fr/image.ashx?id=2607906&use=l&cat=p&typeid=i","cat":333665},{"id":9159,"n":"Sandwich  Côté Snack  Polaire Jambon Cheddar 135g","p":1.39,"u":"10,30 €/KG","img":"https://fd9-photos.leclercdrive.fr/image.ashx?id=2619710&use=l&cat=p&typeid=i","cat":333658},{"id":9161,"n":"Tarte aux poireaux Côté Table 2x130g","p":2.54,"u":"9,77 €/KG","img":"https://fd9-photos.leclercdrive.fr/image.ashx?id=2354707&use=l&cat=p&typeid=i","cat":333680},{"id":9170,"n":"Spaetzles d'Alsace NRT 250g","p":1.39,"u":"5,56 €/KG","img":"https://fd9-photos.leclercdrive.fr/image.ashx?id=2839962&use=l&cat=p&typeid=i","cat":284427},{"id":9173,"n":"Ravioles Label Rouge NRT Dauphiné - 240g","p":2.99,"u":"12,46 €/KG","img":"https://fd9-photos.leclercdrive.fr/image.ashx?id=2704894&use=l&cat=p&typeid=i","cat":333682},{"id":9181,"n":"Chinois La Fournée Dorée Crème pâtissière - 600g","p":2.86,"u":"4,77 €/KG","img":"https://fd9-photos.leclercdrive.fr/image.ashx?id=2342090&use=l&cat=p&typeid=i","cat":293600},{"id":9183,"n":"Boules soufflées Tokapi Tomate - 42g","p":0.57,"u":"13,57 €/KG","img":"https://fd9-photos.leclercdrive.fr/image.ashx?id=2898832&use=l&cat=p&typeid=i","cat":284449},{"id":9223,"n":"Pâtes Capellini Turini 500g","p":0.85,"u":"1,70 €/KG","img":"https://fd9-photos.leclercdrive.fr/image.ashx?id=2607482&use=l&cat=p&typeid=i","cat":284427},{"id":9246,"n":"Avocat Bio Bio Village En barquette x2","p":3.59,"u":"1,80 €/P","img":"https://fd9-photos.leclercdrive.fr/image.ashx?id=2551984&use=l&cat=p&typeid=i","cat":284352},{"id":9262,"n":"Matière grasse Rustica Tournesol -60%MG -Doux -500G","p":1.53,"u":"3,06 €/KG","img":"https://fd9-photos.leclercdrive.fr/image.ashx?id=2904553&use=l&cat=p&typeid=i","cat":315229},{"id":9265,"n":"Pêche poire ananas  Douceur du verger - 4x70g","p":2.59,"u":"9,25 €/KG","img":"https://fd9-photos.leclercdrive.fr/image.ashx?id=2349100&use=l&cat=p&typeid=i","cat":284507},{"id":9266,"n":"Ananas papaye mangue DDV Sirop léger - 4x70g","p":2.75,"u":"9,82 €/KG","img":"https://fd9-photos.leclercdrive.fr/image.ashx?id=2100775&use=l&cat=p&typeid=i","cat":284507},{"id":9276,"n":"Biscuits Sprits P'tit Déli Chocolat au lait - 150g","p":1.09,"u":"7,27 €/KG","img":"https://fd9-photos.leclercdrive.fr/image.ashx?id=2954746&use=l&cat=p&typeid=i","cat":284488},{"id":9322,"n":"Tartelette Choco Caramel St Michel Bonne Maman 135g","p":1.39,"u":"10,30 €/KG","img":"https://fd9-photos.leclercdrive.fr/image.ashx?id=2949931&use=l&cat=p&typeid=i","cat":284488},{"id":9593,"n":"AOP Côtes du Rhône vin rouge Combes Saint Sauveur 75cl","p":4.17,"u":"5,56 €/L","img":"https://fd9-photos.leclercdrive.fr/image.ashx?id=2755414&use=l&cat=p&typeid=i","cat":289556},{"id":9632,"n":"IGP Pays d'Oc rouge Les Ormes De Cambras 12.5% vol - 75cl","p":2.87,"u":"3,83 €/L","img":"https://fd9-photos.leclercdrive.fr/image.ashx?id=2445121&use=l&cat=p&typeid=i","cat":289556},{"id":9634,"n":"Scotch Whisky Baird's 40%vol - 1L","p":15.49,"u":"15,49 €/L","img":"https://fd9-photos.leclercdrive.fr/image.ashx?id=2907168&use=l&cat=p&typeid=i","cat":284547},{"id":9635,"n":"Rhum blanc Charrette 49%vol - 1L","p":16.32,"u":"16,32 €/L","img":"https://fd9-photos.leclercdrive.fr/image.ashx?id=1946417&use=l&cat=p&typeid=i","cat":284550},{"id":9641,"n":"Whisky Ballantine's Finest Blended Scotch 40% vol - 1L","p":21.79,"u":"21,79 €/L","img":"https://fd9-photos.leclercdrive.fr/image.ashx?id=2816964&use=l&cat=p&typeid=i","cat":284547},{"id":9708,"n":"Crème aux oeufs Délisse Vanille - 4x100g","p":1.49,"u":"3,73 €/KG","img":"https://fd9-photos.leclercdrive.fr/image.ashx?id=1956631&use=l&cat=p&typeid=i","cat":284419},{"id":9709,"n":"Mini brownies P'tit Déli Chocolat pépites x8 - 240g","p":1.49,"u":"6,21 €/KG","img":"https://fd9-photos.leclercdrive.fr/image.ashx?id=2888938&use=l&cat=p&typeid=i","cat":294776},{"id":9864,"n":"Alcool à brûler Mieuxa 90° - 1L","p":3.82,"u":"3,82 €/L","img":"https://fd9-photos.leclercdrive.fr/image.ashx?id=2446020&use=l&cat=p&typeid=i","cat":300576},{"id":9898,"n":"Culotte absorbante Chorys Taille L - x10","p":6.99,"u":"0,70 €/P","img":"https://fd9-photos.leclercdrive.fr/image.ashx?id=2623004&use=l&cat=p&typeid=i","cat":284628},{"id":9899,"n":"Culotte absorbante Chorys Taille M - Plus - x12","p":7.99,"u":"0,67 €/P","img":"https://fd9-photos.leclercdrive.fr/image.ashx?id=2623001&use=l&cat=p&typeid=i","cat":284628},{"id":9915,"n":"Oignons émincés Notre Jardin 1kg","p":1.75,"u":"1,75 €/KG","img":"https://fd9-photos.leclercdrive.fr/image.ashx?id=2873114&use=l&cat=p&typeid=i","cat":319805},{"id":9916,"n":"Epinards Notre Jardin Feuilles à cuire - 600g","p":1.35,"u":"2,25 €/KG","img":"https://fd9-photos.leclercdrive.fr/image.ashx?id=2916677&use=l&cat=p&typeid=i","cat":319805},{"id":9917,"n":"Whisky J&B Rare 40%vol - 1L","p":21.89,"u":"21,89 €/L","img":"https://fd9-photos.leclercdrive.fr/image.ashx?id=2497638&use=l&cat=p&typeid=i","cat":284547},{"id":9933,"n":"Mouchoirs blancs 4 plis Caresse Mouchoirs papier - 24 étuis","p":2.51,"u":"0,10 €/P","img":"https://fd9-photos.leclercdrive.fr/image.ashx?id=2870017&use=l&cat=p&typeid=i","cat":284638},{"id":9937,"n":"Eau de source de Montagne Bouchon sport - 12x33cl","p":2.89,"u":"0,73 €/L","img":"https://fd9-photos.leclercdrive.fr/image.ashx?id=2909879&use=l&cat=p&typeid=i","cat":284535},{"id":10069,"n":"Gâteaux moelleux Pépito  Pépites de chocolat - 150g","p":1.28,"u":"8,53 €/KG","img":"https://fd9-photos.leclercdrive.fr/image.ashx?id=2374396&use=l&cat=p&typeid=i","cat":284495},{"id":10074,"n":"Tablette de chocolat Equador Noir et menthe 100g","p":1.19,"u":"11,90 €/KG","img":"https://fd9-photos.leclercdrive.fr/image.ashx?id=2834296&use=l&cat=p&typeid=i","cat":284956},{"id":10086,"n":"Fondants Autour du Dessert Chocolat x2 - 180g","p":1.99,"u":"11,06 €/KG","img":"https://fd9-photos.leclercdrive.fr/image.ashx?id=2070033&use=l&cat=p&typeid=i","cat":284267},{"id":10091,"n":"Filets maquereaux Pêche Océan Tomate basilic - 169g","p":1.46,"u":"8,64 €/KG","img":"https://fd9-photos.leclercdrive.fr/image.ashx?id=2394657&use=l&cat=p&typeid=i","cat":303868},{"id":10092,"n":"Palets de légumes Notre Jardin Courgettes Carottes - x8 300g","p":1.74,"u":"5,80 €/KG","img":"https://fd9-photos.leclercdrive.fr/image.ashx?id=2878711&use=l&cat=p&typeid=i","cat":319802},{"id":10093,"n":"Palets légumes Notre Jardin Poireaux Carottes - x8 300g","p":1.99,"u":"6,63 €/KG","img":"https://fd9-photos.leclercdrive.fr/image.ashx?id=2878708&use=l&cat=p&typeid=i","cat":319802},{"id":10114,"n":"Essuie-tout Uni Vert Compact Ecologique - x2","p":2.7,"u":"1,35 €/P","img":"https://fd9-photos.leclercdrive.fr/image.ashx?id=2571929&use=l&cat=p&typeid=i","cat":284635},{"id":10122,"n":"Mini gratins Côté Table Aux 3 légumes - x4 480g","p":3.12,"u":"6,50 €/KG","img":"https://fd9-photos.leclercdrive.fr/image.ashx?id=2074419&use=l&cat=p&typeid=i","cat":319802},{"id":10125,"n":"Rösti Pom'Lisse 600g","p":1.39,"u":"2,32 €/KG","img":"https://fd9-photos.leclercdrive.fr/image.ashx?id=2958702&use=l&cat=p&typeid=i","cat":319792},{"id":10126,"n":"Pomme de terre Patato Rigolo Pom'Lisse 750g","p":1.94,"u":"2,59 €/KG","img":"https://fd9-photos.leclercdrive.fr/image.ashx?id=2699672&use=l&cat=p&typeid=i","cat":319792},{"id":10163,"n":"Palets légumes Notre Jardin Choux-fleurs Brocolis - x8 300g","p":2.1,"u":"7,00 €/KG","img":"https://fd9-photos.leclercdrive.fr/image.ashx?id=2878714&use=l&cat=p&typeid=i","cat":319802},{"id":10192,"n":"Olives Vertes Tramier  Dénoyautées 160g","p":1.87,"u":"11,69 €/KG","img":"https://fd9-photos.leclercdrive.fr/image.ashx?id=2363829&use=l&cat=p&typeid=i","cat":284458},{"id":10212,"n":"Rubans anti-mouches Insectivor x4","p":0.85,"u":"0,21 €/P","img":"https://fd9-photos.leclercdrive.fr/image.ashx?id=2555077&use=l&cat=p&typeid=i","cat":298368},{"id":10215,"n":"Sauce Basquaise Rustica Aux 2 poivrons - 400g","p":1.29,"u":"3,23 €/KG","img":"https://fd9-photos.leclercdrive.fr/image.ashx?id=2887398&use=l&cat=p&typeid=i","cat":287599},{"id":10216,"n":"Sauce Aigre Douce Rustica Légumes croquants - 400g","p":1.28,"u":"3,20 €/KG","img":"https://fd9-photos.leclercdrive.fr/image.ashx?id=2887401&use=l&cat=p&typeid=i","cat":287599},{"id":10217,"n":"Sauce Curry Rustica Légumes et lait de coco - 400g","p":1.31,"u":"3,28 €/KG","img":"https://fd9-photos.leclercdrive.fr/image.ashx?id=2887404&use=l&cat=p&typeid=i","cat":287599},{"id":10220,"n":"Tampons Doulys Compact Normal - x20","p":2.24,"u":"0,11 €/P","img":"https://fd9-photos.leclercdrive.fr/image.ashx?id=2965461&use=l&cat=p&typeid=i","cat":284626},{"id":10227,"n":"Mini gratins Côté Table Dauphinois - x4 480g","p":2.99,"u":"6,23 €/KG","img":"https://fd9-photos.leclercdrive.fr/image.ashx?id=2627640&use=l&cat=p&typeid=i","cat":319802},{"id":10244,"n":"Thon entier Pêche Océan Naturel - 280g","p":3.69,"u":"13,18 €/KG","img":"https://fd9-photos.leclercdrive.fr/image.ashx?id=2436314&use=l&cat=p&typeid=i","cat":303867},{"id":10344,"n":"Petit Beurre Pocket P'ti Déli 3x12 sachets 300g","p":1.68,"u":"5,60 €/KG","img":"https://fd9-photos.leclercdrive.fr/image.ashx?id=1965518&use=l&cat=p&typeid=i","cat":284487},{"id":10346,"n":"Vinaigrette allégée Rustica Balsamique huile d'olive - 50cl","p":2.49,"u":"4,98 €/L","img":"https://fd9-photos.leclercdrive.fr/image.ashx?id=1972913&use=l&cat=p&typeid=i","cat":284456},{"id":10348,"n":"Huile de noix Rustica 50cl","p":4.68,"u":"9,36 €/L","img":"https://fd9-photos.leclercdrive.fr/image.ashx?id=2523703&use=l&cat=p&typeid=i","cat":284453},{"id":10382,"n":"Choucroute Royale Côté Table 400g","p":1.99,"u":"4,98 €/KG","img":"https://fd9-photos.leclercdrive.fr/image.ashx?id=2977147&use=l&cat=p&typeid=i","cat":284441},{"id":10398,"n":"Biscuit apéritif ancel Bretzels Maxi - 200g","p":0.83,"u":"4,15 €/KG","img":"https://fd9-photos.leclercdrive.fr/image.ashx?id=2991813&use=l&cat=p&typeid=i","cat":297000},{"id":10406,"n":"Vinaigre d'alcool doux Melfor Miel et infusion plantes - 1L","p":1.75,"u":"1,75 €/L","img":"https://fd9-photos.leclercdrive.fr/image.ashx?id=2289909&use=l&cat=p&typeid=i","cat":298543},{"id":10526,"n":"Pommes Noisettes McCain 1kg","p":3.11,"u":"3,11 €/KG","img":"https://fd9-photos.leclercdrive.fr/image.ashx?id=2911312&use=l&cat=p&typeid=i","cat":319792},{"id":10527,"n":"Pommes Rissolées McCain  1kg","p":2.68,"u":"2,68 €/KG","img":"https://fd9-photos.leclercdrive.fr/image.ashx?id=2911309&use=l&cat=p&typeid=i","cat":319792},{"id":10637,"n":"Crème entière Délisse Fluide - 30% MG - 2x25cl","p":2.72,"u":"5,44 €/L","img":"https://fd9-photos.leclercdrive.fr/image.ashx?id=3002560&use=l&cat=p&typeid=i","cat":284381},{"id":10638,"n":"Crème légère fluide UHT Délisse 12%mg - 2x25cl","p":2.36,"u":"4,72 €/L","img":"https://fd9-photos.leclercdrive.fr/image.ashx?id=3002563&use=l&cat=p&typeid=i","cat":284381},{"id":10641,"n":"Yaourts lait entier nature Bio Bio village - 4x125g","p":0.95,"u":"1,90 €/KG","img":"https://fd9-photos.leclercdrive.fr/image.ashx?id=2743831&use=l&cat=p&typeid=i","cat":284409},{"id":10655,"n":"IGP Pays d'Oc rouge Cabernet Sauvignon 12.5% vol - 75cl","p":2.86,"u":"3,81 €/L","img":"https://fd9-photos.leclercdrive.fr/image.ashx?id=2189904&use=l&cat=p&typeid=i","cat":289556},{"id":10658,"n":"Beurre gastronomique Président Doux - 82% MG - 125g","p":1.78,"u":"14,24 €/KG","img":"https://fd9-photos.leclercdrive.fr/image.ashx?id=2740592&use=l&cat=p&typeid=i","cat":284379},{"id":10674,"n":"Soda Coca-Cola Bouteille - 6x50cl","p":6.4,"u":"2,13 €/L","img":"https://fd9-photos.leclercdrive.fr/image.ashx?id=2885414&use=l&cat=p&typeid=i","cat":284530},{"id":10690,"n":"Poêlée côté sud Paysan Breton 750g","p":3.66,"u":"4,88 €/KG","img":"https://fd9-photos.leclercdrive.fr/image.ashx?id=2882397&use=l&cat=p&typeid=i","cat":319823},{"id":10697,"n":"Sardines huile olive Connétable Sans arrêtes 115g","p":2.99,"u":"26,00 €/KG","img":"https://fd9-photos.leclercdrive.fr/image.ashx?id=2139046&use=l&cat=p&typeid=i","cat":305146},{"id":10703,"n":"Thon blanc entier Connétable Huile d'olive - 160g","p":3.2,"u":"20,00 €/KG","img":"https://fd9-photos.leclercdrive.fr/image.ashx?id=2910127&use=l&cat=p&typeid=i","cat":303867},{"id":10766,"n":"Pain d'épices P'tit Déli 350g","p":1.81,"u":"5,17 €/KG","img":"https://fd9-photos.leclercdrive.fr/image.ashx?id=1938852&use=l&cat=p&typeid=i","cat":284493},{"id":10767,"n":"Riz cantonais Comptoir du Grain Express 2 min - 250g","p":1.19,"u":"4,76 €/KG","img":"https://fd9-photos.leclercdrive.fr/image.ashx?id=2441198&use=l&cat=p&typeid=i","cat":287600},{"id":10781,"n":"Chair de tomate Notre Jardin Nature - 400g","p":1.99,"u":"4,98 €/KG","img":"https://fd9-photos.leclercdrive.fr/image.ashx?id=2590436&use=l&cat=p&typeid=i","cat":312608},{"id":10785,"n":"Mogette cuisinée NRT De Vendée - 820g","p":3.01,"u":"3,67 €/KG","img":"https://fd9-photos.leclercdrive.fr/image.ashx?id=2771384&use=l&cat=p&typeid=i","cat":312606},{"id":10787,"n":"Huile de colza Bio Village Bio - 75cl","p":3.79,"u":"5,05 €/L","img":"https://fd9-photos.leclercdrive.fr/image.ashx?id=2989715&use=l&cat=p&typeid=i","cat":284453},{"id":10795,"n":"Moutarde de Dijon NRT À l'ancienne - 200g","p":1.39,"u":"6,95 €/KG","img":"https://fd9-photos.leclercdrive.fr/image.ashx?id=2644921&use=l&cat=p&typeid=i","cat":288850},{"id":10796,"n":"Terrine Côté Table Sanglier cognac - 180g","p":2.99,"u":"16,61 €/KG","img":"https://fd9-photos.leclercdrive.fr/image.ashx?id=2519423&use=l&cat=p&typeid=i","cat":305149},{"id":10929,"n":"Madeleines longues Eco+ 250g","p":0.89,"u":"3,56 €/KG","img":"https://fd9-photos.leclercdrive.fr/image.ashx?id=2875672&use=l&cat=p&typeid=i","cat":284492},{"id":10930,"n":"Chocolat pâtissier Eco+ Spécial dessert 200g","p":1.59,"u":"7,95 €/KG","img":"https://fd9-photos.leclercdrive.fr/image.ashx?id=2793140&use=l&cat=p&typeid=i","cat":285562},{"id":10933,"n":"Huile olive Eco+ Extra vierge - 1L","p":6.67,"u":"6,67 €/L","img":"https://fd9-photos.leclercdrive.fr/image.ashx?id=2699547&use=l&cat=p&typeid=i","cat":284453},{"id":10938,"n":"Barquette chien Eco+ Au boeuf - 300g","p":0.52,"u":"1,73 €/KG","img":"https://fd9-photos.leclercdrive.fr/image.ashx?id=2957545&use=l&cat=p&typeid=i","cat":284673},{"id":10945,"n":"Boules de graisse Eco+ x6 - 540g","p":0.75,"u":"1,39 €/KG","img":"https://fd9-photos.leclercdrive.fr/image.ashx?id=2220275&use=l&cat=p&typeid=i","cat":284678},{"id":10948,"n":"Mélange oiseaux du ciel Eco+ 1 kg","p":1.17,"u":"1,17 €/KG","img":"https://fd9-photos.leclercdrive.fr/image.ashx?id=2169186&use=l&cat=p&typeid=i","cat":284678},{"id":10967,"n":"Jus d'orange Andros Oranges pressées - 1L","p":2.89,"u":"2,89 €/L","img":"https://fd9-photos.leclercdrive.fr/image.ashx?id=2882632&use=l&cat=p&typeid=i","cat":285435},{"id":10968,"n":"Jus d'ananas Andros Ananas pressés - 1L","p":3.28,"u":"3,28 €/L","img":"https://fd9-photos.leclercdrive.fr/image.ashx?id=2292203&use=l&cat=p&typeid=i","cat":285435},{"id":10970,"n":"Jus de clémentines Andros  Clémentines Pressées - 1L","p":2.95,"u":"2,95 €/L","img":"https://fd9-photos.leclercdrive.fr/image.ashx?id=2882647&use=l&cat=p&typeid=i","cat":285435},{"id":10971,"n":"Jus de pommes pressées Andros 1L","p":2.49,"u":"2,49 €/L","img":"https://fd9-photos.leclercdrive.fr/image.ashx?id=2882644&use=l&cat=p&typeid=i","cat":285435},{"id":10979,"n":"Haricots Verts Bonduelle Extra-fins 1kg","p":2.78,"u":"2,78 €/KG","img":"https://fd9-photos.leclercdrive.fr/image.ashx?id=2876152&use=l&cat=p&typeid=i","cat":319805},{"id":10994,"n":"Gâteaux P'tit Déli Pépites de chocolat 10x30g","p":1.89,"u":"6,30 €/KG","img":"https://fd9-photos.leclercdrive.fr/image.ashx?id=1947354&use=l&cat=p&typeid=i","cat":284495},{"id":11007,"n":"Barquettes chats Tous mes amis Les Menus 4 variétés - 8x100g","p":4.49,"u":"5,61 €/KG","img":"https://fd9-photos.leclercdrive.fr/image.ashx?id=2050645&use=l&cat=p&typeid=i","cat":285286},{"id":11034,"n":"Terrine de campagne Côté Table Porc confit - 2x180g","p":2.79,"u":"7,75 €/KG","img":"https://fd9-photos.leclercdrive.fr/image.ashx?id=2519426&use=l&cat=p&typeid=i","cat":305149},{"id":11037,"n":"Sauce tomate Italienne Zapetti - 3x190g","p":3.12,"u":"5,47 €/KG","img":"https://fd9-photos.leclercdrive.fr/image.ashx?id=2579975&use=l&cat=p&typeid=i","cat":288384},{"id":11042,"n":"Crêpes Côté Table Fromage fondu x20 1kg","p":3.29,"u":"3,29 €/KG","img":"https://fd9-photos.leclercdrive.fr/image.ashx?id=2756849&use=l&cat=p&typeid=i","cat":319776},{"id":11046,"n":"Duo de riz Camargue Bio village Bio  - 500g","p":3.9,"u":"7,80 €/KG","img":"https://fd9-photos.leclercdrive.fr/image.ashx?id=2477008&use=l&cat=p&typeid=i","cat":284428},{"id":11070,"n":"Soupe instantanée Royco  Oignons & Croûtons - 4x200ml","p":1.58,"u":"19,75 €/KG","img":"https://fd9-photos.leclercdrive.fr/image.ashx?id=2650985&use=l&cat=p&typeid=i","cat":293527},{"id":11153,"n":"Truite fumée Ovive Pyrénées 4 tranches - 120g","p":5.89,"u":"49,08 €/KG","img":"https://fd9-photos.leclercdrive.fr/image.ashx?id=2887848&use=l&cat=p&typeid=i","cat":285188},{"id":11175,"n":"Plat bébé soir Blédiner 8 mois Risotto courgette - 2x200g","p":2.28,"u":"5,70 €/KG","img":"https://fd9-photos.leclercdrive.fr/image.ashx?id=2921043&use=l&cat=p&typeid=i","cat":312239},{"id":11176,"n":"Lait céréales bébé Blédiner 6m Courgette soir - 2x250ml","p":1.79,"u":"3,58 €/L","img":"https://fd9-photos.leclercdrive.fr/image.ashx?id=2960147&use=l&cat=p&typeid=i","cat":312239},{"id":11178,"n":"Plat bébé soir Blédiner 12 mois Pâtes tomate courgette - 2x200g","p":2.34,"u":"5,85 €/KG","img":"https://fd9-photos.leclercdrive.fr/image.ashx?id=2902966&use=l&cat=p&typeid=i","cat":312239},{"id":11225,"n":"AOP Blaye Côtes de Bordeaux vin rouge Chantet Blanet - BIB 3L","p":11.99,"u":"4,00 €/L","img":"https://fd9-photos.leclercdrive.fr/image.ashx?id=2780719&use=l&cat=p&typeid=i","cat":289560},{"id":11292,"n":"AOC Clairette de Die Jaillance Esprit de terroirTradition 75cl","p":6.65,"u":"8,87 €/L","img":"https://fd9-photos.leclercdrive.fr/image.ashx?id=2453499&use=l&cat=p&typeid=i","cat":284545},{"id":11308,"n":"Couscous Tipiak - Grain moyen Prêt en 4 min - 1kg","p":1.82,"u":"1,82 €/KG","img":"https://fd9-photos.leclercdrive.fr/image.ashx?id=2947826&use=l&cat=p&typeid=i","cat":284429},{"id":11309,"n":"Fromage de Brebis Le Brebiou  Des Pyrénées - 180g","p":3.17,"u":"17,61 €/KG","img":"https://fd9-photos.leclercdrive.fr/image.ashx?id=2472855&use=l&cat=p&typeid=i","cat":314031},{"id":11310,"n":"Crème Chantilly Isigny Ste Mère Sucrée et vanillée - 250g","p":2.47,"u":"9,88 €/KG","img":"https://fd9-photos.leclercdrive.fr/image.ashx?id=3004384&use=l&cat=p&typeid=i","cat":284382},{"id":11365,"n":"Crème aux oeufs La Laitière Vanille - 4x100g","p":1.77,"u":"4,43 €/KG","img":"https://fd9-photos.leclercdrive.fr/image.ashx?id=3007987&use=l&cat=p&typeid=i","cat":284419},{"id":11367,"n":"Yaourt à la grecque YAOS Nature - 4x150g","p":2.1,"u":"3,50 €/KG","img":"https://fd9-photos.leclercdrive.fr/image.ashx?id=2365006&use=l&cat=p&typeid=i","cat":314999},{"id":11386,"n":"Saucisse de Toulouse Socopa x4 400g","p":3.76,"u":"9,40 €/KG","img":"https://fd9-photos.leclercdrive.fr/image.ashx?id=2264689&use=l&cat=p&typeid=i","cat":284334},{"id":11391,"n":"Crème caramel Bonne Maman Aux oeufs frais - 4x100g","p":2.22,"u":"5,55 €/KG","img":"https://fd9-photos.leclercdrive.fr/image.ashx?id=1987563&use=l&cat=p&typeid=i","cat":284419},{"id":11455,"n":"Pasta Box Sodebo Tortellini Ricotta Épinards - 280g","p":2.77,"u":"9,89 €/KG","img":"https://fd9-photos.leclercdrive.fr/image.ashx?id=2919778&use=l&cat=p&typeid=i","cat":334983},{"id":11464,"n":"Pointe de brie Président Crémeux - 200g","p":1.99,"u":"9,95 €/KG","img":"https://fd9-photos.leclercdrive.fr/image.ashx?id=2029841&use=l&cat=p&typeid=i","cat":314033},{"id":11477,"n":"Yaourts à la Grecque Au lait de brebis - 2x150g","p":2.19,"u":"7,30 €/KG","img":"https://fd9-photos.leclercdrive.fr/image.ashx?id=2188443&use=l&cat=p&typeid=i","cat":314999},{"id":11478,"n":"Ma Pièmontaise jambon Pierre Martinet - 500g","p":2.92,"u":"5,84 €/KG","img":"https://fd9-photos.leclercdrive.fr/image.ashx?id=2873937&use=l&cat=p&typeid=i","cat":333657},{"id":11487,"n":"Duo Carottes râpées Céleri rémoulade Pierre Martinet 250g","p":1.91,"u":"7,64 €/KG","img":"https://fd9-photos.leclercdrive.fr/image.ashx?id=2733091&use=l&cat=p&typeid=i","cat":333657},{"id":11503,"n":"Crème gourmande Mamie Nova Vanille bourbon 2x150g","p":1.63,"u":"5,43 €/KG","img":"https://fd9-photos.leclercdrive.fr/image.ashx?id=2909017&use=l&cat=p&typeid=i","cat":285041},{"id":11508,"n":"Lait céréales Blédidej 6 mois Biscuit  - 4x250ml","p":3.44,"u":"3,44 €/L","img":"https://fd9-photos.leclercdrive.fr/image.ashx?id=2921040&use=l&cat=p&typeid=i","cat":312226},{"id":11509,"n":"Feuille de brick Tablier Blanc 8 feuilles - 136g","p":0.77,"u":"5,66 €/KG","img":"https://fd9-photos.leclercdrive.fr/image.ashx?id=1938558&use=l&cat=p&typeid=i","cat":333681},{"id":11527,"n":"Essuie-tout blanc Mimosa Super absorbant - x6","p":3.74,"u":"0,62 €/P","img":"https://fd9-photos.leclercdrive.fr/image.ashx?id=2401882&use=l&cat=p&typeid=i","cat":284635},{"id":11587,"n":"Papier toilette Mimosa Rose - Ultra doux - x12","p":2.82,"u":"0,24 €/P","img":"https://fd9-photos.leclercdrive.fr/image.ashx?id=2448303&use=l&cat=p&typeid=i","cat":284634},{"id":11611,"n":"Avocats mûrs à point  Panier du Primeur x2","p":3.39,"u":"1,70 €/P","img":"https://fd9-photos.leclercdrive.fr/image.ashx?id=2313373&use=l&cat=p&typeid=i","cat":284352},{"id":11886,"n":"IGP Pays d'Oc Gris vin rosé Rives & Terrasses 12.5% BIB 3L","p":8.49,"u":"2,83 €/L","img":"https://fd9-photos.leclercdrive.fr/image.ashx?id=2909383&use=l&cat=p&typeid=i","cat":289560},{"id":11906,"n":"Nappage caramel Vahiné 700g","p":3.47,"u":"4,96 €/KG","img":"https://fd9-photos.leclercdrive.fr/image.ashx?id=2983234&use=l&cat=p&typeid=i","cat":284504},{"id":11910,"n":"Colorant alimentaire Vahiné Assortiment x3","p":1.36,"u":"0,45 €/P","img":"https://fd9-photos.leclercdrive.fr/image.ashx?id=2939352&use=l&cat=p&typeid=i","cat":284504},{"id":12000,"n":"Couscous Comptoir du Grain Grain moyen - 5x100g","p":0.84,"u":"1,68 €/KG","img":"https://fd9-photos.leclercdrive.fr/image.ashx?id=3012815&use=l&cat=p&typeid=i","cat":284429},{"id":12014,"n":"Riz Basmati Vivien Paille 1kg","p":3.9,"u":"3,90 €/KG","img":"https://fd9-photos.leclercdrive.fr/image.ashx?id=2326361&use=l&cat=p&typeid=i","cat":284428},{"id":12078,"n":"Pâte à tartiner Nustikao 400g","p":1.83,"u":"4,58 €/KG","img":"https://fd9-photos.leclercdrive.fr/image.ashx?id=2856411&use=l&cat=p&typeid=i","cat":284481},{"id":12102,"n":"Roquette Notre Jardin  - 125g","p":1.42,"u":"11,36 €/KG","img":"https://fd9-photos.leclercdrive.fr/image.ashx?id=2720157&use=l&cat=p&typeid=i","cat":284353},{"id":12122,"n":"Vermicelles de riz Suzi Wan 250g","p":2.07,"u":"8,28 €/KG","img":"https://fd9-photos.leclercdrive.fr/image.ashx?id=3002183&use=l&cat=p&typeid=i","cat":288992},{"id":12131,"n":"Crème coco Suzi Wan 200ml","p":1.29,"u":"6,45 €/L","img":"https://fd9-photos.leclercdrive.fr/image.ashx?id=2886250&use=l&cat=p&typeid=i","cat":288992},{"id":12236,"n":"Spaghetti d'Alsace NRT 250g","p":1.39,"u":"5,56 €/KG","img":"https://fd9-photos.leclercdrive.fr/image.ashx?id=2839983&use=l&cat=p&typeid=i","cat":284427},{"id":12242,"n":"Rillettes de saumon MSC Ronde des mers - 150g","p":1.99,"u":"13,27 €/KG","img":"https://fd9-photos.leclercdrive.fr/image.ashx?id=2822729&use=l&cat=p&typeid=i","cat":285191},{"id":12243,"n":"Rillettes de thon MSC Ronde des mers - 150g","p":1.99,"u":"13,27 €/KG","img":"https://fd9-photos.leclercdrive.fr/image.ashx?id=2644873&use=l&cat=p&typeid=i","cat":285191},{"id":12249,"n":"Torsades d'Alsace NRT 250g","p":1.39,"u":"5,56 €/KG","img":"https://fd9-photos.leclercdrive.fr/image.ashx?id=2839980&use=l&cat=p&typeid=i","cat":284427},{"id":12258,"n":"Gros sel de l'Ile de Ré NRT Sachet -1kg","p":1.69,"u":"1,69 €/KG","img":"https://fd9-photos.leclercdrive.fr/image.ashx?id=2802879&use=l&cat=p&typeid=i","cat":284457},{"id":12261,"n":"Double concentré tomates Turini 3X70g","p":2.13,"u":"10,14 €/KG","img":"https://fd9-photos.leclercdrive.fr/image.ashx?id=2623962&use=l&cat=p&typeid=i","cat":288384},{"id":12362,"n":"Thon entier Pêche Océan Naturel - 2x140g","p":3.75,"u":"13,39 €/KG","img":"https://fd9-photos.leclercdrive.fr/image.ashx?id=2941420&use=l&cat=p&typeid=i","cat":303867},{"id":12363,"n":"Thon entier Pêche Océan Naturel - 3x93g","p":3.47,"u":"12,44 €/KG","img":"https://fd9-photos.leclercdrive.fr/image.ashx?id=2941408&use=l&cat=p&typeid=i","cat":303867},{"id":12365,"n":"Couscous royal Côté Table Volaille et merguez 980g","p":3.69,"u":"3,77 €/KG","img":"https://fd9-photos.leclercdrive.fr/image.ashx?id=2977144&use=l&cat=p&typeid=i","cat":325094},{"id":12373,"n":"Moutarde Rustica Mi-forte - 415g","p":1.28,"u":"3,08 €/KG","img":"https://fd9-photos.leclercdrive.fr/image.ashx?id=1961437&use=l&cat=p&typeid=i","cat":288850},{"id":12374,"n":"Purée de tomates Turini 3x200g","p":1.19,"u":"1,98 €/KG","img":"https://fd9-photos.leclercdrive.fr/image.ashx?id=2174684&use=l&cat=p&typeid=i","cat":288384},{"id":12380,"n":"Infusion Tiséa Digestion facilitée x25","p":0.99,"u":"24,75 €/KG","img":"https://fd9-photos.leclercdrive.fr/image.ashx?id=2696253&use=l&cat=p&typeid=i","cat":293234},{"id":12391,"n":"Sirop Frucci Fraise - 1L","p":3.5,"u":"3,50 €/L","img":"https://fd9-photos.leclercdrive.fr/image.ashx?id=2954076&use=l&cat=p&typeid=i","cat":295020},{"id":12397,"n":"Vin mousseux d'Union Européenne Brut Blazer - 75 cl","p":3.15,"u":"4,20 €/L","img":"https://fd9-photos.leclercdrive.fr/image.ashx?id=2623950&use=l&cat=p&typeid=i","cat":284544},{"id":12402,"n":"Crème de mûres Auguste Muniot 15%vol. - 50cl","p":4.58,"u":"9,16 €/L","img":"https://fd9-photos.leclercdrive.fr/image.ashx?id=2541525&use=l&cat=p&typeid=i","cat":286032},{"id":12424,"n":"Pâtes Spaghetti Turini 3min - 500g","p":0.78,"u":"1,56 €/KG","img":"https://fd9-photos.leclercdrive.fr/image.ashx?id=2607464&use=l&cat=p&typeid=i","cat":284427},{"id":12426,"n":"Pâtes Cheveux d'anges Turini 1kg","p":1.61,"u":"1,61 €/KG","img":"https://fd9-photos.leclercdrive.fr/image.ashx?id=2980791&use=l&cat=p&typeid=i","cat":284427},{"id":12437,"n":"Sel fin de l'île de Ré NRT 250g","p":1.35,"u":"5,40 €/KG","img":"https://fd9-photos.leclercdrive.fr/image.ashx?id=2644909&use=l&cat=p&typeid=i","cat":284457},{"id":12464,"n":"Soda Jean's Cola Zéro Bouteille - 1,5L","p":0.45,"u":"0,30 €/L","img":"https://fd9-photos.leclercdrive.fr/image.ashx?id=2637883&use=l&cat=p&typeid=i","cat":284530},{"id":12467,"n":"Jus multifruits Jafaden Pur jus - 1L","p":1.99,"u":"1,99 €/L","img":"https://fd9-photos.leclercdrive.fr/image.ashx?id=2958705&use=l&cat=p&typeid=i","cat":284917},{"id":12469,"n":"100% Pur jus d'orange Jafaden  Sans pulpe - 1L","p":1.99,"u":"1,99 €/L","img":"https://fd9-photos.leclercdrive.fr/image.ashx?id=2842477&use=l&cat=p&typeid=i","cat":284521},{"id":12470,"n":"Pur Jus de raisin Bio Village Bio - 1L","p":2.29,"u":"2,29 €/L","img":"https://fd9-photos.leclercdrive.fr/image.ashx?id=2901518&use=l&cat=p&typeid=i","cat":284915},{"id":12471,"n":"Thon entier Pêche Océan Huile de tournesol - 160g","p":1.63,"u":"10,19 €/KG","img":"https://fd9-photos.leclercdrive.fr/image.ashx?id=2941399&use=l&cat=p&typeid=i","cat":303867},{"id":12477,"n":"Cassoulet Saucisse de Toulouse Côté Table - 420g","p":2.11,"u":"5,02 €/KG","img":"https://fd9-photos.leclercdrive.fr/image.ashx?id=2977861&use=l&cat=p&typeid=i","cat":284440},{"id":12501,"n":"Café soluble Plantation Sélection - 200g","p":4.44,"u":"22,20 €/KG","img":"https://fd9-photos.leclercdrive.fr/image.ashx?id=2834266&use=l&cat=p&typeid=i","cat":284843},{"id":12506,"n":"Marshmallows Copains Copines Vanille 300g","p":1.25,"u":"4,17 €/KG","img":"https://fd9-photos.leclercdrive.fr/image.ashx?id=2934646&use=l&cat=p&typeid=i","cat":304250},{"id":12521,"n":"Miettes de thon Pêche Océan Huile de tournesol - 3x80g","p":2.35,"u":"9,79 €/KG","img":"https://fd9-photos.leclercdrive.fr/image.ashx?id=2943608&use=l&cat=p&typeid=i","cat":303867},{"id":12527,"n":"Chocolat Pâtissier Tablette dOr Noir - 200g","p":1.79,"u":"8,95 €/KG","img":"https://fd9-photos.leclercdrive.fr/image.ashx?id=2723356&use=l&cat=p&typeid=i","cat":285562},{"id":12529,"n":"Moutarde de Dijon Rustica  195g","p":1.25,"u":"6,41 €/KG","img":"https://fd9-photos.leclercdrive.fr/image.ashx?id=2954334&use=l&cat=p&typeid=i","cat":288850},{"id":12532,"n":"Café en grains Plantation Tradition - 1kg","p":10.15,"u":"10,15 €/KG","img":"https://fd9-photos.leclercdrive.fr/image.ashx?id=2856405&use=l&cat=p&typeid=i","cat":293237},{"id":12549,"n":"Rasoirs jetables Venus Gillette Simply Venus 2 - x10","p":3.5,"u":"0,35 €/P","img":"https://fd9-photos.leclercdrive.fr/image.ashx?id=2881789&use=l&cat=p&typeid=i","cat":325352},{"id":12551,"n":"Raviolis légumes Bio Village Bio - 700g","p":2.53,"u":"3,61 €/KG","img":"https://fd9-photos.leclercdrive.fr/image.ashx?id=2717252&use=l&cat=p&typeid=i","cat":284442},{"id":12555,"n":"Mogette cuite au naturel NRT De Vendée - 530g","p":3.19,"u":"6,02 €/KG","img":"https://fd9-photos.leclercdrive.fr/image.ashx?id=2771025&use=l&cat=p&typeid=i","cat":312606},{"id":12557,"n":"Vinaigrette Rustica Echalote - 50cl","p":1.25,"u":"2,50 €/L","img":"https://fd9-photos.leclercdrive.fr/image.ashx?id=1972901&use=l&cat=p&typeid=i","cat":284456},{"id":12564,"n":"Châtaignes Notre Jardin Entières - 420g","p":5.09,"u":"12,12 €/KG","img":"https://fd9-photos.leclercdrive.fr/image.ashx?id=1965527&use=l&cat=p&typeid=i","cat":312612},{"id":12566,"n":"Sel régénérant Eco+ 4kg","p":2.04,"u":"0,51 €/KG","img":"https://fd9-photos.leclercdrive.fr/image.ashx?id=2865236&use=l&cat=p&typeid=i","cat":284657},{"id":12567,"n":"Andouillettes de Troyes NRT  2x150g","p":3.49,"u":"11,63 €/KG","img":"https://fd9-photos.leclercdrive.fr/image.ashx?id=2991500&use=l&cat=p&typeid=i","cat":316012},{"id":12573,"n":"Eponges Mamison salle de bain Décorées x2","p":0.99,"u":"0,50 €/P","img":"https://fd9-photos.leclercdrive.fr/image.ashx?id=2199055&use=l&cat=p&typeid=i","cat":284667},{"id":12581,"n":"Soupe Déshydratée Thaï KNORR Nouilles & Champignons - 70cl","p":1.35,"u":"1,93 €/L","img":"https://fd9-photos.leclercdrive.fr/image.ashx?id=2772554&use=l&cat=p&typeid=i","cat":284463},{"id":12587,"n":"Compote Douceur du Verger Gourdes multivariétés - 12x90g","p":3.93,"u":"3,64 €/KG","img":"https://fd9-photos.leclercdrive.fr/image.ashx?id=2837039&use=l&cat=p&typeid=i","cat":284508},{"id":12588,"n":"Sel régénérant Visior Lave-vaisselle - 4x1kg","p":2.69,"u":"0,67 €/KG","img":"https://fd9-photos.leclercdrive.fr/image.ashx?id=2463401&use=l&cat=p&typeid=i","cat":284657},{"id":12591,"n":"Soupe déshydratée Knorr 9 légumes - 75cl","p":0.94,"u":"1,25 €/L","img":"https://fd9-photos.leclercdrive.fr/image.ashx?id=2790585&use=l&cat=p&typeid=i","cat":284463},{"id":12593,"n":"Soupe déshydratée Knorr 9 légumes - 105g","p":0.93,"u":"8,86 €/KG","img":"https://fd9-photos.leclercdrive.fr/image.ashx?id=2875930&use=l&cat=p&typeid=i","cat":284463},{"id":12601,"n":"Oignon Rustica Coupés - 100g","p":2.14,"u":"21,40 €/KG","img":"https://fd9-photos.leclercdrive.fr/image.ashx?id=2365466&use=l&cat=p&typeid=i","cat":319804},{"id":12602,"n":"Ciboulette Rustica Coupé - 50g","p":1.65,"u":"33,00 €/KG","img":"https://fd9-photos.leclercdrive.fr/image.ashx?id=2365460&use=l&cat=p&typeid=i","cat":319804},{"id":12605,"n":"Cornichons Maille Le Mini 210g","p":2.9,"u":"13,81 €/KG","img":"https://fd9-photos.leclercdrive.fr/image.ashx?id=2877310&use=l&cat=p&typeid=i","cat":284458},{"id":12606,"n":"Marmite bouillon Knorr Poule - 224g","p":1.99,"u":"8,88 €/KG","img":"https://fd9-photos.leclercdrive.fr/image.ashx?id=2960288&use=l&cat=p&typeid=i","cat":288379},{"id":12611,"n":"Crozets au Sarrasin NRT 400g","p":2.3,"u":"5,75 €/KG","img":"https://fd9-photos.leclercdrive.fr/image.ashx?id=2856220&use=l&cat=p&typeid=i","cat":284427},{"id":12669,"n":"Sauce Burger AMORA 260g","p":1.57,"u":"6,04 €/KG","img":"https://fd9-photos.leclercdrive.fr/image.ashx?id=2893853&use=l&cat=p&typeid=i","cat":318431},{"id":12670,"n":"Basilic Rustica Coupé - 50g","p":1.69,"u":"33,80 €/KG","img":"https://fd9-photos.leclercdrive.fr/image.ashx?id=2365463&use=l&cat=p&typeid=i","cat":319804},{"id":12674,"n":"Nids d'Alsace NRT 250g","p":1.39,"u":"5,56 €/KG","img":"https://fd9-photos.leclercdrive.fr/image.ashx?id=2839968&use=l&cat=p&typeid=i","cat":284427},{"id":12675,"n":"Pizza Cuite sur pierre Turini 4 fromages - 400g","p":2.71,"u":"6,78 €/KG","img":"https://fd9-photos.leclercdrive.fr/image.ashx?id=2815229&use=l&cat=p&typeid=i","cat":284256},{"id":12676,"n":"Pizza Cuite sur pierre Turini Chorizo - 400g","p":2.69,"u":"6,73 €/KG","img":"https://fd9-photos.leclercdrive.fr/image.ashx?id=2815226&use=l&cat=p&typeid=i","cat":284256},{"id":12680,"n":"Filets d'Anchois Pêche Océan Marinés à l'Orientale - 100g","p":1.99,"u":"19,90 €/KG","img":"https://fd9-photos.leclercdrive.fr/image.ashx?id=2992519&use=l&cat=p&typeid=i","cat":285190},{"id":12684,"n":"Filets d'Anchois Pêche Océan Marinés à la provençale - 100g","p":1.99,"u":"19,90 €/KG","img":"https://fd9-photos.leclercdrive.fr/image.ashx?id=2993567&use=l&cat=p&typeid=i","cat":285190},{"id":12685,"n":"Biscuit P'tit Beurres chocolait P'tit Déli 268g","p":2.69,"u":"10,04 €/KG","img":"https://fd9-photos.leclercdrive.fr/image.ashx?id=2473975&use=l&cat=p&typeid=i","cat":284488},{"id":12706,"n":"Dentifrice Dentamyl Soin complet 75ml","p":0.76,"u":"10,13 €/L","img":"https://fd9-photos.leclercdrive.fr/image.ashx?id=2276480&use=l&cat=p&typeid=i","cat":284612},{"id":12729,"n":"Pânés poulet Le Gaulois x2 -  200g","p":2.13,"u":"10,65 €/KG","img":"https://fd9-photos.leclercdrive.fr/image.ashx?id=2261660&use=l&cat=p&typeid=i","cat":333684},{"id":12733,"n":"Bacon Herta superposé x15 150g","p":2.09,"u":"13,93 €/KG","img":"https://fd9-photos.leclercdrive.fr/image.ashx?id=2889325&use=l&cat=p&typeid=i","cat":316007},{"id":12735,"n":"Croque-chèvre Côté Croc 2x100g","p":1.99,"u":"9,95 €/KG","img":"https://fd9-photos.leclercdrive.fr/image.ashx?id=2885125&use=l&cat=p&typeid=i","cat":333671},{"id":12739,"n":"Friand viande Côté Table 2x110g","p":1.65,"u":"7,50 €/KG","img":"https://fd9-photos.leclercdrive.fr/image.ashx?id=2820436&use=l&cat=p&typeid=i","cat":333671},{"id":12752,"n":"Filet Poulet blanc LR X2  IGP Volailles du Maine  - 240g","p":6.56,"u":"27,33 €/KG","img":"https://fd9-photos.leclercdrive.fr/image.ashx?id=2250558&use=l&cat=p&typeid=i","cat":284336},{"id":12794,"n":"Foie gras Pierre de Chaumeyrac IGP Entier du Sud Ouest - 240g","p":20.9,"u":"87,08 €/KG","img":"https://fd9-photos.leclercdrive.fr/image.ashx?id=2809072&use=l&cat=p&typeid=i","cat":316008},{"id":12795,"n":"Foie gras de canard entier  Pierre de Chaumeyrac - 300g","p":22.9,"u":"76,33 €/KG","img":"https://fd9-photos.leclercdrive.fr/image.ashx?id=2814863&use=l&cat=p&typeid=i","cat":316008},{"id":12816,"n":"Dentifrice blancheur Dentamyl Soin complet 75ml","p":0.98,"u":"13,07 €/L","img":"https://fd9-photos.leclercdrive.fr/image.ashx?id=2489110&use=l&cat=p&typeid=i","cat":284612},{"id":12838,"n":"Foie de volaille Le Gaulois Confit - 300g","p":3.52,"u":"11,73 €/KG","img":"https://fd9-photos.leclercdrive.fr/image.ashx?id=2732719&use=l&cat=p&typeid=i","cat":284715},{"id":12914,"n":"Fromage persillé 125g","p":1.94,"u":"15,52 €/KG","img":"https://fd9-photos.leclercdrive.fr/image.ashx?id=2609553&use=l&cat=p&typeid=i","cat":314032},{"id":12925,"n":"Délice de tomates séchées NRT à la provençale - 90g","p":2.2,"u":"24,44 €/KG","img":"https://fd9-photos.leclercdrive.fr/image.ashx?id=2991163&use=l&cat=p&typeid=i","cat":315999},{"id":12926,"n":"Caviar d'aubergines NRT à la provençale - 90g","p":2.09,"u":"23,22 €/KG","img":"https://fd9-photos.leclercdrive.fr/image.ashx?id=2991160&use=l&cat=p&typeid=i","cat":315999},{"id":12927,"n":"Tapenade verte NRT à la provençale - 90g","p":2.5,"u":"27,78 €/KG","img":"https://fd9-photos.leclercdrive.fr/image.ashx?id=2991154&use=l&cat=p&typeid=i","cat":315999},{"id":12928,"n":"Tapenade noire NRT à la provençale - 90g","p":2.5,"u":"27,78 €/KG","img":"https://fd9-photos.leclercdrive.fr/image.ashx?id=2991085&use=l&cat=p&typeid=i","cat":315999},{"id":12965,"n":"Crêpes dentelles chocolat NRT 100g","p":1.82,"u":"18,20 €/KG","img":"https://fd9-photos.leclercdrive.fr/image.ashx?id=2622314&use=l&cat=p&typeid=i","cat":284490},{"id":13342,"n":"Thon entier Le Savoureux Huile d'olive - 160g","p":3.24,"u":"20,25 €/KG","img":"https://fd9-photos.leclercdrive.fr/image.ashx?id=2960159&use=l&cat=p&typeid=i","cat":303867},{"id":13425,"n":"Beurre Moulé Paysan Breton Demi-sel - 80% MG - 500g","p":6.15,"u":"12,30 €/KG","img":"https://fd9-photos.leclercdrive.fr/image.ashx?id=2774499&use=l&cat=p&typeid=i","cat":284379},{"id":13429,"n":"Mini-beurre Paysan Breton Demi-sel x20 - 82%MG - 200g","p":3.08,"u":"15,40 €/KG","img":"https://fd9-photos.leclercdrive.fr/image.ashx?id=2774571&use=l&cat=p&typeid=i","cat":284379},{"id":13434,"n":"Dessert Empresure Malo Chocolat - 4x125g","p":1.9,"u":"3,80 €/KG","img":"https://fd9-photos.leclercdrive.fr/image.ashx?id=2842684&use=l&cat=p&typeid=i","cat":285041},{"id":13440,"n":"Purée de fruit NATURNES Fruits du verger 6M+ - 4x130g","p":2.25,"u":"4,33 €/KG","img":"https://fd9-photos.leclercdrive.fr/image.ashx?id=2478387&use=l&cat=p&typeid=i","cat":312388},{"id":13464,"n":"Tripoux aveyronnais NRT 400g","p":5.46,"u":"13,65 €/KG","img":"https://fd9-photos.leclercdrive.fr/image.ashx?id=2723225&use=l&cat=p&typeid=i","cat":284441},{"id":13532,"n":"Purée pomme de terre Pom'lisse Saveur d'antan - 4x125g - 500g","p":2.49,"u":"4,98 €/KG","img":"https://fd9-photos.leclercdrive.fr/image.ashx?id=2929867&use=l&cat=p&typeid=i","cat":284431},{"id":13570,"n":"Andouillettes de Troyes NRT 3x150g","p":4.99,"u":"11,09 €/KG","img":"https://fd9-photos.leclercdrive.fr/image.ashx?id=2753508&use=l&cat=p&typeid=i","cat":316012},{"id":13571,"n":"Filets hareng doux fumé NRT du Nord - 200g","p":3.8,"u":"19,00 €/KG","img":"https://fd9-photos.leclercdrive.fr/image.ashx?id=2834332&use=l&cat=p&typeid=i","cat":285190},{"id":13583,"n":"Fromage L'Ortolan Léger Fromagerie Milleret -  250g","p":3.06,"u":"12,24 €/KG","img":"https://fd9-photos.leclercdrive.fr/image.ashx?id=2450916&use=l&cat=p&typeid=i","cat":314036},{"id":13589,"n":"Fromage Brillat Savarin NRT  IGP - 200g","p":3.39,"u":"16,95 €/KG","img":"https://fd9-photos.leclercdrive.fr/image.ashx?id=2771064&use=l&cat=p&typeid=i","cat":329558},{"id":13590,"n":"Profiteroles Trofic Crème glacée vanille 280g","p":3.7,"u":"13,21 €/KG","img":"https://fd9-photos.leclercdrive.fr/image.ashx?id=2982604&use=l&cat=p&typeid=i","cat":284267},{"id":13604,"n":"Poissons panés au fromage Pêche Océan MSC - 180g","p":1.89,"u":"10,50 €/KG","img":"https://fd9-photos.leclercdrive.fr/image.ashx?id=2953608&use=l&cat=p&typeid=i","cat":284344},{"id":13636,"n":"Cuisse Poulet Blanc LR x2  IGP Volailles du Maine  - 480g","p":4.95,"u":"10,31 €/KG","img":"https://fd9-photos.leclercdrive.fr/image.ashx?id=2250552&use=l&cat=p&typeid=i","cat":284336},{"id":13637,"n":"Aiguillette poulet Le Gaulois Blanc - 210g","p":3.47,"u":"16,52 €/KG","img":"https://fd9-photos.leclercdrive.fr/image.ashx?id=2239564&use=l&cat=p&typeid=i","cat":284336},{"id":13646,"n":"Rochers Equador Chocolat noir x7 245g","p":2.49,"u":"10,16 €/KG","img":"https://fd9-photos.leclercdrive.fr/image.ashx?id=2842483&use=l&cat=p&typeid=i","cat":327600},{"id":13648,"n":"Biscuit Croc Break P'tit Déli Lait et goût chocolat - 300g","p":1.24,"u":"4,13 €/KG","img":"https://fd9-photos.leclercdrive.fr/image.ashx?id=1993182&use=l&cat=p&typeid=i","cat":284488},{"id":13679,"n":"Croûtons salade Epi d'Or Nature - 60g","p":0.6,"u":"10,00 €/KG","img":"https://fd9-photos.leclercdrive.fr/image.ashx?id=2607909&use=l&cat=p&typeid=i","cat":284464},{"id":13681,"n":"Pâté pur porc Côtés Table 2 Foie 1 campagne - 3x78g","p":1.9,"u":"8,12 €/KG","img":"https://fd9-photos.leclercdrive.fr/image.ashx?id=2518505&use=l&cat=p&typeid=i","cat":305149},{"id":13682,"n":"Pâté de campagne Côté Table Pur porc - 3x78g","p":1.85,"u":"7,91 €/KG","img":"https://fd9-photos.leclercdrive.fr/image.ashx?id=2478763&use=l&cat=p&typeid=i","cat":305149},{"id":13683,"n":"Pâté de foie Côté Table Pur porc - 3x78g","p":1.99,"u":"8,50 €/KG","img":"https://fd9-photos.leclercdrive.fr/image.ashx?id=2518502&use=l&cat=p&typeid=i","cat":305149},{"id":13684,"n":"Bouillon de légumes Rustica Cubes - 12x10g","p":0.67,"u":"5,58 €/KG","img":"https://fd9-photos.leclercdrive.fr/image.ashx?id=1753198&use=l&cat=p&typeid=i","cat":288379},{"id":13685,"n":"Bouillon de volaille Rustica Cubes - 12x10g","p":0.8,"u":"6,67 €/KG","img":"https://fd9-photos.leclercdrive.fr/image.ashx?id=1880027&use=l&cat=p&typeid=i","cat":288379},{"id":13686,"n":"Bouillon Pot au feu Rustica Cubes - 12x10g","p":1.39,"u":"11,58 €/KG","img":"https://fd9-photos.leclercdrive.fr/image.ashx?id=1880024&use=l&cat=p&typeid=i","cat":288379},{"id":13694,"n":"Riz long Comptoir du Grain 500g","p":1.47,"u":"2,94 €/KG","img":"https://fd9-photos.leclercdrive.fr/image.ashx?id=2886534&use=l&cat=p&typeid=i","cat":284428},{"id":13696,"n":"Soufflés Snack's Tokapi Cacahuète - 90g","p":0.47,"u":"5,22 €/KG","img":"https://fd9-photos.leclercdrive.fr/image.ashx?id=2677026&use=l&cat=p&typeid=i","cat":284449},{"id":13698,"n":"Légumes couscous Notre Jardin 400g","p":1.43,"u":"3,58 €/KG","img":"https://fd9-photos.leclercdrive.fr/image.ashx?id=2854216&use=l&cat=p&typeid=i","cat":312612},{"id":13700,"n":"Gaufrettes fourrées Tokapi Fromage - 75g","p":0.95,"u":"12,67 €/KG","img":"https://fd9-photos.leclercdrive.fr/image.ashx?id=2067929&use=l&cat=p&typeid=i","cat":297000},{"id":13701,"n":"Riz Thaï Comptoir du Grain Sélection Riz long - 500g","p":1.79,"u":"3,58 €/KG","img":"https://fd9-photos.leclercdrive.fr/image.ashx?id=2565610&use=l&cat=p&typeid=i","cat":284428},{"id":13703,"n":"Petits pois Notre Jardin A l'étuvée - Très fins - 560g","p":1.29,"u":"2,30 €/KG","img":"https://fd9-photos.leclercdrive.fr/image.ashx?id=2987955&use=l&cat=p&typeid=i","cat":312607},{"id":13715,"n":"Croquettes chat Purina One Stérilisé - Boeuf/Blé-1.5kg","p":7.04,"u":"4,69 €/KG","img":"https://fd9-photos.leclercdrive.fr/image.ashx?id=2488040&use=l&cat=p&typeid=i","cat":284680},{"id":13719,"n":"Croquettes chat Purina One Adulte - Poulet/Céréales -1.5kg","p":6.52,"u":"4,35 €/KG","img":"https://fd9-photos.leclercdrive.fr/image.ashx?id=2537682&use=l&cat=p&typeid=i","cat":284680},{"id":13731,"n":"Barquettes chats Gourmet Gold Les mousselines - 12x85g","p":5.49,"u":"5,38 €/KG","img":"https://fd9-photos.leclercdrive.fr/image.ashx?id=2967046&use=l&cat=p&typeid=i","cat":285286},{"id":13733,"n":"Barquettes chats Gourmet Gold Les terrines - 12x85g","p":5.62,"u":"5,51 €/KG","img":"https://fd9-photos.leclercdrive.fr/image.ashx?id=2979069&use=l&cat=p&typeid=i","cat":285286},{"id":13770,"n":"Croissants surgelés Epi d'Or Cuisson four - 6x60g","p":2.58,"u":"7,17 €/KG","img":"https://fd9-photos.leclercdrive.fr/image.ashx?id=2900088&use=l&cat=p&typeid=i","cat":284267},{"id":13776,"n":"Mouchoirs blancs 3 plis Caresse Boîte - x110","p":1.35,"u":"0,01 €/P","img":"https://fd9-photos.leclercdrive.fr/image.ashx?id=2777921&use=l&cat=p&typeid=i","cat":284638},{"id":13777,"n":"Lingettes bébé Eco+ Epaisses - x72","p":0.72,"u":"0,01 €/P","img":"https://fd9-photos.leclercdrive.fr/image.ashx?id=2874672&use=l&cat=p&typeid=i","cat":284738},{"id":13781,"n":"Salade Notre Jardin Laitue iceberg - 450g","p":1.33,"u":"2,96 €/KG","img":"https://fd9-photos.leclercdrive.fr/image.ashx?id=2938409&use=l&cat=p&typeid=i","cat":284353},{"id":13782,"n":"Déodorant Manava anti-traces 200ml","p":1.29,"u":"6,45 €/L","img":"https://fd9-photos.leclercdrive.fr/image.ashx?id=2692952&use=l&cat=p&typeid=i","cat":284595},{"id":13790,"n":"Après-shampooing Vitanove Lissant - 200ml","p":1.49,"u":"7,45 €/L","img":"https://fd9-photos.leclercdrive.fr/image.ashx?id=2618314&use=l&cat=p&typeid=i","cat":284607},{"id":13975,"n":"Salade Notre Jardin Mâche - 200g","p":1.52,"u":"7,60 €/KG","img":"https://fd9-photos.leclercdrive.fr/image.ashx?id=2662583&use=l&cat=p&typeid=i","cat":284353},{"id":13977,"n":"Salade Notre Jardin Coeurs de laitue - 320g","p":1.58,"u":"4,94 €/KG","img":"https://fd9-photos.leclercdrive.fr/image.ashx?id=2686326&use=l&cat=p&typeid=i","cat":284353},{"id":13978,"n":"Salade composée Notre Jardin 250g","p":1.21,"u":"4,84 €/KG","img":"https://fd9-photos.leclercdrive.fr/image.ashx?id=2663266&use=l&cat=p&typeid=i","cat":284353},{"id":13991,"n":"Marrons Allaire Sous-vide - 2x200g","p":4.89,"u":"12,23 €/KG","img":"https://fd9-photos.leclercdrive.fr/image.ashx?id=2472282&use=l&cat=p&typeid=i","cat":312612},{"id":13992,"n":"Recharge savon mains Manava Gel lavande - 250ml","p":0.69,"u":"2,76 €/L","img":"https://fd9-photos.leclercdrive.fr/image.ashx?id=2935477&use=l&cat=p&typeid=i","cat":284597},{"id":13998,"n":"Pâte feuilletée Eco+ A dérouler - 230g","p":0.53,"u":"2,30 €/KG","img":"https://fd9-photos.leclercdrive.fr/image.ashx?id=2794178&use=l&cat=p&typeid=i","cat":333681},{"id":14007,"n":"Jambon de Bayonne IGP NRT 4 Grandes Tranches - 120g","p":3.63,"u":"30,25 €/KG","img":"https://fd9-photos.leclercdrive.fr/image.ashx?id=2049214&use=l&cat=p&typeid=i","cat":316007},{"id":14027,"n":"Lingettes Hygiène intime Doulys x20","p":1.8,"img":"https://fd9-photos.leclercdrive.fr/image.ashx?id=2815632&use=l&cat=p&typeid=i","cat":284627},{"id":14029,"n":"Fromage Neufchâtel AOP  Nos Régions ont du Talent 200g","p":2.64,"u":"13,20 €/KG","img":"https://fd9-photos.leclercdrive.fr/image.ashx?id=2071227&use=l&cat=p&typeid=i","cat":329558},{"id":14033,"n":"Crochets anti-mites Insectivor Cèdre 2x3ml","p":1.99,"u":"331,67 €/L","img":"https://fd9-photos.leclercdrive.fr/image.ashx?id=1899681&use=l&cat=p&typeid=i","cat":298368},{"id":14050,"n":"Rhum blanc Réunion 49%vol NRT 1L","p":14.62,"u":"14,62 €/L","img":"https://fd9-photos.leclercdrive.fr/image.ashx?id=1208791&use=l&cat=p&typeid=i","cat":284550},{"id":14056,"n":"Confiture extra prunes NRT Du Lot-et-Garonne - 315g","p":2.67,"u":"8,48 €/KG","img":"https://fd9-photos.leclercdrive.fr/image.ashx?id=2699798&use=l&cat=p&typeid=i","cat":284480},{"id":14058,"n":"Confiture rhubarbe NRT Des Hauts-de-France - 315g","p":2.85,"u":"9,05 €/KG","img":"https://fd9-photos.leclercdrive.fr/image.ashx?id=2460652&use=l&cat=p&typeid=i","cat":284480},{"id":14061,"n":"Confiture poires williams NRT De la Valée du Rhône - 315g","p":2.79,"u":"8,86 €/KG","img":"https://fd9-photos.leclercdrive.fr/image.ashx?id=2699792&use=l&cat=p&typeid=i","cat":284480},{"id":14062,"n":"Préparation framboises NRT Du Massif Central - 315g","p":4.02,"u":"12,76 €/KG","img":"https://fd9-photos.leclercdrive.fr/image.ashx?id=2518526&use=l&cat=p&typeid=i","cat":284480},{"id":14064,"n":"Préparation NRT Abricots d'Occitanie - 315g","p":2.87,"u":"9,11 €/KG","img":"https://fd9-photos.leclercdrive.fr/image.ashx?id=2590466&use=l&cat=p&typeid=i","cat":284480},{"id":14066,"n":"Crème anchoïade NRT à la provençale - 90g","p":2.09,"u":"23,22 €/KG","img":"https://fd9-photos.leclercdrive.fr/image.ashx?id=2991166&use=l&cat=p&typeid=i","cat":285191},{"id":14068,"n":"Miel Nid d'Abeille A tartiner - 500 g","p":3.19,"u":"6,38 €/KG","img":"https://fd9-photos.leclercdrive.fr/image.ashx?id=2693120&use=l&cat=p&typeid=i","cat":287643},{"id":14075,"n":"Lait de coco Tables du monde 400ml","p":1.52,"u":"3,80 €/L","img":"https://fd9-photos.leclercdrive.fr/image.ashx?id=1960758&use=l&cat=p&typeid=i","cat":288992},{"id":14081,"n":"Ratatouille Bio Village Bio A la provençale - 650g","p":2.35,"u":"3,62 €/KG","img":"https://fd9-photos.leclercdrive.fr/image.ashx?id=2762513&use=l&cat=p&typeid=i","cat":312612},{"id":14082,"n":"Miel de fleurs bio Bio Village 500g","p":4.99,"u":"9,98 €/KG","img":"https://fd9-photos.leclercdrive.fr/image.ashx?id=2348265&use=l&cat=p&typeid=i","cat":287643},{"id":14087,"n":"Quenelles de veau Coté Table Sauce financière 400g","p":1.85,"u":"4,63 €/KG","img":"https://fd9-photos.leclercdrive.fr/image.ashx?id=2977864&use=l&cat=p&typeid=i","cat":284441},{"id":14088,"n":"Garnit bouchée reine Coté Table 400g","p":1.79,"u":"4,48 €/KG","img":"https://fd9-photos.leclercdrive.fr/image.ashx?id=2977150&use=l&cat=p&typeid=i","cat":284441},{"id":14090,"n":"Aïoli de méditerranée NRT 90g","p":1.95,"u":"21,67 €/KG","img":"https://fd9-photos.leclercdrive.fr/image.ashx?id=2834329&use=l&cat=p&typeid=i","cat":284382},{"id":14094,"n":"Confiture pêches de vigne NRT De la Valée du Rhône - 315g","p":3.03,"u":"9,62 €/KG","img":"https://fd9-photos.leclercdrive.fr/image.ashx?id=2657286&use=l&cat=p&typeid=i","cat":284480},{"id":14099,"n":"Spray nettoyant Eco+ avec Javel 750ml","p":0.87,"u":"1,16 €/L","img":"https://fd9-photos.leclercdrive.fr/image.ashx?id=2837003&use=l&cat=p&typeid=i","cat":325357},{"id":14111,"n":"Houmous Tables du Monde 200g","p":1.43,"u":"7,15 €/KG","img":"https://fd9-photos.leclercdrive.fr/image.ashx?id=2872258&use=l&cat=p&typeid=i","cat":315999},{"id":14114,"n":"Brosse à dents Dentamyl Médium x4","p":0.99,"u":"0,25 €/P","img":"https://fd9-photos.leclercdrive.fr/image.ashx?id=2790922&use=l&cat=p&typeid=i","cat":284614},{"id":14122,"n":"Bâtonnets crâbe Eco+ x24 - 400g","p":1.25,"u":"3,13 €/KG","img":"https://fd9-photos.leclercdrive.fr/image.ashx?id=3001193&use=l&cat=p&typeid=i","cat":285189},{"id":14124,"n":"Rosette pur porc Eco+ 12 tranches - 150g","p":1.24,"u":"8,27 €/KG","img":"https://fd9-photos.leclercdrive.fr/image.ashx?id=2728222&use=l&cat=p&typeid=i","cat":316007},{"id":14126,"n":"Lasagnes bolognaise Eco+ 1kg","p":3.31,"u":"3,31 €/KG","img":"https://fd9-photos.leclercdrive.fr/image.ashx?id=2814842&use=l&cat=p&typeid=i","cat":333666},{"id":14129,"n":"Roulés au fromage Eco+ 520g","p":2.12,"u":"4,08 €/KG","img":"https://fd9-photos.leclercdrive.fr/image.ashx?id=2758493&use=l&cat=p&typeid=i","cat":333671},{"id":14131,"n":"Désodorisant Visior Lave-vaisselle Citron - x2","p":1.29,"u":"0,65 €/P","img":"https://fd9-photos.leclercdrive.fr/image.ashx?id=2951119&use=l&cat=p&typeid=i","cat":284657},{"id":14132,"n":"Bloc wc javel Syphon 2x40g","p":1.46,"u":"18,25 €/KG","img":"https://fd9-photos.leclercdrive.fr/image.ashx?id=2302540&use=l&cat=p&typeid=i","cat":284662},{"id":14135,"n":"Brosse à dents Eco+ Médium x2","p":0.23,"u":"0,12 €/P","img":"https://fd9-photos.leclercdrive.fr/image.ashx?id=2783783&use=l&cat=p&typeid=i","cat":284614},{"id":14140,"n":"Savon extra-doux Manava Douceur d'amande 6x100g","p":3.16,"u":"5,27 €/KG","img":"https://fd9-photos.leclercdrive.fr/image.ashx?id=2331312&use=l&cat=p&typeid=i","cat":284597},{"id":14144,"n":"Lingettes bébé Mots d'Enfants Débarbouillantes - x40","p":1.47,"u":"0,04 €/P","img":"https://fd9-photos.leclercdrive.fr/image.ashx?id=2856471&use=l&cat=p&typeid=i","cat":284738},{"id":14155,"n":"Gnocchi Turini à poêler 300g","p":0.89,"u":"2,97 €/KG","img":"https://fd9-photos.leclercdrive.fr/image.ashx?id=3010566&use=l&cat=p&typeid=i","cat":333682},{"id":14158,"n":"Fromage Mystère du Prieuré Lait pasteurisé - 340g","p":2.65,"u":"7,79 €/KG","img":"https://fd9-photos.leclercdrive.fr/image.ashx?id=2900085&use=l&cat=p&typeid=i","cat":329184},{"id":14164,"n":"Roquefort AOP Eco+ Lait cru brebis 150g","p":2.16,"u":"14,40 €/KG","img":"https://fd9-photos.leclercdrive.fr/image.ashx?id=2966629&use=l&cat=p&typeid=i","cat":314032},{"id":14168,"n":"Dentifrice Dentamyl Protection gencives 75ml","p":0.92,"u":"12,27 €/L","img":"https://fd9-photos.leclercdrive.fr/image.ashx?id=2489092&use=l&cat=p&typeid=i","cat":284612},{"id":14170,"n":"Nettoyant lave-vaisselle Visior 250ml","p":2.65,"u":"10,60 €/L","img":"https://fd9-photos.leclercdrive.fr/image.ashx?id=2946451&use=l&cat=p&typeid=i","cat":284657},{"id":14190,"n":"Savon mains en crème Manava nourrissante à l'amande - 300ml","p":0.9,"u":"3,00 €/L","img":"https://fd9-photos.leclercdrive.fr/image.ashx?id=2935471&use=l&cat=p&typeid=i","cat":284597},{"id":14201,"n":"Filets de Morue Ronde des Mers Prêt à cuisiner 400g","p":7.99,"u":"19,98 €/KG","img":"https://fd9-photos.leclercdrive.fr/image.ashx?id=2694221&use=l&cat=p&typeid=i","cat":284342},{"id":14211,"n":"Lotion après-rasage Carré Homme Boisée tonifiant 100ml","p":2.61,"u":"26,10 €/L","img":"https://fd9-photos.leclercdrive.fr/image.ashx?id=2854222&use=l&cat=p&typeid=i","cat":288147},{"id":14212,"n":"Lotion après-rasage Carré Homme Marine tonifiant 100ml","p":2.55,"u":"25,50 €/L","img":"https://fd9-photos.leclercdrive.fr/image.ashx?id=2854219&use=l&cat=p&typeid=i","cat":288147},{"id":14218,"n":"Dentifrice enfant Dentamyl Bubble gum - 3 à 6 ans - 50ml","p":0.89,"u":"17,80 €/L","img":"https://fd9-photos.leclercdrive.fr/image.ashx?id=2075185&use=l&cat=p&typeid=i","cat":288898},{"id":14219,"n":"Dentifrice enfant Dentamyl Menthe - 7 à 13 ans - 75ml","p":0.74,"u":"9,87 €/L","img":"https://fd9-photos.leclercdrive.fr/image.ashx?id=2489113&use=l&cat=p&typeid=i","cat":288898},{"id":14223,"n":"Dépoussiérant meubles Clair Multi-surfaces 300ml","p":1.03,"u":"3,43 €/L","img":"https://fd9-photos.leclercdrive.fr/image.ashx?id=2856681&use=l&cat=p&typeid=i","cat":325364},{"id":14224,"n":"Gel wc Syphon surpuissant 750ml","p":1.07,"u":"1,43 €/L","img":"https://fd9-photos.leclercdrive.fr/image.ashx?id=2558790&use=l&cat=p&typeid=i","cat":284662},{"id":14235,"n":"Change complet Chorys Taille M - x20","p":9.94,"u":"0,50 €/P","img":"https://fd9-photos.leclercdrive.fr/image.ashx?id=2169156&use=l&cat=p&typeid=i","cat":284628},{"id":14236,"n":"Jambon cru Eco+ 8 tranches - 150g","p":1.77,"u":"11,80 €/KG","img":"https://fd9-photos.leclercdrive.fr/image.ashx?id=2917638&use=l&cat=p&typeid=i","cat":316007},{"id":14260,"n":"Crottin Chavignol NRT AOP  Fromage de chèvre - 2x60g","p":3.75,"u":"31,25 €/KG","img":"https://fd9-photos.leclercdrive.fr/image.ashx?id=2519432&use=l&cat=p&typeid=i","cat":314031},{"id":14271,"n":"Crème de marrons NRT De l'Ardèche - 325g","p":3.03,"u":"9,32 €/KG","img":"https://fd9-photos.leclercdrive.fr/image.ashx?id=2771061&use=l&cat=p&typeid=i","cat":284481},{"id":14273,"n":"Fromage Pont-l'Evêque AOP  Nos Régions ont du Talent 220g","p":2.65,"u":"12,05 €/KG","img":"https://fd9-photos.leclercdrive.fr/image.ashx?id=2356344&use=l&cat=p&typeid=i","cat":329558},{"id":14280,"n":"Bûche Sainte Maure Touraine NRT AOP - Fromage de chèvre - 250g","p":5.07,"u":"20,28 €/KG","img":"https://fd9-photos.leclercdrive.fr/image.ashx?id=2919673&use=l&cat=p&typeid=i","cat":314031},{"id":14285,"n":"Fromage Emmental Eco+ Râpé - 200g","p":1.5,"u":"7,50 €/KG","img":"https://fd9-photos.leclercdrive.fr/image.ashx?id=2942166&use=l&cat=p&typeid=i","cat":314035},{"id":14292,"n":"Eau aromatisée Volvic Zest  Citron - 1,5L","p":1.07,"u":"0,71 €/L","img":"https://fd9-photos.leclercdrive.fr/image.ashx?id=2730253&use=l&cat=p&typeid=i","cat":284537},{"id":14293,"n":"Eau aromatisée Volvic Zest Citron - 6x50cl","p":3.24,"u":"1,08 €/L","img":"https://fd9-photos.leclercdrive.fr/image.ashx?id=2730256&use=l&cat=p&typeid=i","cat":284537},{"id":14327,"n":"Poêlée Côté Table Franc-Comtoise - 900g","p":4.19,"u":"4,66 €/KG","img":"https://fd9-photos.leclercdrive.fr/image.ashx?id=2048440&use=l&cat=p&typeid=i","cat":319823},{"id":14330,"n":"Poêlée de légumes Notre Jardin Légumes grillés - 750g","p":3.11,"u":"4,15 €/KG","img":"https://fd9-photos.leclercdrive.fr/image.ashx?id=2771369&use=l&cat=p&typeid=i","cat":319823},{"id":14334,"n":"Ratatouille Notre Jardin Cuisinée 750g","p":2.85,"u":"3,80 €/KG","img":"https://fd9-photos.leclercdrive.fr/image.ashx?id=2873129&use=l&cat=p&typeid=i","cat":319823},{"id":14336,"n":"Pavé saumon Pêche Océan ASC Atlantique -  500g","p":11.19,"u":"22,38 €/KG","img":"https://fd9-photos.leclercdrive.fr/image.ashx?id=2953728&use=l&cat=p&typeid=i","cat":319786},{"id":14344,"n":"Pain de mie Nature Harrys Longue conservation - 550g","p":1.99,"u":"3,62 €/KG","img":"https://fd9-photos.leclercdrive.fr/image.ashx?id=2518109&use=l&cat=p&typeid=i","cat":284477},{"id":14358,"n":"Spécialité au soja Nat & Vie Fruits rouges - 4x100g","p":1.29,"u":"3,23 €/KG","img":"https://fd9-photos.leclercdrive.fr/image.ashx?id=2901440&use=l&cat=p&typeid=i","cat":316071},{"id":14359,"n":"Change complet Chorys Taille L - x20","p":10.7,"u":"0,54 €/P","img":"https://fd9-photos.leclercdrive.fr/image.ashx?id=2699435&use=l&cat=p&typeid=i","cat":284628},{"id":14360,"n":"Yaourts à boire Délisse Petits Délis fruits - 8x100g","p":3.2,"u":"4,00 €/KG","img":"https://fd9-photos.leclercdrive.fr/image.ashx?id=2754886&use=l&cat=p&typeid=i","cat":284415},{"id":14371,"n":"Mousse à la crème Duodélisse Nature - 4x100g","p":1.49,"u":"3,73 €/KG","img":"https://fd9-photos.leclercdrive.fr/image.ashx?id=2387334&use=l&cat=p&typeid=i","cat":284409},{"id":14376,"n":"Dés de fromage Les Croisés Ail et fines herbes - 120g","p":1.54,"u":"12,83 €/KG","img":"https://fd9-photos.leclercdrive.fr/image.ashx?id=2741616&use=l&cat=p&typeid=i","cat":314027},{"id":14383,"n":"Blocs WC Syphon Activ' Effect  Lavande - x3","p":1.09,"u":"0,36 €/P","img":"https://fd9-photos.leclercdrive.fr/image.ashx?id=2320710&use=l&cat=p&typeid=i","cat":284662},{"id":14415,"n":"Levure chimique Vahiné 5x11g","p":0.36,"u":"6,55 €/KG","img":"https://fd9-photos.leclercdrive.fr/image.ashx?id=2490542&use=l&cat=p&typeid=i","cat":294686},{"id":14427,"n":"Pastis Ricard Anisé 45% vol - 70cl","p":15.26,"u":"21,80 €/L","img":"https://fd9-photos.leclercdrive.fr/image.ashx?id=2976776&use=l&cat=p&typeid=i","cat":284548},{"id":14428,"n":"Whisky Clan Campbell Blended Scotch 40% vol - 1L","p":19.7,"u":"19,70 €/L","img":"https://fd9-photos.leclercdrive.fr/image.ashx?id=2868921&use=l&cat=p&typeid=i","cat":284547},{"id":14431,"n":"Rhum Lagoa 40%vol - 1L","p":13.59,"u":"13,59 €/L","img":"https://fd9-photos.leclercdrive.fr/image.ashx?id=2966481&use=l&cat=p&typeid=i","cat":284550},{"id":14434,"n":"Pastis de Marseille Vivalis 45%vol - 70cl","p":12.88,"u":"18,40 €/L","img":"https://fd9-photos.leclercdrive.fr/image.ashx?id=2805024&use=l&cat=p&typeid=i","cat":284548},{"id":14441,"n":"Eau minérale naturelle Evian  6x1l","p":2.93,"u":"0,49 €/L","img":"https://fd9-photos.leclercdrive.fr/image.ashx?id=2969019&use=l&cat=p&typeid=i","cat":284535},{"id":14447,"n":"Sirop Frucci Thé Pêche - 75cl","p":3.2,"u":"4,27 €/L","img":"https://fd9-photos.leclercdrive.fr/image.ashx?id=2922697&use=l&cat=p&typeid=i","cat":295020},{"id":14451,"n":"Sirop Frucci Menthe - 1L","p":2.46,"u":"2,46 €/L","img":"https://fd9-photos.leclercdrive.fr/image.ashx?id=2954067&use=l&cat=p&typeid=i","cat":295020},{"id":14452,"n":"Sirop Sport Citron - 1L","p":2.4,"u":"2,40 €/L","img":"https://fd9-photos.leclercdrive.fr/image.ashx?id=3011182&use=l&cat=p&typeid=i","cat":295020},{"id":14458,"n":"Biscuits tablette Eco+ Chocolat au lait - 150g","p":0.98,"u":"6,53 €/KG","img":"https://fd9-photos.leclercdrive.fr/image.ashx?id=2682750&use=l&cat=p&typeid=i","cat":284488},{"id":14494,"n":"Coquilles Saint-Jacques Tipiak À la bretonne - 4x90g","p":6.52,"u":"18,11 €/KG","img":"https://fd9-photos.leclercdrive.fr/image.ashx?id=2559754&use=l&cat=p&typeid=i","cat":319775},{"id":14512,"n":"Sachets glaçons Elembal x15","p":0.79,"img":"https://fd9-photos.leclercdrive.fr/image.ashx?id=2671810&use=l&cat=p&typeid=i","cat":334134},{"id":14543,"n":"Serviettes papier Homeside Double épaisseur 33x33cm - x100","p":2.29,"img":"https://fd9-photos.leclercdrive.fr/image.ashx?id=1659678&use=l&cat=p&typeid=i","cat":334134},{"id":14574,"n":"Serviette incontinence Chorys Normal - x12","p":1.99,"u":"0,17 €/P","img":"https://fd9-photos.leclercdrive.fr/image.ashx?id=2393848&use=l&cat=p&typeid=i","cat":284628},{"id":14575,"n":"Serviette incontinence Chorys Mini - x20","p":1.99,"u":"0,10 €/P","img":"https://fd9-photos.leclercdrive.fr/image.ashx?id=2448409&use=l&cat=p&typeid=i","cat":284628},{"id":14578,"n":"Papier toilette Mimosa Rose - Ultra doux - x6","p":2.59,"u":"0,43 €/P","img":"https://fd9-photos.leclercdrive.fr/image.ashx?id=2816115&use=l&cat=p&typeid=i","cat":284634},{"id":14579,"n":"Papier toilette Mimosa Blanc - Ultra doux - x6","p":2.65,"u":"0,44 €/P","img":"https://fd9-photos.leclercdrive.fr/image.ashx?id=2816118&use=l&cat=p&typeid=i","cat":284634},{"id":14610,"n":"Lait de coco Grace Thaïlande - 400 ml","p":2.49,"u":"6,23 €/L","img":"https://fd9-photos.leclercdrive.fr/image.ashx?id=2533964&use=l&cat=p&typeid=i","cat":288992},{"id":14626,"n":"Boisson aux fruits Oasis Saveur Pêche Abricot - 2L","p":2.35,"u":"1,18 €/L","img":"https://fd9-photos.leclercdrive.fr/image.ashx?id=2688635&use=l&cat=p&typeid=i","cat":295018},{"id":14633,"n":"AOP Bordeaux rouge La Croix d'Austéran - 75cl","p":4.55,"u":"6,07 €/L","img":"https://fd9-photos.leclercdrive.fr/image.ashx?id=1672093&use=l&cat=p&typeid=i","cat":289556},{"id":14636,"n":"Soda Jean's Cola Zéro Canette - 6x33cl","p":1.98,"u":"1,00 €/L","img":"https://fd9-photos.leclercdrive.fr/image.ashx?id=2637886&use=l&cat=p&typeid=i","cat":284530},{"id":14654,"n":"Soupe liquide Liebig  Potiron - Brique 1L","p":2.81,"u":"2,81 €/L","img":"https://fd9-photos.leclercdrive.fr/image.ashx?id=2785355&use=l&cat=p&typeid=i","cat":284462},{"id":14661,"n":"Lingettes Hygiène Intime Usage Quotidien Intima Hamamélis x20","p":2.11,"u":"0,11 €/P","img":"https://fd9-photos.leclercdrive.fr/image.ashx?id=2886675&use=l&cat=p&typeid=i","cat":284627},{"id":14692,"n":"Laque Cheveux L'Oréal Paris Elnett Fixation Forte - 400ml","p":8.49,"u":"21,23 €/L","img":"https://fd9-photos.leclercdrive.fr/image.ashx?id=2007386&use=l&cat=p&typeid=i","cat":284609},{"id":14713,"n":"Rasoirs jetables Bic Twin Lady x8","p":1.69,"u":"0,21 €/P","img":"https://fd9-photos.leclercdrive.fr/image.ashx?id=2887569&use=l&cat=p&typeid=i","cat":325352},{"id":14763,"n":"Shampooing Pétrol Hahn Force -  250ml","p":2.35,"u":"9,40 €/L","img":"https://fd9-photos.leclercdrive.fr/image.ashx?id=2104450&use=l&cat=p&typeid=i","cat":284621},{"id":14814,"n":"Compotes pommes Andros 4x100g","p":1.35,"u":"3,38 €/KG","img":"https://fd9-photos.leclercdrive.fr/image.ashx?id=2883925&use=l&cat=p&typeid=i","cat":284416},{"id":14873,"n":"Pastilles javel La Croix x40","p":1.87,"u":"13,96 €/KG","img":"https://fd9-photos.leclercdrive.fr/image.ashx?id=2679693&use=l&cat=p&typeid=i","cat":284661},{"id":14880,"n":"Compote Charles & Alice Pommes Mangues - 4x100g","p":1.44,"u":"3,60 €/KG","img":"https://fd9-photos.leclercdrive.fr/image.ashx?id=2757347&use=l&cat=p&typeid=i","cat":284416},{"id":14887,"n":"Compote Charles & Alice Pommes - 4x100g","p":1.46,"u":"3,65 €/KG","img":"https://fd9-photos.leclercdrive.fr/image.ashx?id=2757677&use=l&cat=p&typeid=i","cat":284416},{"id":14888,"n":"Compote Charles & Alice Pommes Poires - 4x100g","p":1.45,"u":"3,63 €/KG","img":"https://fd9-photos.leclercdrive.fr/image.ashx?id=2936902&use=l&cat=p&typeid=i","cat":284416},{"id":14892,"n":"Yaourts allégés Sveltesse   Café - 4x125g","p":1.51,"u":"3,02 €/KG","img":"https://fd9-photos.leclercdrive.fr/image.ashx?id=3009215&use=l&cat=p&typeid=i","cat":315000},{"id":14893,"n":"Yaourts allégés Sveltesse   Fruits Panachés - 12x125g","p":3.09,"u":"2,06 €/KG","img":"https://fd9-photos.leclercdrive.fr/image.ashx?id=2649569&use=l&cat=p&typeid=i","cat":315000},{"id":14898,"n":"Coeur de laitue Florette 200g","p":1.98,"pp":1.68,"u":"8,40 €/KG","img":"https://fd9-photos.leclercdrive.fr/image.ashx?id=2476542&use=l&cat=p&typeid=i","cat":284353},{"id":14911,"n":"Bloc WC cuvette Harpic  Eau Bleue - x2","p":1.33,"u":"17,50 €/KG","img":"https://fd9-photos.leclercdrive.fr/image.ashx?id=2264743&use=l&cat=p&typeid=i","cat":284662},{"id":14918,"n":"Dessert fruitier framboise Douceur du Verger s/sucre 4x97g","p":1.49,"u":"3,84 €/KG","img":"https://fd9-photos.leclercdrive.fr/image.ashx?id=2509098&use=l&cat=p&typeid=i","cat":284416},{"id":14919,"n":"Compote Douceur du Verger Pomme Abricot - 4x97g","p":1.23,"u":"3,17 €/KG","img":"https://fd9-photos.leclercdrive.fr/image.ashx?id=2406396&use=l&cat=p&typeid=i","cat":284416},{"id":14923,"n":"Brocolis fleurettes Bio Village Bio - 600g","p":2.21,"u":"3,68 €/KG","img":"https://fd9-photos.leclercdrive.fr/image.ashx?id=2891788&use=l&cat=p&typeid=i","cat":319805},{"id":14924,"n":"Lasagnes chèvre épinards Côté Table - 500g","p":2.95,"u":"5,90 €/KG","img":"https://fd9-photos.leclercdrive.fr/image.ashx?id=2647874&use=l&cat=p&typeid=i","cat":284254},{"id":14932,"n":"Rhum blanc Saint James 40% vol - 70cl","p":11.8,"u":"16,86 €/L","img":"https://fd9-photos.leclercdrive.fr/image.ashx?id=2970948&use=l&cat=p&typeid=i","cat":284550},{"id":14934,"n":"Gin Gibson 37.5%vol - 70cl","p":11.65,"u":"16,64 €/L","img":"https://fd9-photos.leclercdrive.fr/image.ashx?id=2755396&use=l&cat=p&typeid=i","cat":284550},{"id":14983,"n":"Pastis de Marseille Vivalis 45%vol - 1,5L","p":25.35,"u":"16,90 €/L","img":"https://fd9-photos.leclercdrive.fr/image.ashx?id=2820418&use=l&cat=p&typeid=i","cat":284548},{"id":15007,"n":"Protège-slips Doulys Ultra-mince Normal Plié - x30","p":1.19,"u":"0,04 €/P","img":"https://fd9-photos.leclercdrive.fr/image.ashx?id=2816109&use=l&cat=p&typeid=i","cat":284625},{"id":15009,"n":"Champagne Mercier Demi-sec 12%vol - 75cl","p":24.9,"u":"33,20 €/L","img":"https://fd9-photos.leclercdrive.fr/image.ashx?id=1867171&use=l&cat=p&typeid=i","cat":284542},{"id":15010,"n":"Serviette incontinence Chorys Extra - x10","p":1.99,"u":"0,20 €/P","img":"https://fd9-photos.leclercdrive.fr/image.ashx?id=2393851&use=l&cat=p&typeid=i","cat":284628},{"id":15016,"n":"AOP Crémant d'Alsace Wolfberger Brut - 75cl","p":7.32,"u":"9,76 €/L","img":"https://fd9-photos.leclercdrive.fr/image.ashx?id=2323502&use=l&cat=p&typeid=i","cat":284544},{"id":15022,"n":"Jus de pamplemousse rose Bio Bio Village - 1L","p":3.82,"u":"3,82 €/L","img":"https://fd9-photos.leclercdrive.fr/image.ashx?id=2901524&use=l&cat=p&typeid=i","cat":284914},{"id":15023,"n":"Crème adhésive Dentamyl 50g","p":2.08,"u":"41,60 €/KG","img":"https://fd9-photos.leclercdrive.fr/image.ashx?id=2643372&use=l&cat=p&typeid=i","cat":285158},{"id":15053,"n":"Déodorant Manava Grenade - 200ml","p":1.39,"u":"6,95 €/L","img":"https://fd9-photos.leclercdrive.fr/image.ashx?id=2699276&use=l&cat=p&typeid=i","cat":284595},{"id":15131,"n":"Nectar multifruits Jafaden 2L","p":2.49,"u":"1,25 €/L","img":"https://fd9-photos.leclercdrive.fr/image.ashx?id=2956032&use=l&cat=p&typeid=i","cat":284917},{"id":15139,"n":"Boisson instantanée cacao Eco+ Granules - 800g","p":3.12,"u":"3,90 €/KG","img":"https://fd9-photos.leclercdrive.fr/image.ashx?id=2843093&use=l&cat=p&typeid=i","cat":293235},{"id":15162,"n":"Rillettes pur porc Côté Table 3x78g","p":2.75,"u":"11,75 €/KG","img":"https://fd9-photos.leclercdrive.fr/image.ashx?id=2518514&use=l&cat=p&typeid=i","cat":305149},{"id":15163,"n":"Sablés fourrés P'tit Déli Noisette 125g","p":1.92,"u":"15,36 €/KG","img":"https://fd9-photos.leclercdrive.fr/image.ashx?id=2791266&use=l&cat=p&typeid=i","cat":284487},{"id":15181,"n":"Boisson aux fruits Oasis Saveur Fraise Framboise - 2L","p":2.44,"u":"1,22 €/L","img":"https://fd9-photos.leclercdrive.fr/image.ashx?id=2677819&use=l&cat=p&typeid=i","cat":295018},{"id":15288,"n":"Mouchoirs blancs 4 plis Caresse Mini étuis x15","p":1.16,"u":"0,08 €/P","img":"https://fd9-photos.leclercdrive.fr/image.ashx?id=2824262&use=l&cat=p&typeid=i","cat":284638},{"id":15305,"n":"Eau minérale Saint Antonin 6x1L","p":2.74,"u":"0,46 €/L","img":"https://fd9-photos.leclercdrive.fr/image.ashx?id=2653891&use=l&cat=p&typeid=i","cat":284535},{"id":15342,"n":"Chocolat Eco+ Noir - 5x100g","p":3.78,"u":"7,56 €/KG","img":"https://fd9-photos.leclercdrive.fr/image.ashx?id=2775460&use=l&cat=p&typeid=i","cat":284956},{"id":15432,"n":"Hachés poulet gratin Maître Coq 180g","p":2.3,"u":"12,78 €/KG","img":"https://fd9-photos.leclercdrive.fr/image.ashx?id=1884313&use=l&cat=p&typeid=i","cat":333684},{"id":15433,"n":"Hachés de poulet rotis  Maître Coq - 180g","p":2.59,"u":"14,39 €/KG","img":"https://fd9-photos.leclercdrive.fr/image.ashx?id=1884310&use=l&cat=p&typeid=i","cat":316010},{"id":15513,"n":"Gâteau cacao Oreo Lu Rouleaux Vanille - 154g","p":1.05,"u":"6,82 €/KG","img":"https://fd9-photos.leclercdrive.fr/image.ashx?id=3002282&use=l&cat=p&typeid=i","cat":284488},{"id":15517,"n":"Yaourts Bonne Maman Vanille- 8x125g","p":3.44,"u":"3,44 €/KG","img":"https://fd9-photos.leclercdrive.fr/image.ashx?id=2435150&use=l&cat=p&typeid=i","cat":286006},{"id":15544,"n":"Crackers Tokapi  Fromage et graines - 65g","p":1.34,"u":"20,62 €/KG","img":"https://fd9-photos.leclercdrive.fr/image.ashx?id=2075247&use=l&cat=p&typeid=i","cat":297000},{"id":15564,"n":"Chips paysannes Pom'lisse Nature - 150g","p":0.99,"u":"6,60 €/KG","img":"https://fd9-photos.leclercdrive.fr/image.ashx?id=2927854&use=l&cat=p&typeid=i","cat":284447},{"id":15615,"n":"Multifruits Jafaden 100% Pur jus - 1,5L","p":1.99,"u":"1,33 €/L","img":"https://fd9-photos.leclercdrive.fr/image.ashx?id=2966650&use=l&cat=p&typeid=i","cat":284917},{"id":15626,"n":"Salade maxi Florette Laitue iceberg - 450g","p":2.69,"pp":2.39,"u":"5,31 €/KG","img":"https://fd9-photos.leclercdrive.fr/image.ashx?id=2090039&use=l&cat=p&typeid=i","cat":284353},{"id":15629,"n":"Salade maxi Florette Mâche - 200g","p":2.69,"pp":2.39,"u":"11,95 €/KG","img":"https://fd9-photos.leclercdrive.fr/image.ashx?id=2228849&use=l&cat=p&typeid=i","cat":284353},{"id":15635,"n":"Jeunes pousses douces  Florette - 175g","p":2.69,"pp":2.39,"u":"13,66 €/KG","img":"https://fd9-photos.leclercdrive.fr/image.ashx?id=2844070&use=l&cat=p&typeid=i","cat":284353},{"id":15637,"n":"Ciboulette Florette 11g","p":1.45,"pp":1.15,"u":"104,55 €/KG","img":"https://fd9-photos.leclercdrive.fr/image.ashx?id=2633017&use=l&cat=p&typeid=i","cat":293607},{"id":15638,"n":"Basilic Florette 11g","p":1.45,"u":"131,82 €/KG","img":"https://fd9-photos.leclercdrive.fr/image.ashx?id=2633014&use=l&cat=p&typeid=i","cat":293607},{"id":15641,"n":"Menthe Florette 11g","p":1.45,"u":"131,82 €/KG","img":"https://fd9-photos.leclercdrive.fr/image.ashx?id=2633023&use=l&cat=p&typeid=i","cat":293607},{"id":15642,"n":"Coriandre Florette 11g","p":1.45,"pp":1.15,"u":"104,55 €/KG","img":"https://fd9-photos.leclercdrive.fr/image.ashx?id=2633020&use=l&cat=p&typeid=i","cat":293607},{"id":15643,"n":"Plateau crudités Florette 600g","p":5.99,"pp":5.69,"u":"9,48 €/KG","img":"https://fd9-photos.leclercdrive.fr/image.ashx?id=2962773&use=l&cat=p&typeid=i","cat":284352},{"id":15646,"n":"Saumon Atlantique Connétable 112g","p":4.68,"u":"41,79 €/KG","img":"https://fd9-photos.leclercdrive.fr/image.ashx?id=2960162&use=l&cat=p&typeid=i","cat":305147},{"id":15701,"n":"Filets hareng sans peau Baltic à la crème - 400g","p":3.08,"u":"7,70 €/KG","img":"https://fd9-photos.leclercdrive.fr/image.ashx?id=2845889&use=l&cat=p&typeid=i","cat":285190},{"id":15703,"n":"Jus de citron de Sicile Citros 20cl","p":0.96,"u":"4,80 €/L","img":"https://fd9-photos.leclercdrive.fr/image.ashx?id=2469130&use=l&cat=p&typeid=i","cat":288383},{"id":15741,"n":"Tampons Doulys Compact Super - x20","p":2.35,"u":"0,12 €/P","img":"https://fd9-photos.leclercdrive.fr/image.ashx?id=2965467&use=l&cat=p&typeid=i","cat":284626},{"id":15807,"n":"Boisson aux fruits Oasis Goût Pomme Cassis Framboise 2L","p":2.51,"u":"1,26 €/L","img":"https://fd9-photos.leclercdrive.fr/image.ashx?id=3014452&use=l&cat=p&typeid=i","cat":295018},{"id":15875,"n":"Eau de Cologne Bien Etre Naturelle - 250ml","p":4.45,"u":"17,80 €/L","img":"https://fd9-photos.leclercdrive.fr/image.ashx?id=2353665&use=l&cat=p&typeid=i","cat":291525},{"id":15909,"n":"Shampooing Pétrol Hahn Anti-chûte 250ml","p":2.36,"u":"9,44 €/L","img":"https://fd9-photos.leclercdrive.fr/image.ashx?id=2450649&use=l&cat=p&typeid=i","cat":284606},{"id":15911,"n":"Mousse à raser Mennen Mentholée 250ml","p":2.28,"u":"9,12 €/L","img":"https://fd9-photos.leclercdrive.fr/image.ashx?id=2801845&use=l&cat=p&typeid=i","cat":284617},{"id":15937,"n":"Serviette Hygienique Vania  Maxi confort normal plus - x16","p":1.79,"u":"0,11 €/P","img":"https://fd9-photos.leclercdrive.fr/image.ashx?id=2908027&use=l&cat=p&typeid=i","cat":284624},{"id":15954,"n":"Protector Finish  anti-corrosion","p":3.4,"u":"113,33 €/KG","img":"https://fd9-photos.leclercdrive.fr/image.ashx?id=2659677&use=l&cat=p&typeid=i","cat":284657},{"id":15969,"n":"Gel nettoyant canalisations  Destop Javel Agrumes - 750ml","p":2.63,"u":"3,51 €/L","img":"https://fd9-photos.leclercdrive.fr/image.ashx?id=2885956&use=l&cat=p&typeid=i","cat":284908},{"id":16034,"n":"Petits pois Bio Bio Village Très fins - 600g","p":2.39,"u":"3,98 €/KG","img":"https://fd9-photos.leclercdrive.fr/image.ashx?id=2996021&use=l&cat=p&typeid=i","cat":319805},{"id":16043,"n":"Crevettes cuites Pêche Océan Décortiquées - MSC - 200g","p":3.49,"u":"17,45 €/KG","img":"https://fd9-photos.leclercdrive.fr/image.ashx?id=2478766&use=l&cat=p&typeid=i","cat":319787},{"id":16046,"n":"Fromage de chèvre Les Croisés Frais rond - 200g","p":1.89,"u":"9,45 €/KG","img":"https://fd9-photos.leclercdrive.fr/image.ashx?id=2999565&use=l&cat=p&typeid=i","cat":314031},{"id":16061,"n":"Sauce Tomates Barilla Basilic - 400g","p":1.64,"u":"4,10 €/KG","img":"https://fd9-photos.leclercdrive.fr/image.ashx?id=2832518&use=l&cat=p&typeid=i","cat":287599},{"id":16062,"n":"Sauce Pesto Genovese Barilla Au basilic frais - 190g","p":1.98,"u":"10,42 €/KG","img":"https://fd9-photos.leclercdrive.fr/image.ashx?id=2737585&use=l&cat=p&typeid=i","cat":287599},{"id":16063,"n":"Sauce Pesto Barilla Rosso - 200g","p":1.95,"u":"9,75 €/KG","img":"https://fd9-photos.leclercdrive.fr/image.ashx?id=2308348&use=l&cat=p&typeid=i","cat":287599},{"id":16142,"n":"Eau de source de Montagne 6x1L","p":1.56,"u":"0,26 €/L","img":"https://fd9-photos.leclercdrive.fr/image.ashx?id=2597621&use=l&cat=p&typeid=i","cat":284535},{"id":16159,"n":"Brume d'eau pure Inell 400ml","p":1.65,"u":"4,13 €/L","img":"https://fd9-photos.leclercdrive.fr/image.ashx?id=806289&use=l&cat=p&typeid=i","cat":290295},{"id":16171,"n":"Riz Thaï Bio Village Bio - 500g","p":2.45,"u":"4,90 €/KG","img":"https://fd9-photos.leclercdrive.fr/image.ashx?id=2441510&use=l&cat=p&typeid=i","cat":284428},{"id":16206,"n":"Pop corn Menguy's Goût sucré 3x90g","p":1.98,"u":"7,33 €/KG","img":"https://fd9-photos.leclercdrive.fr/image.ashx?id=2966020&use=l&cat=p&typeid=i","cat":304249},{"id":16254,"n":"Câpres surfines Rustica Au vinaigre - 60g","p":1.23,"u":"20,50 €/KG","img":"https://fd9-photos.leclercdrive.fr/image.ashx?id=2916686&use=l&cat=p&typeid=i","cat":284458},{"id":16271,"n":"Maïs Géant Vert extra croquant sans résidu pesticides - 285g","p":1.17,"u":"4,11 €/KG","img":"https://fd9-photos.leclercdrive.fr/image.ashx?id=2754267&use=l&cat=p&typeid=i","cat":312611},{"id":16272,"n":"Maïs Géant Vert extra tendre sans résidu pesticides - 285g","p":1.11,"u":"3,89 €/KG","img":"https://fd9-photos.leclercdrive.fr/image.ashx?id=2462448&use=l&cat=p&typeid=i","cat":312611},{"id":16303,"n":"Petits oignons Rustica Vinaigre doux - 190g","p":0.79,"u":"4,16 €/KG","img":"https://fd9-photos.leclercdrive.fr/image.ashx?id=2034109&use=l&cat=p&typeid=i","cat":284458},{"id":16429,"n":"Oeufs frais plein air Bio Bio village - x10","p":3.41,"u":"0,34 €/P","img":"https://fd9-photos.leclercdrive.fr/image.ashx?id=1520954&use=l&cat=p&typeid=i","cat":284378},{"id":16436,"n":"Pâtes torsades Bio Village Bio -  500g","p":0.85,"u":"1,70 €/KG","img":"https://fd9-photos.leclercdrive.fr/image.ashx?id=2625367&use=l&cat=p&typeid=i","cat":284427},{"id":16438,"n":"Riz long Bio Village Bio - 500g","p":1.94,"u":"3,88 €/KG","img":"https://fd9-photos.leclercdrive.fr/image.ashx?id=2081726&use=l&cat=p&typeid=i","cat":284428},{"id":16439,"n":"Riz Basmati Bio Village Bio - 500g","p":1.5,"u":"3,00 €/KG","img":"https://fd9-photos.leclercdrive.fr/image.ashx?id=2449232&use=l&cat=p&typeid=i","cat":284428},{"id":16490,"n":"Yaourt nature 0% MG Bio Bio village - 4x125g","p":1.34,"u":"2,68 €/KG","img":"https://fd9-photos.leclercdrive.fr/image.ashx?id=2077427&use=l&cat=p&typeid=i","cat":315000},{"id":16520,"n":"Mayonnaise Eco+ Bocal - 470g","p":1.17,"u":"2,49 €/KG","img":"https://fd9-photos.leclercdrive.fr/image.ashx?id=2954322&use=l&cat=p&typeid=i","cat":298295},{"id":16524,"n":"Pâtes Eco+ Spaghetti - 1kg","p":1.02,"u":"1,02 €/KG","img":"https://fd9-photos.leclercdrive.fr/image.ashx?id=2757494&use=l&cat=p&typeid=i","cat":284427},{"id":16525,"n":"Purée de pommes de terre Eco+ Déshydratée 4x125g","p":1.39,"u":"2,78 €/KG","img":"https://fd9-photos.leclercdrive.fr/image.ashx?id=2929858&use=l&cat=p&typeid=i","cat":284431},{"id":16536,"n":"Sucre Eco+ En morceaux - 1kg","p":1.33,"u":"1,33 €/KG","img":"https://fd9-photos.leclercdrive.fr/image.ashx?id=2702274&use=l&cat=p&typeid=i","cat":284502},{"id":16547,"n":"Barquette chiens Eco+ A la Volaille - 300g","p":0.52,"u":"1,73 €/KG","img":"https://fd9-photos.leclercdrive.fr/image.ashx?id=2052727&use=l&cat=p&typeid=i","cat":284673},{"id":16548,"n":"Barquette pour chats Eco+ Riche en volaille - 100g","p":0.24,"u":"2,40 €/KG","img":"https://fd9-photos.leclercdrive.fr/image.ashx?id=2052736&use=l&cat=p&typeid=i","cat":285286},{"id":16550,"n":"Limonade Eco+ 1,5L","p":0.38,"u":"0,25 €/L","img":"https://fd9-photos.leclercdrive.fr/image.ashx?id=2634842&use=l&cat=p&typeid=i","cat":284531},{"id":16552,"n":"Jus de pomme abc Eco+ 1L","p":0.85,"u":"0,85 €/L","img":"https://fd9-photos.leclercdrive.fr/image.ashx?id=2802269&use=l&cat=p&typeid=i","cat":284522},{"id":16553,"n":"Soda cola Eco+ 1,5L","p":0.49,"u":"0,33 €/L","img":"https://fd9-photos.leclercdrive.fr/image.ashx?id=2807270&use=l&cat=p&typeid=i","cat":284530},{"id":16554,"n":"Soda cola light 1,5l","p":0.4,"u":"0,27 €/L","img":"https://fd9-photos.leclercdrive.fr/image.ashx?id=2821792&use=l&cat=p&typeid=i","cat":284530},{"id":16555,"n":"Boisson aromatisée Eco+ Exotique 2L","p":1.05,"u":"0,53 €/L","img":"https://fd9-photos.leclercdrive.fr/image.ashx?id=2755049&use=l&cat=p&typeid=i","cat":295018},{"id":16558,"n":"Thé glacé pêche Eco  2L","p":1.33,"u":"0,67 €/L","img":"https://fd9-photos.leclercdrive.fr/image.ashx?id=2764955&use=l&cat=p&typeid=i","cat":295019},{"id":16560,"n":"Lingettes multi-usages Eco+ Citron x50","p":0.62,"img":"https://fd9-photos.leclercdrive.fr/image.ashx?id=2308533&use=l&cat=p&typeid=i","cat":325358},{"id":16561,"n":"Eau de javel Eco+ Bidon - 5L","p":1.09,"u":"0,22 €/L","img":"https://fd9-photos.leclercdrive.fr/image.ashx?id=2883913&use=l&cat=p&typeid=i","cat":284661},{"id":16569,"n":"Mini pâté en croute Eco+ 450g","p":1.97,"u":"4,38 €/KG","img":"https://fd9-photos.leclercdrive.fr/image.ashx?id=2919583&use=l&cat=p&typeid=i","cat":316003},{"id":16570,"n":"Saucisse sèche droite Eco+ 250g","p":1.78,"u":"7,12 €/KG","img":"https://fd9-photos.leclercdrive.fr/image.ashx?id=2845137&use=l&cat=p&typeid=i","cat":316006},{"id":16571,"n":"Tagliatelles fraiches Eco+ 500g","p":1.4,"u":"2,80 €/KG","img":"https://fd9-photos.leclercdrive.fr/image.ashx?id=2751850&use=l&cat=p&typeid=i","cat":333682},{"id":16576,"n":"Riz au lait Eco+ Saveur vanille 200g","p":0.57,"u":"2,85 €/KG","img":"https://fd9-photos.leclercdrive.fr/image.ashx?id=2779169&use=l&cat=p&typeid=i","cat":284418},{"id":16582,"n":"Pommes frites Eco+ 2,5kg","p":2.81,"u":"1,12 €/KG","img":"https://fd9-photos.leclercdrive.fr/image.ashx?id=2660523&use=l&cat=p&typeid=i","cat":319791},{"id":16583,"n":"Pommes rissolées surgelées Eco+ 1kg","p":1.11,"u":"1,11 €/KG","img":"https://fd9-photos.leclercdrive.fr/image.ashx?id=2085934&use=l&cat=p&typeid=i","cat":319792},{"id":16741,"n":"Viande hachée 5% MG Férial 350g","p":5.71,"u":"16,31 €/KG","img":"https://fd9-photos.leclercdrive.fr/image.ashx?id=2904010&use=l&cat=p&typeid=i","cat":284332},{"id":16742,"n":"Steak haché Férial 15%mg - 800g","p":11.15,"u":"13,94 €/KG","img":"https://fd9-photos.leclercdrive.fr/image.ashx?id=2904004&use=l&cat=p&typeid=i","cat":284332},{"id":16747,"n":"Viande hachée 15% MG Férial 350g","p":5.59,"u":"15,97 €/KG","img":"https://fd9-photos.leclercdrive.fr/image.ashx?id=2904007&use=l&cat=p&typeid=i","cat":284332},{"id":16765,"n":"Steak haché Férial pur boeuf 5%mg - 250g","p":4.74,"u":"18,96 €/KG","img":"https://fd9-photos.leclercdrive.fr/image.ashx?id=2903998&use=l&cat=p&typeid=i","cat":284332},{"id":16782,"n":"Steak haché Férial 15%mg 250g","p":3.99,"u":"15,96 €/KG","img":"https://fd9-photos.leclercdrive.fr/image.ashx?id=2904001&use=l&cat=p&typeid=i","cat":284332},{"id":16789,"n":"Cône glacé Nestlé Extrême Chocolat Pistache X8 - 568g","p":4.06,"u":"7,15 €/KG","img":"https://fd9-photos.leclercdrive.fr/image.ashx?id=2360956&use=l&cat=p&typeid=i","cat":284264},{"id":16791,"n":"Glace Cône Nestlé Extrême  Fraise vanille x8 - 568g","p":4.05,"u":"7,13 €/KG","img":"https://fd9-photos.leclercdrive.fr/image.ashx?id=2736979&use=l&cat=p&typeid=i","cat":284264},{"id":16800,"n":"Eau minérale naturelle Contrex 6x1L","p":2.57,"u":"0,43 €/L","img":"https://fd9-photos.leclercdrive.fr/image.ashx?id=2731720&use=l&cat=p&typeid=i","cat":284535},{"id":16829,"n":"Fusilli Côté Snack Pâtes 4 fromages - 300g","p":1.89,"u":"6,30 €/KG","img":"https://fd9-photos.leclercdrive.fr/image.ashx?id=2748726&use=l&cat=p&typeid=i","cat":334983},{"id":16842,"n":"Spéculoos P'tit Déli 2x250g","p":1.47,"u":"2,94 €/KG","img":"https://fd9-photos.leclercdrive.fr/image.ashx?id=2046364&use=l&cat=p&typeid=i","cat":284487},{"id":16847,"n":"Chewing-gum Freedent white Menthe douce 70g","p":2.15,"u":"30,71 €/KG","img":"https://fd9-photos.leclercdrive.fr/image.ashx?id=2237289&use=l&cat=p&typeid=i","cat":304251},{"id":16848,"n":"Chewing gum Freedent white Menthe verte 70g","p":2.15,"u":"30,71 €/KG","img":"https://fd9-photos.leclercdrive.fr/image.ashx?id=2355899&use=l&cat=p&typeid=i","cat":304251},{"id":16849,"n":"Chewing-gum Freedent white Menthe forte 70g","p":2.15,"u":"30,71 €/KG","img":"https://fd9-photos.leclercdrive.fr/image.ashx?id=2237292&use=l&cat=p&typeid=i","cat":304251},{"id":16916,"n":"Croquette Tous Mes Amis Vitalité - viande de boeuf 10kg","p":12.99,"u":"1,30 €/KG","img":"https://fd9-photos.leclercdrive.fr/image.ashx?id=2078635&use=l&cat=p&typeid=i","cat":284672},{"id":16920,"n":"Coeurs d'artichaut Notre Jardin 240g","p":2.49,"u":"10,38 €/KG","img":"https://fd9-photos.leclercdrive.fr/image.ashx?id=2674023&use=l&cat=p&typeid=i","cat":312611},{"id":16996,"n":"Liquide de rinçage Visior Lave-vaisselle - 750ml","p":0.89,"u":"1,19 €/L","img":"https://fd9-photos.leclercdrive.fr/image.ashx?id=2874377&use=l&cat=p&typeid=i","cat":284657},{"id":17014,"n":"Fromage apéritif Apéricube Sélection festive 48 cubes","p":4.36,"u":"17,44 €/KG","img":"https://fd9-photos.leclercdrive.fr/image.ashx?id=2882665&use=l&cat=p&typeid=i","cat":314027},{"id":17036,"n":"Mouchoirs blancs 3 plis Caresse Boîte mouchoirs papier x90","p":1.04,"u":"0,01 €/P","img":"https://fd9-photos.leclercdrive.fr/image.ashx?id=2777915&use=l&cat=p&typeid=i","cat":284638},{"id":17037,"n":"Rasoir Carré Homme 5 lames - x1","p":4.69,"img":"https://fd9-photos.leclercdrive.fr/image.ashx?id=2704657&use=l&cat=p&typeid=i","cat":284616},{"id":17104,"n":"Tuiles Tokapi  Nature - 170g","p":1.35,"u":"7,94 €/KG","img":"https://fd9-photos.leclercdrive.fr/image.ashx?id=2632849&use=l&cat=p&typeid=i","cat":287899},{"id":17105,"n":"Chips Tuiles Tokapi Crème oignon - 170g","p":1.35,"u":"7,94 €/KG","img":"https://fd9-photos.leclercdrive.fr/image.ashx?id=2643375&use=l&cat=p&typeid=i","cat":287899},{"id":17108,"n":"Brume d'eau pure Inell 150ml","p":1.25,"u":"8,33 €/L","img":"https://fd9-photos.leclercdrive.fr/image.ashx?id=2712980&use=l&cat=p&typeid=i","cat":290295},{"id":17112,"n":"Limonade Bio village Bio - 1L","p":0.96,"u":"0,96 €/L","img":"https://fd9-photos.leclercdrive.fr/image.ashx?id=2632900&use=l&cat=p&typeid=i","cat":284531},{"id":17113,"n":"Cidre bouché Bio village Bio 4% vol - 75cl","p":2.29,"u":"3,05 €/L","img":"https://fd9-photos.leclercdrive.fr/image.ashx?id=2907255&use=l&cat=p&typeid=i","cat":334880},{"id":17133,"n":"Empresure café Malo 4x125g","p":1.96,"u":"3,92 €/KG","img":"https://fd9-photos.leclercdrive.fr/image.ashx?id=2756275&use=l&cat=p&typeid=i","cat":285041},{"id":17165,"n":"Poulet blanc Maître coq Eleveur de nos régions - 1,3kg","p":7.25,"u":"5,58 €/KG","img":"https://fd9-photos.leclercdrive.fr/image.ashx?id=2926359&use=l&cat=p&typeid=i","cat":284336},{"id":17166,"n":"Poulet jaune Maître Coq Eleveur de nos régions 1,3kg","p":7.72,"u":"5,94 €/KG","img":"https://fd9-photos.leclercdrive.fr/image.ashx?id=2926356&use=l&cat=p&typeid=i","cat":284336},{"id":17189,"n":"Biscuit petit dej P'tit Déli Miel/pépites chocolat - 400g","p":2.15,"u":"5,38 €/KG","img":"https://fd9-photos.leclercdrive.fr/image.ashx?id=2999502&use=l&cat=p&typeid=i","cat":284491},{"id":17220,"n":"Nettoyant spray Clair Anti-calcaire 750ml","p":0.94,"u":"1,25 €/L","img":"https://fd9-photos.leclercdrive.fr/image.ashx?id=2882316&use=l&cat=p&typeid=i","cat":325362},{"id":17223,"n":"Mouchoirs blancs 3 plis Caresse Boîte déco décor aléatoire x70","p":1.52,"u":"0,02 €/P","img":"https://fd9-photos.leclercdrive.fr/image.ashx?id=2812548&use=l&cat=p&typeid=i","cat":284638},{"id":17239,"n":"Sauce nantua Giraudet 250g","p":3.35,"u":"13,40 €/KG","img":"https://fd9-photos.leclercdrive.fr/image.ashx?id=2214792&use=l&cat=p&typeid=i","cat":284382},{"id":17294,"n":"Pâtes crozets nature Alpina 400g","p":2.63,"u":"6,58 €/KG","img":"https://fd9-photos.leclercdrive.fr/image.ashx?id=2795072&use=l&cat=p&typeid=i","cat":284427},{"id":17295,"n":"Pâtes crozets Alpina Savoie Au sarrasin - 400g","p":2.6,"u":"6,50 €/KG","img":"https://fd9-photos.leclercdrive.fr/image.ashx?id=2795075&use=l&cat=p&typeid=i","cat":284427},{"id":17303,"n":"Gros sel de mer iodé Baleine 1kg","p":0.62,"u":"0,62 €/KG","img":"https://fd9-photos.leclercdrive.fr/image.ashx?id=2788526&use=l&cat=p&typeid=i","cat":284457},{"id":17307,"n":"Rigotte mi chèvre Alpine From. 300g","p":4.23,"u":"14,10 €/KG","img":"https://fd9-photos.leclercdrive.fr/image.ashx?id=2105842&use=l&cat=p&typeid=i","cat":314031},{"id":17348,"n":"Lanières poivrons Notre Jardin 600g","p":2.15,"u":"3,58 €/KG","img":"https://fd9-photos.leclercdrive.fr/image.ashx?id=2996018&use=l&cat=p&typeid=i","cat":319805},{"id":17362,"n":"Moules ASC Pêche Océan Décortiquées - 500g","p":3.38,"u":"6,76 €/KG","img":"https://fd9-photos.leclercdrive.fr/image.ashx?id=2835023&use=l&cat=p&typeid=i","cat":319787},{"id":17392,"n":"Mouchoirs blanc 4 plis Univert Etuis x15 - Ecolabel","p":1.95,"u":"0,13 €/P","img":"https://fd9-photos.leclercdrive.fr/image.ashx?id=2549951&use=l&cat=p&typeid=i","cat":284638},{"id":17413,"n":"Sacs congélation zip Elembal Petit modèle x25","p":1.45,"u":"0,06 €/P","img":"https://fd9-photos.leclercdrive.fr/image.ashx?id=2751883&use=l&cat=p&typeid=i","cat":334134},{"id":17414,"n":"Activateur de lavage Textil Spécial blanc 10 tablettes","p":2.1,"u":"9,33 €/KG","img":"https://fd9-photos.leclercdrive.fr/image.ashx?id=2964565&use=l&cat=p&typeid=i","cat":284651},{"id":17425,"n":"Fromage blanc Délisse Vanille 2,5%MG - 8x100g","p":2.82,"u":"3,53 €/KG","img":"https://fd9-photos.leclercdrive.fr/image.ashx?id=3012827&use=l&cat=p&typeid=i","cat":284409},{"id":17446,"n":"Apéritif gentiane Salers 16%vol. 1L","p":11.98,"u":"11,98 €/L","img":"https://fd9-photos.leclercdrive.fr/image.ashx?id=2732770&use=l&cat=p&typeid=i","cat":284913},{"id":17469,"n":"Biscuits P'tit Déli Bâtonnets Chocolat blanc 150g","p":1.7,"u":"11,33 €/KG","img":"https://fd9-photos.leclercdrive.fr/image.ashx?id=2470195&use=l&cat=p&typeid=i","cat":284488},{"id":17476,"n":"Boudins noirs aux oignons Tradilège x3 - 375g","p":2.65,"u":"7,07 €/KG","img":"https://fd9-photos.leclercdrive.fr/image.ashx?id=2930754&use=l&cat=p&typeid=i","cat":316012},{"id":17571,"n":"Crème entière fluide UHT Délisse - Brique 30%mg - 1L","p":4.23,"u":"4,23 €/L","img":"https://fd9-photos.leclercdrive.fr/image.ashx?id=2509980&use=l&cat=p&typeid=i","cat":284381},{"id":17653,"n":"Fromage apéritif Apéricube Best of des saveurs 48 cubes","p":4.3,"u":"17,20 €/KG","img":"https://fd9-photos.leclercdrive.fr/image.ashx?id=2882662&use=l&cat=p&typeid=i","cat":314027},{"id":17694,"n":"Couches bébé Mots d'Enfants T4+ Ultra confort - 9/20kg - x144","p":20.5,"u":"0,14 €/P","img":"https://fd9-photos.leclercdrive.fr/image.ashx?id=2689426&use=l&cat=p&typeid=i","cat":284737},{"id":17710,"n":"Sauce Hollandaise Knorr Au jus de citron - 30cl","p":1.5,"u":"5,00 €/L","img":"https://fd9-photos.leclercdrive.fr/image.ashx?id=2985099&use=l&cat=p&typeid=i","cat":288381},{"id":17717,"n":"Blanc de poulet Tradilège x4 160g","p":1.36,"u":"8,50 €/KG","img":"https://fd9-photos.leclercdrive.fr/image.ashx?id=2925738&use=l&cat=p&typeid=i","cat":316010},{"id":17718,"n":"Blanc de dinde Tradilège 4 tranches 160g","p":1.65,"u":"10,31 €/KG","img":"https://fd9-photos.leclercdrive.fr/image.ashx?id=2989787&use=l&cat=p&typeid=i","cat":316010},{"id":17768,"n":"Boudins blancs au porto Tradilège x3 - 375g","p":3.89,"u":"10,37 €/KG","img":"https://fd9-photos.leclercdrive.fr/image.ashx?id=2252040&use=l&cat=p&typeid=i","cat":316012},{"id":17783,"n":"Chocolats Ferrero Rocher x24 pralines - 300g","p":9.65,"u":"32,17 €/KG","img":"https://fd9-photos.leclercdrive.fr/image.ashx?id=2944999&use=l&cat=p&typeid=i","cat":327600},{"id":17845,"n":"Saumon crème fraîche Marie Fondue poireaux 400g","p":5.07,"u":"12,68 €/KG","img":"https://fd9-photos.leclercdrive.fr/image.ashx?id=2996785&use=l&cat=p&typeid=i","cat":319786},{"id":17899,"n":"Knacks pur porc Tradilège Fumées au bois x10 - 350g","p":1.52,"u":"4,34 €/KG","img":"https://fd9-photos.leclercdrive.fr/image.ashx?id=2448321&use=l&cat=p&typeid=i","cat":316012},{"id":17901,"n":"Macaroni d'Alsace NRT 250g","p":1.39,"u":"5,56 €/KG","img":"https://fd9-photos.leclercdrive.fr/image.ashx?id=2839989&use=l&cat=p&typeid=i","cat":284427},{"id":17917,"n":"Nettoyant canalisations Ouragan Fraîcheur mentholée - 1L","p":3.45,"u":"3,45 €/L","img":"https://fd9-photos.leclercdrive.fr/image.ashx?id=2367544&use=l&cat=p&typeid=i","cat":284662},{"id":17969,"n":"Purée de fruit NATURNES Pomme pêche 4M+ - 4x130g","p":2.14,"u":"4,12 €/KG","img":"https://fd9-photos.leclercdrive.fr/image.ashx?id=2629644&use=l&cat=p&typeid=i","cat":312387},{"id":17995,"n":"Acide chlorhydrique Phébus Détartrant puissant 1L","p":2.25,"u":"2,25 €/L","img":"https://fd9-photos.leclercdrive.fr/image.ashx?id=2432088&use=l&cat=p&typeid=i","cat":300576},{"id":18000,"n":"Lait céréales Blédidej 12 mois Chocolat biscuité - 4x250ml","p":3.44,"u":"3,44 €/L","img":"https://fd9-photos.leclercdrive.fr/image.ashx?id=2921028&use=l&cat=p&typeid=i","cat":312226},{"id":18002,"n":"Lait céréales Blédidej 12 mois Biscuité vanille - 4x250ml","p":3.34,"u":"3,34 €/L","img":"https://fd9-photos.leclercdrive.fr/image.ashx?id=2921034&use=l&cat=p&typeid=i","cat":312226},{"id":18003,"n":"Lait céréales Blédidej 12 mois Vanille chocolat - 4x250ml","p":3.37,"u":"3,37 €/L","img":"https://fd9-photos.leclercdrive.fr/image.ashx?id=2921031&use=l&cat=p&typeid=i","cat":312226},{"id":18066,"n":"Nouilles chinoises Suzi Wan En nid - 250g","p":1.66,"u":"6,64 €/KG","img":"https://fd9-photos.leclercdrive.fr/image.ashx?id=2886253&use=l&cat=p&typeid=i","cat":288992},{"id":18090,"n":"Alcool ménager Mieuxa Vanille 1L","p":3.99,"u":"3,99 €/L","img":"https://fd9-photos.leclercdrive.fr/image.ashx?id=2446023&use=l&cat=p&typeid=i","cat":300576},{"id":18096,"n":"Plat bébé Blédina 8 mois  Légumes saumon - 2x200g","p":2.7,"u":"6,75 €/KG","img":"https://fd9-photos.leclercdrive.fr/image.ashx?id=2975059&use=l&cat=p&typeid=i","cat":312236},{"id":18100,"n":"Lait céréales bébé Blédiner 12m Légumes soir - 2x250ml","p":1.77,"u":"3,54 €/L","img":"https://fd9-photos.leclercdrive.fr/image.ashx?id=2960144&use=l&cat=p&typeid=i","cat":312239},{"id":18124,"n":"Pêche poire cerise  Douceur du Verger - 4x70g","p":2.79,"u":"9,96 €/KG","img":"https://fd9-photos.leclercdrive.fr/image.ashx?id=2149378&use=l&cat=p&typeid=i","cat":284507},{"id":18207,"n":"Lingettes démaquillantes Inell x25","p":1.34,"u":"0,05 €/P","img":"https://fd9-photos.leclercdrive.fr/image.ashx?id=2769579&use=l&cat=p&typeid=i","cat":284603},{"id":18208,"n":"Lingettes démaquillantes Inell x25","p":1.34,"u":"0,05 €/P","img":"https://fd9-photos.leclercdrive.fr/image.ashx?id=2752622&use=l&cat=p&typeid=i","cat":284603},{"id":18221,"n":"Lardons supérieurs Tradilège Nature - 2x100g","p":1.85,"u":"9,25 €/KG","img":"https://fd9-photos.leclercdrive.fr/image.ashx?id=2933340&use=l&cat=p&typeid=i","cat":316011},{"id":18223,"n":"Lardons supérieurs Tradilège Fumés - 2x100g","p":1.85,"u":"9,25 €/KG","img":"https://fd9-photos.leclercdrive.fr/image.ashx?id=2933343&use=l&cat=p&typeid=i","cat":316011},{"id":18224,"n":"Allumettes Tradilège Nature - 2x100g","p":1.75,"u":"8,75 €/KG","img":"https://fd9-photos.leclercdrive.fr/image.ashx?id=2933349&use=l&cat=p&typeid=i","cat":316011},{"id":18225,"n":"Allumettes Tradilège Fumées - 2x100g","p":1.75,"u":"8,75 €/KG","img":"https://fd9-photos.leclercdrive.fr/image.ashx?id=2933346&use=l&cat=p&typeid=i","cat":316011},{"id":18232,"n":"Poitrine nature Tradilège 1/2 sel 4 tranches 300g","p":4.65,"u":"15,50 €/KG","img":"https://fd9-photos.leclercdrive.fr/image.ashx?id=2854267&use=l&cat=p&typeid=i","cat":316011},{"id":18233,"n":"Poitrine Fumée Tradilège Tranches fines - 2x7T - 200g","p":2.48,"u":"12,40 €/KG","img":"https://fd9-photos.leclercdrive.fr/image.ashx?id=2852267&use=l&cat=p&typeid=i","cat":316011},{"id":18235,"n":"Mousse de foie Tradilège Supérieure 180g","p":1.24,"u":"6,89 €/KG","img":"https://fd9-photos.leclercdrive.fr/image.ashx?id=2693147&use=l&cat=p&typeid=i","cat":316008},{"id":18236,"n":"Mousse de foie Tradilège 2x50g","p":0.99,"u":"9,90 €/KG","img":"https://fd9-photos.leclercdrive.fr/image.ashx?id=2999625&use=l&cat=p&typeid=i","cat":316008},{"id":18238,"n":"Mousse de canard Tradilège 180g","p":1.16,"u":"6,44 €/KG","img":"https://fd9-photos.leclercdrive.fr/image.ashx?id=2994360&use=l&cat=p&typeid=i","cat":316008},{"id":18240,"n":"Mousse de canard Tradilège 2x50g","p":1.09,"u":"10,90 €/KG","img":"https://fd9-photos.leclercdrive.fr/image.ashx?id=2998886&use=l&cat=p&typeid=i","cat":316008},{"id":18241,"n":"Pâté de campagne Tradilège Supérieur 180g","p":1.25,"u":"6,94 €/KG","img":"https://fd9-photos.leclercdrive.fr/image.ashx?id=2844848&use=l&cat=p&typeid=i","cat":316008},{"id":18245,"n":"Rillettes du Mans Tradilège 220g","p":1.45,"u":"6,59 €/KG","img":"https://fd9-photos.leclercdrive.fr/image.ashx?id=2548124&use=l&cat=p&typeid=i","cat":316008},{"id":18246,"n":"Rillettes du Mans Tradilège 400g","p":2.32,"u":"5,80 €/KG","img":"https://fd9-photos.leclercdrive.fr/image.ashx?id=2580385&use=l&cat=p&typeid=i","cat":316008},{"id":18251,"n":"Knacks Tradilège Fumées au bois - x4 - 140g","p":1.05,"u":"7,50 €/KG","img":"https://fd9-photos.leclercdrive.fr/image.ashx?id=2930739&use=l&cat=p&typeid=i","cat":316012},{"id":18252,"n":"Knacks Tradilège Fumées au bois - x6 - 210g","p":1.38,"u":"6,57 €/KG","img":"https://fd9-photos.leclercdrive.fr/image.ashx?id=2448318&use=l&cat=p&typeid=i","cat":316012},{"id":18257,"n":"Saucisses Cocktail Tradilège 400g","p":2.79,"u":"6,98 €/KG","img":"https://fd9-photos.leclercdrive.fr/image.ashx?id=2659082&use=l&cat=p&typeid=i","cat":316012},{"id":18259,"n":"Saucisson à l'ail Tradilège Fumé - 300g","p":2.08,"u":"6,93 €/KG","img":"https://fd9-photos.leclercdrive.fr/image.ashx?id=2930742&use=l&cat=p&typeid=i","cat":316006},{"id":18260,"n":"Saucisson à l'ail Tradilège Nature - 300g","p":2.55,"u":"8,50 €/KG","img":"https://fd9-photos.leclercdrive.fr/image.ashx?id=2930745&use=l&cat=p&typeid=i","cat":316006},{"id":18261,"n":"Andouille Tradilège 300g","p":6.12,"u":"20,40 €/KG","img":"https://fd9-photos.leclercdrive.fr/image.ashx?id=2930748&use=l&cat=p&typeid=i","cat":316012},{"id":18262,"n":"Cervelas supérieur Tradilège 300g","p":2.1,"u":"7,00 €/KG","img":"https://fd9-photos.leclercdrive.fr/image.ashx?id=2421636&use=l&cat=p&typeid=i","cat":316012},{"id":18263,"n":"Andouillettes Tradilège Nature x3 420g","p":4.03,"u":"9,60 €/KG","img":"https://fd9-photos.leclercdrive.fr/image.ashx?id=2728282&use=l&cat=p&typeid=i","cat":316012},{"id":18264,"n":"Andouillettes herbes Tradilège x3 420g","p":4.79,"u":"11,40 €/KG","img":"https://fd9-photos.leclercdrive.fr/image.ashx?id=2728285&use=l&cat=p&typeid=i","cat":316012},{"id":18266,"n":"Dés de jambon Tradilège 2x75g","p":1.49,"u":"9,93 €/KG","img":"https://fd9-photos.leclercdrive.fr/image.ashx?id=2925732&use=l&cat=p&typeid=i","cat":316011},{"id":18267,"n":"Allumettes de jambon Tradilège 2x75g","p":1.05,"u":"7,00 €/KG","img":"https://fd9-photos.leclercdrive.fr/image.ashx?id=2925716&use=l&cat=p&typeid=i","cat":316011},{"id":18268,"n":"Rôti de porc Tradilège 4 tranches 160g","p":2.14,"u":"13,38 €/KG","img":"https://fd9-photos.leclercdrive.fr/image.ashx?id=2984173&use=l&cat=p&typeid=i","cat":316009},{"id":18272,"n":"Mini Boudins Noirs Antillais Tradilège x6 - 375g","p":4.0,"u":"10,67 €/KG","img":"https://fd9-photos.leclercdrive.fr/image.ashx?id=2852276&use=l&cat=p&typeid=i","cat":316012},{"id":18276,"n":"Tripes à la mode de Caen  Tradilège - 500g","p":3.89,"u":"7,78 €/KG","img":"https://fd9-photos.leclercdrive.fr/image.ashx?id=2999628&use=l&cat=p&typeid=i","cat":333666},{"id":18278,"n":"Tripes à la provençale  Tradilège - 500g","p":3.89,"u":"7,78 €/KG","img":"https://fd9-photos.leclercdrive.fr/image.ashx?id=2252037&use=l&cat=p&typeid=i","cat":333666},{"id":18279,"n":"Dés de poulet Tradilège 2x75g","p":2.82,"u":"18,80 €/KG","img":"https://fd9-photos.leclercdrive.fr/image.ashx?id=2984185&use=l&cat=p&typeid=i","cat":316011},{"id":18287,"n":"Céréales Extra Kellogg's Chocolat au lait - 500g","p":3.24,"u":"6,48 €/KG","img":"https://fd9-photos.leclercdrive.fr/image.ashx?id=2692707&use=l&cat=p&typeid=i","cat":309512},{"id":18347,"n":"Porc : Paupiette Férial x6 780g","p":7.78,"u":"9,97 €/KG","img":"https://fd9-photos.leclercdrive.fr/image.ashx?id=2852291&use=l&cat=p&typeid=i","cat":284331},{"id":18351,"n":"Fromage à tartiner Les Croisés Nature - 25%mg - 150g","p":1.24,"u":"8,27 €/KG","img":"https://fd9-photos.leclercdrive.fr/image.ashx?id=1971010&use=l&cat=p&typeid=i","cat":314029},{"id":18362,"n":"Biscuit bébé Blédina 10 mois Boudoir - 120g","p":1.75,"u":"14,58 €/KG","img":"https://fd9-photos.leclercdrive.fr/image.ashx?id=2801114&use=l&cat=p&typeid=i","cat":312227},{"id":18364,"n":"Haricots rouges D'aucy  250g","p":1.14,"u":"4,56 €/KG","img":"https://fd9-photos.leclercdrive.fr/image.ashx?id=2538434&use=l&cat=p&typeid=i","cat":312606},{"id":18374,"n":"Petits pois d'aucy  Extra-fins - 280g","p":1.03,"u":"3,68 €/KG","img":"https://fd9-photos.leclercdrive.fr/image.ashx?id=2503434&use=l&cat=p&typeid=i","cat":312607},{"id":18375,"n":"Petits pois carottes d''Aucy Extra fins - 265g","p":1.08,"u":"4,08 €/KG","img":"https://fd9-photos.leclercdrive.fr/image.ashx?id=2475324&use=l&cat=p&typeid=i","cat":312607},{"id":18384,"n":"Fagot bouquet garni Ducros 17g","p":2.32,"u":"136,47 €/KG","img":"https://fd9-photos.leclercdrive.fr/image.ashx?id=2326667&use=l&cat=p&typeid=i","cat":298297},{"id":18387,"n":"Herbes de Provence Ducros Barbecue - 100g","p":1.21,"u":"12,10 €/KG","img":"https://fd9-photos.leclercdrive.fr/image.ashx?id=2414717&use=l&cat=p&typeid=i","cat":298297},{"id":18389,"n":"Poivre Ducros Spécial moulin - 100g","p":4.83,"u":"48,30 €/KG","img":"https://fd9-photos.leclercdrive.fr/image.ashx?id=2559439&use=l&cat=p&typeid=i","cat":284457},{"id":18392,"n":"Paprika doux moulu Ducros 40g","p":1.67,"u":"41,75 €/KG","img":"https://fd9-photos.leclercdrive.fr/image.ashx?id=2854414&use=l&cat=p&typeid=i","cat":298297},{"id":18393,"n":"Persil Ducros 17g","p":1.67,"u":"98,24 €/KG","img":"https://fd9-photos.leclercdrive.fr/image.ashx?id=2559436&use=l&cat=p&typeid=i","cat":298297},{"id":18394,"n":"Persil Ducros 30g","p":3.49,"u":"116,33 €/KG","img":"https://fd9-photos.leclercdrive.fr/image.ashx?id=2486554&use=l&cat=p&typeid=i","cat":298297},{"id":18398,"n":"Piment doux moulu Ducros 40g","p":1.99,"u":"49,75 €/KG","img":"https://fd9-photos.leclercdrive.fr/image.ashx?id=2490494&use=l&cat=p&typeid=i","cat":298297},{"id":18408,"n":"Thon entier Pêche Océan Naturel - 140g","p":1.9,"u":"13,57 €/KG","img":"https://fd9-photos.leclercdrive.fr/image.ashx?id=2941426&use=l&cat=p&typeid=i","cat":303867},{"id":18409,"n":"Thon entier Pêche Océan Naturel - 93g","p":1.39,"u":"14,95 €/KG","img":"https://fd9-photos.leclercdrive.fr/image.ashx?id=2942184&use=l&cat=p&typeid=i","cat":303867},{"id":18410,"n":"Pâtées chat Gold Gourmet Les noisettes -  12x85g","p":5.85,"u":"5,74 €/KG","img":"https://fd9-photos.leclercdrive.fr/image.ashx?id=2908318&use=l&cat=p&typeid=i","cat":285286},{"id":18437,"n":"Allumettes Bacon Tradilège Fumées - 2x100g","p":1.74,"u":"8,70 €/KG","img":"https://fd9-photos.leclercdrive.fr/image.ashx?id=2905952&use=l&cat=p&typeid=i","cat":316011},{"id":18448,"n":"Mousse de canard Tradilège 220g","p":2.29,"u":"10,41 €/KG","img":"https://fd9-photos.leclercdrive.fr/image.ashx?id=2933352&use=l&cat=p&typeid=i","cat":316008},{"id":18521,"n":"Papier toilette Mimosa Blanc double épaisseur - x12","p":2.85,"u":"0,24 €/P","img":"https://fd9-photos.leclercdrive.fr/image.ashx?id=2434230&use=l&cat=p&typeid=i","cat":284634},{"id":18577,"n":"Papier toilette Mimosa Blanc - Ultra doux - x24","p":4.33,"u":"0,18 €/P","img":"https://fd9-photos.leclercdrive.fr/image.ashx?id=2796488&use=l&cat=p&typeid=i","cat":284634},{"id":18598,"n":"Yaourts à la Grecque Délisse Mûre Framboise - 4x150g","p":1.99,"u":"3,32 €/KG","img":"https://fd9-photos.leclercdrive.fr/image.ashx?id=2699441&use=l&cat=p&typeid=i","cat":314999},{"id":18669,"n":"Snacks Tokapi 4 saveurs - 100g","p":0.87,"u":"8,70 €/KG","img":"https://fd9-photos.leclercdrive.fr/image.ashx?id=2588932&use=l&cat=p&typeid=i","cat":284449},{"id":18670,"n":"Tuiles Tokapi Bacon - 170g","p":1.39,"u":"8,18 €/KG","img":"https://fd9-photos.leclercdrive.fr/image.ashx?id=2657205&use=l&cat=p&typeid=i","cat":287899},{"id":18671,"n":"Tuiles Tokapi Paprika - 170g","p":1.35,"u":"7,94 €/KG","img":"https://fd9-photos.leclercdrive.fr/image.ashx?id=2632852&use=l&cat=p&typeid=i","cat":287899},{"id":18676,"n":"Allume-feu Silex cubes 18 sachets individuels","p":3.23,"img":"https://fd9-photos.leclercdrive.fr/image.ashx?id=2643584&use=l&cat=p&typeid=i","cat":300578},{"id":18723,"n":"Boulettes provençale Férial x12 - 300g","p":4.09,"u":"13,63 €/KG","img":"https://fd9-photos.leclercdrive.fr/image.ashx?id=2816627&use=l&cat=p&typeid=i","cat":284332},{"id":18748,"n":"Pavés de boeuf marinés nature F x2 - 240g","p":4.99,"u":"20,79 €/KG","img":"https://fd9-photos.leclercdrive.fr/image.ashx?id=2854270&use=l&cat=p&typeid=i","cat":284328},{"id":18754,"n":"Boulettes nature Férial x12 - 300g","p":4.09,"u":"13,63 €/KG","img":"https://fd9-photos.leclercdrive.fr/image.ashx?id=2816624&use=l&cat=p&typeid=i","cat":284332},{"id":18953,"n":"Thon entier Pêche Océan Naturel - 186g","p":2.5,"u":"13,44 €/KG","img":"https://fd9-photos.leclercdrive.fr/image.ashx?id=2942190&use=l&cat=p&typeid=i","cat":303867},{"id":18968,"n":"Gâteaux mini marbrés P'tit Déli Chocolat x7 - 189g","p":1.59,"u":"8,41 €/KG","img":"https://fd9-photos.leclercdrive.fr/image.ashx?id=1947360&use=l&cat=p&typeid=i","cat":284495},{"id":18983,"n":"Crème glacée Eskiss Noix de coco - 494g","p":2.82,"u":"5,71 €/KG","img":"https://fd9-photos.leclercdrive.fr/image.ashx?id=2982607&use=l&cat=p&typeid=i","cat":284263},{"id":18985,"n":"Salade pates Jambon Emmental  250g - Côté Snack","p":2.27,"u":"9,08 €/KG","img":"https://fd9-photos.leclercdrive.fr/image.ashx?id=2900635&use=l&cat=p&typeid=i","cat":333657},{"id":18996,"n":"Confiture Bonne Maman 4 fruits rouges - 370g","p":2.38,"u":"6,43 €/KG","img":"https://fd9-photos.leclercdrive.fr/image.ashx?id=2547474&use=l&cat=p&typeid=i","cat":284480},{"id":19023,"n":"Sirop Frucci Citron - 1L","p":2.04,"u":"2,04 €/L","img":"https://fd9-photos.leclercdrive.fr/image.ashx?id=2955656&use=l&cat=p&typeid=i","cat":295020},{"id":19066,"n":"Vodka Poliakov 37,5%vol - 1L","p":15.92,"u":"15,92 €/L","img":"https://fd9-photos.leclercdrive.fr/image.ashx?id=2576916&use=l&cat=p&typeid=i","cat":284550},{"id":19098,"n":"Cookies gros éclats Granola Chocolat - 184g","p":1.8,"u":"9,78 €/KG","img":"https://fd9-photos.leclercdrive.fr/image.ashx?id=2996413&use=l&cat=p&typeid=i","cat":325066},{"id":19102,"n":"Croquettes chat Purina One Stérilisé-Saumon/Céréales-1,5kg","p":6.86,"u":"4,57 €/KG","img":"https://fd9-photos.leclercdrive.fr/image.ashx?id=2541268&use=l&cat=p&typeid=i","cat":284680},{"id":19110,"n":"Boeuf Bourguignon Côté Table 300g","p":2.04,"u":"6,80 €/KG","img":"https://fd9-photos.leclercdrive.fr/image.ashx?id=2517679&use=l&cat=p&typeid=i","cat":284953},{"id":19112,"n":"Thé vert Bio Ethiquable Gingembre Citron vert x20 - 36g","p":2.66,"u":"73,89 €/KG","img":"https://fd9-photos.leclercdrive.fr/image.ashx?id=2870842&use=l&cat=p&typeid=i","cat":293233},{"id":19138,"n":"Semoule Couscous Bio Village Semi complet Bio - 500g","p":1.95,"u":"3,90 €/KG","img":"https://fd9-photos.leclercdrive.fr/image.ashx?id=2814217&use=l&cat=p&typeid=i","cat":284429},{"id":19150,"n":"Compotes Andros Délice de rhubarbe - 4x100g","p":2.48,"u":"6,20 €/KG","img":"https://fd9-photos.leclercdrive.fr/image.ashx?id=2845461&use=l&cat=p&typeid=i","cat":284416},{"id":19155,"n":"Farine de blé Bio Francine 1kg","p":1.81,"u":"1,81 €/KG","img":"https://fd9-photos.leclercdrive.fr/image.ashx?id=2989117&use=l&cat=p&typeid=i","cat":284503},{"id":19202,"n":"Galettes bio Bio Village 4 céréales x17 - 130g","p":0.99,"u":"7,62 €/KG","img":"https://fd9-photos.leclercdrive.fr/image.ashx?id=2816154&use=l&cat=p&typeid=i","cat":318651},{"id":19211,"n":"Lentilles Préparées Cassegrain Tendres et Fondants 265g","p":1.65,"u":"6,23 €/KG","img":"https://fd9-photos.leclercdrive.fr/image.ashx?id=2952460&use=l&cat=p&typeid=i","cat":312609},{"id":19231,"n":"Petit Pois Cassegrain Tendres et Fondants 140g","p":1.3,"u":"9,29 €/KG","img":"https://fd9-photos.leclercdrive.fr/image.ashx?id=2912974&use=l&cat=p&typeid=i","cat":312607},{"id":19240,"n":"Fruits au sirop St Mamet Poires Williams - 465g","p":3.18,"u":"6,84 €/KG","img":"https://fd9-photos.leclercdrive.fr/image.ashx?id=2630223&use=l&cat=p&typeid=i","cat":284507},{"id":19255,"n":"Croquettes chat Purina One Light Adulte -Poulet/Blé -1,5kg","p":7.19,"u":"4,79 €/KG","img":"https://fd9-photos.leclercdrive.fr/image.ashx?id=2432010&use=l&cat=p&typeid=i","cat":284680},{"id":19256,"n":"Croquettes chat Purina One Adulte d'intérieur-Dinde -1,5kg","p":7.23,"u":"4,82 €/KG","img":"https://fd9-photos.leclercdrive.fr/image.ashx?id=2902271&use=l&cat=p&typeid=i","cat":284680},{"id":19257,"n":"Croquettes chat Purina One Sensible Adulte-Dinde/Riz-450g","p":2.62,"u":"5,82 €/KG","img":"https://fd9-photos.leclercdrive.fr/image.ashx?id=2459658&use=l&cat=p&typeid=i","cat":284680},{"id":19262,"n":"Thon Saupiquet Mayonnaise - 2x135g","p":2.22,"u":"8,22 €/KG","img":"https://fd9-photos.leclercdrive.fr/image.ashx?id=2681017&use=l&cat=p&typeid=i","cat":303867},{"id":19263,"n":"Filets de maquereaux Saupiquet A la moutarde - 169g","p":2.04,"u":"12,07 €/KG","img":"https://fd9-photos.leclercdrive.fr/image.ashx?id=2829961&use=l&cat=p&typeid=i","cat":303868},{"id":19279,"n":"Sucre de canne Daddy En morceaux - 1kg","p":2.23,"u":"2,23 €/KG","img":"https://fd9-photos.leclercdrive.fr/image.ashx?id=2908576&use=l&cat=p&typeid=i","cat":284502},{"id":19285,"n":"Sauce crudités Rustica Fines herbes - 50cl","p":0.88,"u":"1,76 €/L","img":"https://fd9-photos.leclercdrive.fr/image.ashx?id=1972916&use=l&cat=p&typeid=i","cat":284456},{"id":19293,"n":"Lait céréales bébé Blédiner 12m Carotte pois soir - 2x250ml","p":1.73,"u":"3,46 €/L","img":"https://fd9-photos.leclercdrive.fr/image.ashx?id=2949856&use=l&cat=p&typeid=i","cat":312239},{"id":19296,"n":"Gressins Tokapi Sésame - 125g","p":1.17,"u":"9,36 €/KG","img":"https://fd9-photos.leclercdrive.fr/image.ashx?id=1993574&use=l&cat=p&typeid=i","cat":297000},{"id":19297,"n":"Lait céréales bébé Blédiner 6m Potiron soir - 2x250ml","p":1.77,"u":"3,54 €/L","img":"https://fd9-photos.leclercdrive.fr/image.ashx?id=2960141&use=l&cat=p&typeid=i","cat":312239},{"id":19298,"n":"Gressins Tokapi  Huile d'olive romarin - 125g","p":1.41,"u":"11,28 €/KG","img":"https://fd9-photos.leclercdrive.fr/image.ashx?id=1993577&use=l&cat=p&typeid=i","cat":297000},{"id":19303,"n":"Mini penne Turini 500g","p":0.98,"u":"1,96 €/KG","img":"https://fd9-photos.leclercdrive.fr/image.ashx?id=3015063&use=l&cat=p&typeid=i","cat":284427},{"id":19304,"n":"Mini farfalle Turini 500g","p":1.26,"u":"2,52 €/KG","img":"https://fd9-photos.leclercdrive.fr/image.ashx?id=2607494&use=l&cat=p&typeid=i","cat":284427},{"id":19305,"n":"Pâtes Spaghetti Panzani 3 Minutes - 500G","p":1.2,"u":"2,40 €/KG","img":"https://fd9-photos.leclercdrive.fr/image.ashx?id=3008035&use=l&cat=p&typeid=i","cat":284427},{"id":19308,"n":"Epices pour guacamole Old el paso - 20g","p":1.12,"u":"56,00 €/KG","img":"https://fd9-photos.leclercdrive.fr/image.ashx?id=2858168&use=l&cat=p&typeid=i","cat":288993},{"id":19319,"n":"Cookies Eco+ Pépites de chocolat - 200g","p":0.92,"u":"4,60 €/KG","img":"https://fd9-photos.leclercdrive.fr/image.ashx?id=2821875&use=l&cat=p&typeid=i","cat":325066},{"id":19347,"n":"Allume-feu Silex liquide 1L","p":3.99,"u":"3,99 €/L","img":"https://fd9-photos.leclercdrive.fr/image.ashx?id=2779193&use=l&cat=p&typeid=i","cat":300578},{"id":19353,"n":"Mao Croqui Haribo Sachet bonbons - 250g","p":1.38,"u":"5,52 €/KG","img":"https://fd9-photos.leclercdrive.fr/image.ashx?id=2805192&use=l&cat=p&typeid=i","cat":304250},{"id":19366,"n":"Barres céréales Grany Chocolat - 125g","p":1.81,"u":"14,48 €/KG","img":"https://fd9-photos.leclercdrive.fr/image.ashx?id=2773613&use=l&cat=p&typeid=i","cat":285869},{"id":19368,"n":"Barres céréales Grany Noisettes - 125g","p":1.83,"u":"14,64 €/KG","img":"https://fd9-photos.leclercdrive.fr/image.ashx?id=2773607&use=l&cat=p&typeid=i","cat":285869},{"id":19408,"n":"Soupe Velouté Bio Village Bio Légumes verts - 1L","p":2.42,"u":"2,42 €/L","img":"https://fd9-photos.leclercdrive.fr/image.ashx?id=2352237&use=l&cat=p&typeid=i","cat":284462},{"id":19411,"n":"Compote Allégée en sucres Eco+ Coupelle pomme - 4x100g","p":0.55,"u":"1,38 €/KG","img":"https://fd9-photos.leclercdrive.fr/image.ashx?id=2953188&use=l&cat=p&typeid=i","cat":284508},{"id":19416,"n":"Dessert fruitier Andros Pomme allégé 730g","p":1.28,"u":"1,75 €/KG","img":"https://fd9-photos.leclercdrive.fr/image.ashx?id=2369930&use=l&cat=p&typeid=i","cat":284508},{"id":19418,"n":"Pâtes serpentini Turini 500g","p":0.84,"u":"1,68 €/KG","img":"https://fd9-photos.leclercdrive.fr/image.ashx?id=2744231&use=l&cat=p&typeid=i","cat":284427},{"id":19420,"n":"Pâtes Torsades Turini Nature tomate épinard - 500g","p":1.1,"u":"2,20 €/KG","img":"https://fd9-photos.leclercdrive.fr/image.ashx?id=2607485&use=l&cat=p&typeid=i","cat":284427},{"id":19424,"n":"Spaghetti Turini Au blé complet - 500g","p":0.95,"u":"1,90 €/KG","img":"https://fd9-photos.leclercdrive.fr/image.ashx?id=2607497&use=l&cat=p&typeid=i","cat":284427},{"id":19426,"n":"Gâteaux L'Ourson Lulu LU Chocolat - 150g","p":1.3,"u":"8,67 €/KG","img":"https://fd9-photos.leclercdrive.fr/image.ashx?id=3014425&use=l&cat=p&typeid=i","cat":284495},{"id":19427,"n":"Pâtes penne Turini Blé complet - 500g","p":1.0,"u":"2,00 €/KG","img":"https://fd9-photos.leclercdrive.fr/image.ashx?id=2607500&use=l&cat=p&typeid=i","cat":284427},{"id":19432,"n":"Pains au chocolat Eco+ x10 - 450g","p":1.55,"u":"3,44 €/KG","img":"https://fd9-photos.leclercdrive.fr/image.ashx?id=2927833&use=l&cat=p&typeid=i","cat":296366},{"id":19440,"n":"Flageolets d'aucy  Extra-fins - 530g","p":1.85,"u":"3,49 €/KG","img":"https://fd9-photos.leclercdrive.fr/image.ashx?id=2486152&use=l&cat=p&typeid=i","cat":312606},{"id":19463,"n":"Sticks dentaires Lydog Moyen chien - x7 - 180g","p":1.39,"u":"7,72 €/KG","img":"https://fd9-photos.leclercdrive.fr/image.ashx?id=1878598&use=l&cat=p&typeid=i","cat":294527},{"id":19464,"n":"Carottes rondelles D'aucy  240g","p":0.97,"u":"4,04 €/KG","img":"https://fd9-photos.leclercdrive.fr/image.ashx?id=2503431&use=l&cat=p&typeid=i","cat":312607},{"id":19491,"n":"Couscous tunisien Côté Table Kefta merguez - 300g","p":2.19,"u":"7,30 €/KG","img":"https://fd9-photos.leclercdrive.fr/image.ashx?id=2900097&use=l&cat=p&typeid=i","cat":284953},{"id":19493,"n":"Colin d'alaska Côté Table Barquette micro-ondable 300g","p":1.99,"u":"6,63 €/KG","img":"https://fd9-photos.leclercdrive.fr/image.ashx?id=2770311&use=l&cat=p&typeid=i","cat":284953},{"id":19542,"n":"Filets de saumon rose Findus Pacifique - MSC - x4 - 400g","p":11.31,"u":"28,28 €/KG","img":"https://fd9-photos.leclercdrive.fr/image.ashx?id=2735326&use=l&cat=p&typeid=i","cat":319786},{"id":19601,"n":"Gâteaux marbrés P'tit Déli x14 378g","p":2.97,"u":"7,86 €/KG","img":"https://fd9-photos.leclercdrive.fr/image.ashx?id=1947363&use=l&cat=p&typeid=i","cat":284495},{"id":19604,"n":"Gâteaux P'tit Déli A base de yaourt x7 - 189g","p":1.88,"u":"9,95 €/KG","img":"https://fd9-photos.leclercdrive.fr/image.ashx?id=2059086&use=l&cat=p&typeid=i","cat":294776},{"id":19609,"n":"Tuiles Tokapi Fromage - 170g","p":1.39,"u":"8,18 €/KG","img":"https://fd9-photos.leclercdrive.fr/image.ashx?id=2647426&use=l&cat=p&typeid=i","cat":287899},{"id":19611,"n":"Soupe Velouté Régal Soupe Tomates - 2x30cl","p":1.45,"u":"2,42 €/L","img":"https://fd9-photos.leclercdrive.fr/image.ashx?id=2819271&use=l&cat=p&typeid=i","cat":284462},{"id":19617,"n":"Soupe Boeuf tomates Régal Soupe Vermicelles - 54g","p":0.99,"u":"18,33 €/KG","img":"https://fd9-photos.leclercdrive.fr/image.ashx?id=2663278&use=l&cat=p&typeid=i","cat":284463},{"id":19622,"n":"Soupe Minestrone Régal Soupe Déshydratée - 104g","p":0.68,"u":"6,54 €/KG","img":"https://fd9-photos.leclercdrive.fr/image.ashx?id=2663275&use=l&cat=p&typeid=i","cat":284463},{"id":19659,"n":"Poêlée landaise Côté Table Surgelée - 900g","p":5.79,"u":"6,43 €/KG","img":"https://fd9-photos.leclercdrive.fr/image.ashx?id=2762629&use=l&cat=p&typeid=i","cat":319823},{"id":19660,"n":"Cordons bleus Pic'Express Au poulet 4x100g","p":3.62,"u":"9,05 €/KG","img":"https://fd9-photos.leclercdrive.fr/image.ashx?id=2852949&use=l&cat=p&typeid=i","cat":319780},{"id":19699,"n":"Sucre pure canne blond Beghin Say - 1kg","p":3.04,"u":"3,04 €/KG","img":"https://fd9-photos.leclercdrive.fr/image.ashx?id=2977321&use=l&cat=p&typeid=i","cat":284502},{"id":19702,"n":"Sucre en poudre Béghin Say 750g","p":1.72,"u":"2,29 €/KG","img":"https://fd9-photos.leclercdrive.fr/image.ashx?id=2866352&use=l&cat=p&typeid=i","cat":284502},{"id":19723,"n":"Sacs congélation zip Elembal Grand x15","p":1.8,"u":"0,12 €/P","img":"https://fd9-photos.leclercdrive.fr/image.ashx?id=2751889&use=l&cat=p&typeid=i","cat":334134},{"id":19729,"n":"Biscuit P'tit Déli Palmiers Chocolat au lait 110g","p":1.25,"u":"11,36 €/KG","img":"https://fd9-photos.leclercdrive.fr/image.ashx?id=2573403&use=l&cat=p&typeid=i","cat":284488},{"id":19732,"n":"Les p'tites spirales P'tit Déli Chocolat  x6 - 150g","p":1.35,"u":"9,00 €/KG","img":"https://fd9-photos.leclercdrive.fr/image.ashx?id=2660422&use=l&cat=p&typeid=i","cat":284495},{"id":19743,"n":"Déodorant atomiseur Carré Homme Musc 200ml","p":1.35,"u":"6,75 €/L","img":"https://fd9-photos.leclercdrive.fr/image.ashx?id=2375998&use=l&cat=p&typeid=i","cat":284618},{"id":19744,"n":"Déodorant atomiseur Carré Homme Marine 200ml","p":1.35,"u":"6,75 €/L","img":"https://fd9-photos.leclercdrive.fr/image.ashx?id=2390707&use=l&cat=p&typeid=i","cat":284618},{"id":19750,"n":"Cotons Duo Démaquillants Inell Duo carré - Disques x50","p":1.24,"u":"0,02 €/P","img":"https://fd9-photos.leclercdrive.fr/image.ashx?id=1709937&use=l&cat=p&typeid=i","cat":285593},{"id":19758,"n":"Essuie-tout Bobine Uni Vert Compact - 500 feuilles x1","p":4.5,"img":"https://fd9-photos.leclercdrive.fr/image.ashx?id=2684826&use=l&cat=p&typeid=i","cat":284635},{"id":19788,"n":"Stick lèvres Inell Hydratant - 2 pièces","p":1.5,"u":"0,75 €/P","img":"https://fd9-photos.leclercdrive.fr/image.ashx?id=2776042&use=l&cat=p&typeid=i","cat":285485},{"id":19796,"n":"Papier aluminium Elembal 30m","p":2.76,"img":"https://fd9-photos.leclercdrive.fr/image.ashx?id=2854231&use=l&cat=p&typeid=i","cat":334134},{"id":19798,"n":"Dissolvant doux Inell Sans acétone - 150ml","p":1.42,"u":"9,47 €/L","img":"https://fd9-photos.leclercdrive.fr/image.ashx?id=2691640&use=l&cat=p&typeid=i","cat":325347},{"id":19814,"n":"Piles alcalines Foxter AA/LR6 1,5V - x8","p":1.69,"u":"0,21 €/P","img":"https://fd9-photos.leclercdrive.fr/image.ashx?id=2162174&use=l&cat=p&typeid=i","cat":300572},{"id":19815,"n":"Piles alcalines Foxter AAA/LR3 1,5V - x8","p":1.69,"img":"https://fd9-photos.leclercdrive.fr/image.ashx?id=2162153&use=l&cat=p&typeid=i","cat":300572},{"id":19856,"n":"Pâtes Barilla Coquillettes - 1kg","p":1.86,"u":"1,86 €/KG","img":"https://fd9-photos.leclercdrive.fr/image.ashx?id=2392230&use=l&cat=p&typeid=i","cat":284427},{"id":19868,"n":"Gâteau de riz Délisse 500g","p":1.79,"u":"3,58 €/KG","img":"https://fd9-photos.leclercdrive.fr/image.ashx?id=2583864&use=l&cat=p&typeid=i","cat":284418},{"id":19870,"n":"Riz au lait la Laitière Saveur vanille - 500g","p":1.84,"u":"3,68 €/KG","img":"https://fd9-photos.leclercdrive.fr/image.ashx?id=2692716&use=l&cat=p&typeid=i","cat":284418},{"id":19874,"n":"Clafoutis La Laitière Aux cerises - 4x85g","p":2.62,"u":"7,71 €/KG","img":"https://fd9-photos.leclercdrive.fr/image.ashx?id=2628230&use=l&cat=p&typeid=i","cat":284419},{"id":19875,"n":"Clafoutis La Laitière Aux abricots - 4x85g","p":2.63,"u":"7,74 €/KG","img":"https://fd9-photos.leclercdrive.fr/image.ashx?id=3007975&use=l&cat=p&typeid=i","cat":284419},{"id":19879,"n":"Liégois Délisse Framboise - 4x100g","p":1.69,"u":"4,23 €/KG","img":"https://fd9-photos.leclercdrive.fr/image.ashx?id=2694280&use=l&cat=p&typeid=i","cat":285042},{"id":19881,"n":"Dés Salakis herbes de Provence Fromage brebis - 300g","p":3.34,"u":"11,13 €/KG","img":"https://fd9-photos.leclercdrive.fr/image.ashx?id=2729686&use=l&cat=p&typeid=i","cat":314026},{"id":19903,"n":"Camembert portion Président 8 pièces - 240g","p":3.09,"u":"12,88 €/KG","img":"https://fd9-photos.leclercdrive.fr/image.ashx?id=2870377&use=l&cat=p&typeid=i","cat":314033},{"id":19913,"n":"Mousse liégeoise Viennois  Chocolat - 4x90g","p":1.64,"u":"4,56 €/KG","img":"https://fd9-photos.leclercdrive.fr/image.ashx?id=2785172&use=l&cat=p&typeid=i","cat":285042},{"id":19920,"n":"Dessert aux fruits Sojasun Morceaux de cerises - 4x100g","p":1.68,"u":"4,20 €/P","img":"https://fd9-photos.leclercdrive.fr/image.ashx?id=2355677&use=l&cat=p&typeid=i","cat":316071},{"id":19932,"n":"Yaourts allégés Sveltesse  Saveur Crème brûlée 4x125g","p":1.49,"u":"2,98 €/KG","img":"https://fd9-photos.leclercdrive.fr/image.ashx?id=2483843&use=l&cat=p&typeid=i","cat":284419},{"id":19933,"n":"Pizza Crousti-moelleuse Marie Royale - 3x400g","p":6.94,"u":"5,78 €/KG","img":"https://fd9-photos.leclercdrive.fr/image.ashx?id=2996800&use=l&cat=p&typeid=i","cat":284256},{"id":19935,"n":"Pizza Crousti-moelleuse Marie 4 fromages - 3x390g","p":6.6,"u":"5,64 €/KG","img":"https://fd9-photos.leclercdrive.fr/image.ashx?id=2996803&use=l&cat=p&typeid=i","cat":284256},{"id":19936,"n":"Yaourts allégés Sveltesse  Citron - 4x125g","p":1.33,"u":"2,66 €/KG","img":"https://fd9-photos.leclercdrive.fr/image.ashx?id=1556845&use=l&cat=p&typeid=i","cat":286006},{"id":19941,"n":"Pur jus d'orange Jafaden Avec pulpe - 1L","p":2.45,"u":"2,45 €/L","img":"https://fd9-photos.leclercdrive.fr/image.ashx?id=2395258&use=l&cat=p&typeid=i","cat":285435},{"id":19947,"n":"La Faisselle Rians 0%MG -  4x100g","p":2.34,"u":"5,85 €/KG","img":"https://fd9-photos.leclercdrive.fr/image.ashx?id=2482192&use=l&cat=p&typeid=i","cat":315000},{"id":19948,"n":"fromage blanc sous mousse gervita fraise melba - 4x100g","p":2.17,"u":"5,43 €/KG","img":"https://fd9-photos.leclercdrive.fr/image.ashx?id=2103400&use=l&cat=p&typeid=i","cat":284409},{"id":19957,"n":"Purée brocolis Notre Jardin Nature 750g","p":1.69,"u":"2,25 €/KG","img":"https://fd9-photos.leclercdrive.fr/image.ashx?id=2856163&use=l&cat=p&typeid=i","cat":319805},{"id":19965,"n":"yaourt aux fruits rouges danone recette crémeuse - 8x125g","p":2.92,"u":"2,92 €/KG","img":"https://fd9-photos.leclercdrive.fr/image.ashx?id=1731503&use=l&cat=p&typeid=i","cat":284410},{"id":19991,"n":"Fromage frais Délisse Fruits panachés - 6x100g","p":2.56,"u":"4,27 €/KG","img":"https://fd9-photos.leclercdrive.fr/image.ashx?id=2913669&use=l&cat=p&typeid=i","cat":284414},{"id":19993,"n":"Crème dessert Délisse Vanille sur lit chocolat 4x125g","p":1.42,"u":"2,84 €/KG","img":"https://fd9-photos.leclercdrive.fr/image.ashx?id=2841950&use=l&cat=p&typeid=i","cat":285041},{"id":20008,"n":"Compote Andros Pomme nature - 12x100g","p":2.99,"u":"2,49 €/KG","img":"https://fd9-photos.leclercdrive.fr/image.ashx?id=2989114&use=l&cat=p&typeid=i","cat":284416},{"id":20013,"n":"Compote Charles & Alice Pommes Abricots - 4x100g","p":1.46,"u":"3,65 €/KG","img":"https://fd9-photos.leclercdrive.fr/image.ashx?id=2757350&use=l&cat=p&typeid=i","cat":284416},{"id":20015,"n":"Compote Charles & Alice Pommes Pêches - 4x100g","p":1.61,"u":"4,03 €/KG","img":"https://fd9-photos.leclercdrive.fr/image.ashx?id=2757680&use=l&cat=p&typeid=i","cat":284416},{"id":20032,"n":"Whisky Jack Daniel's Old N°7 1L","p":29.65,"u":"29,65 €/L","img":"https://fd9-photos.leclercdrive.fr/image.ashx?id=2805189&use=l&cat=p&typeid=i","cat":284547},{"id":20038,"n":"Crème aux œufs La Laitière lit de caramel - 4x100g","p":1.85,"u":"4,63 €/KG","img":"https://fd9-photos.leclercdrive.fr/image.ashx?id=2744593&use=l&cat=p&typeid=i","cat":284419},{"id":20043,"n":"Gâteaux de riz La Laitière   Caramel - 4x100g","p":2.82,"u":"7,05 €/KG","img":"https://fd9-photos.leclercdrive.fr/image.ashx?id=2630202&use=l&cat=p&typeid=i","cat":284418},{"id":20052,"n":"Spiritueux Kirsch Sylvain 18%vol sous blister 20cl","p":2.46,"u":"12,30 €/L","img":"https://fd9-photos.leclercdrive.fr/image.ashx?id=2962239&use=l&cat=p&typeid=i","cat":286032},{"id":20056,"n":"Calvados Busnel 40%vol - sous blister - 20cl","p":4.64,"u":"23,20 €/L","img":"https://fd9-photos.leclercdrive.fr/image.ashx?id=2955158&use=l&cat=p&typeid=i","cat":286032},{"id":20058,"n":"Madère Cruz 17%vol sous blister 20cl","p":3.01,"u":"15,05 €/L","img":"https://fd9-photos.leclercdrive.fr/image.ashx?id=2484044&use=l&cat=p&typeid=i","cat":284913},{"id":20075,"n":"Corned beef Hereford 340g","p":3.46,"u":"10,18 €/KG","img":"https://fd9-photos.leclercdrive.fr/image.ashx?id=2896946&use=l&cat=p&typeid=i","cat":305149},{"id":20085,"n":"Bière bleue Chimay Brune - 9%vol. - 33cl","p":1.8,"u":"5,45 €/L","img":"https://fd9-photos.leclercdrive.fr/image.ashx?id=1758849&use=l&cat=p&typeid=i","cat":334872},{"id":20138,"n":"Chips Pom'Lisse Nature - 200g","p":1.19,"u":"5,95 €/KG","img":"https://fd9-photos.leclercdrive.fr/image.ashx?id=2710783&use=l&cat=p&typeid=i","cat":284447},{"id":20146,"n":"Brique de brebis Les Croisés 150g","p":2.45,"u":"16,33 €/KG","img":"https://fd9-photos.leclercdrive.fr/image.ashx?id=2645903&use=l&cat=p&typeid=i","cat":314031},{"id":20172,"n":"Petits pots bébé P'TIT SOUPER Aubergine pâtes 8M+ - 2x200g","p":2.26,"u":"5,65 €/KG","img":"https://fd9-photos.leclercdrive.fr/image.ashx?id=2526511&use=l&cat=p&typeid=i","cat":312239},{"id":20175,"n":"Petits pots bébé P'TIT SOUPER  7 légumes 8M+ - 2x200g","p":1.72,"u":"4,30 €/KG","img":"https://fd9-photos.leclercdrive.fr/image.ashx?id=2526508&use=l&cat=p&typeid=i","cat":312239},{"id":20180,"n":"Crème Fraîche Elle&Vire Epaisse Légère - 12% MG - 33cl","p":1.67,"u":"5,06 €/L","img":"https://fd9-photos.leclercdrive.fr/image.ashx?id=2871949&use=l&cat=p&typeid=i","cat":284381},{"id":20183,"n":"Emmental français Entremont 45%mg - 250g","p":2.82,"u":"11,28 €/KG","img":"https://fd9-photos.leclercdrive.fr/image.ashx?id=2983138&use=l&cat=p&typeid=i","cat":314034},{"id":20195,"n":"Camembert Isigny Ste Mère Au lait cru - 250g","p":3.45,"u":"13,80 €/KG","img":"https://fd9-photos.leclercdrive.fr/image.ashx?id=2284415&use=l&cat=p&typeid=i","cat":314033},{"id":20213,"n":"Camembert Cœur de Lion  8 portions - 240g","p":2.75,"u":"11,46 €/KG","img":"https://fd9-photos.leclercdrive.fr/image.ashx?id=2767962&use=l&cat=p&typeid=i","cat":314033},{"id":20214,"n":"Mousse Délisse Caramel beurre salé - 4x60g","p":1.44,"u":"6,00 €/KG","img":"https://fd9-photos.leclercdrive.fr/image.ashx?id=3009511&use=l&cat=p&typeid=i","cat":284417},{"id":20220,"n":"Flan Délisse Chocolat - 12x100g","p":3.45,"u":"2,88 €/KG","img":"https://fd9-photos.leclercdrive.fr/image.ashx?id=2362264&use=l&cat=p&typeid=i","cat":284420},{"id":20223,"n":"Riz au lait Délisse  Nature - 4x115g","p":1.42,"u":"3,09 €/KG","img":"https://fd9-photos.leclercdrive.fr/image.ashx?id=2595104&use=l&cat=p&typeid=i","cat":284418},{"id":20228,"n":"Crème aux oeufs Délisse Lit caramel - 4x100g","p":1.59,"u":"3,98 €/KG","img":"https://fd9-photos.leclercdrive.fr/image.ashx?id=2970616&use=l&cat=p&typeid=i","cat":284419},{"id":20230,"n":"Semoule au lait Délisse Vanille - 8x115g","p":2.16,"u":"2,35 €/KG","img":"https://fd9-photos.leclercdrive.fr/image.ashx?id=2558380&use=l&cat=p&typeid=i","cat":284418},{"id":20239,"n":"Gâteaux fourrés P'tit Déli Chocolat x7 - 189g","p":2.18,"u":"11,53 €/KG","img":"https://fd9-photos.leclercdrive.fr/image.ashx?id=2554517&use=l&cat=p&typeid=i","cat":284495},{"id":20252,"n":"Persil plat Florette 11g","p":1.62,"u":"147,27 €/KG","img":"https://fd9-photos.leclercdrive.fr/image.ashx?id=2645831&use=l&cat=p&typeid=i","cat":293607},{"id":20267,"n":"Compote bio Bio Village Coupelle pomme poire - 4x100g","p":2.29,"u":"5,73 €/KG","img":"https://fd9-photos.leclercdrive.fr/image.ashx?id=2442710&use=l&cat=p&typeid=i","cat":284508},{"id":20291,"n":"Déodorant bille Manava Vanille 50ml","p":1.29,"u":"25,80 €/L","img":"https://fd9-photos.leclercdrive.fr/image.ashx?id=1865295&use=l&cat=p&typeid=i","cat":284595},{"id":20300,"n":"Tarte Tomates Chèvre Courgette Côté Table - 400g","p":2.8,"u":"7,00 €/KG","img":"https://fd9-photos.leclercdrive.fr/image.ashx?id=2791767&use=l&cat=p&typeid=i","cat":284257},{"id":20306,"n":"Rillettes crabe Ronde des Mers 150g","p":1.99,"u":"13,27 €/KG","img":"https://fd9-photos.leclercdrive.fr/image.ashx?id=2981876&use=l&cat=p&typeid=i","cat":285191},{"id":20309,"n":"Jambon supérieur Tradilège -25% de sel - Découenné x4-160g","p":1.95,"u":"12,19 €/KG","img":"https://fd9-photos.leclercdrive.fr/image.ashx?id=2991518&use=l&cat=p&typeid=i","cat":316009},{"id":20376,"n":"Colin d'Alaska Marie Beurre citron thym - 400g","p":4.35,"u":"10,88 €/KG","img":"https://fd9-photos.leclercdrive.fr/image.ashx?id=2996809&use=l&cat=p&typeid=i","cat":319786},{"id":20380,"n":"Jambon cru 6 tranches Aoste sans conservateur - 165g","p":4.72,"u":"28,61 €/KG","img":"https://fd9-photos.leclercdrive.fr/image.ashx?id=2950285&use=l&cat=p&typeid=i","cat":316007},{"id":20413,"n":"Petites gambas fettucine Marie Au pesto tomates confites 280g","p":3.28,"u":"11,71 €/KG","img":"https://fd9-photos.leclercdrive.fr/image.ashx?id=2921537&use=l&cat=p&typeid=i","cat":333665},{"id":20414,"n":"Essuie-tout blanc Mimosa Super absorbant - x2","p":2.75,"u":"1,38 €/P","img":"https://fd9-photos.leclercdrive.fr/image.ashx?id=2752619&use=l&cat=p&typeid=i","cat":284635},{"id":20429,"n":"Clafoutis aux cerises Délisse 4x85g","p":2.25,"u":"6,62 €/KG","img":"https://fd9-photos.leclercdrive.fr/image.ashx?id=2891776&use=l&cat=p&typeid=i","cat":284419},{"id":20447,"n":"Chips Pom'lisse Nature - 350g","p":1.89,"u":"5,40 €/KG","img":"https://fd9-photos.leclercdrive.fr/image.ashx?id=2710786&use=l&cat=p&typeid=i","cat":284447},{"id":20452,"n":"Paëlla Valenciana Fleury Michon 400g","p":3.54,"u":"8,85 €/KG","img":"https://fd9-photos.leclercdrive.fr/image.ashx?id=2656739&use=l&cat=p&typeid=i","cat":333665},{"id":20468,"n":"Blanc de poulet Fleury Michon -25% de sel - x2 - 80g","p":1.42,"u":"17,75 €/KG","img":"https://fd9-photos.leclercdrive.fr/image.ashx?id=2885971&use=l&cat=p&typeid=i","cat":316010},{"id":20484,"n":"AOP Cabernet d'Anjou rosé Plessis-Duval - 75cl","p":4.6,"u":"6,13 €/L","img":"https://fd9-photos.leclercdrive.fr/image.ashx?id=2941035&use=l&cat=p&typeid=i","cat":289558},{"id":20495,"n":"Boisson Jafaden Cranberry Light - 1L","p":1.59,"u":"1,59 €/L","img":"https://fd9-photos.leclercdrive.fr/image.ashx?id=2584014&use=l&cat=p&typeid=i","cat":284915},{"id":20501,"n":"Yaourts aux fruits Délisse Fruits Jaunes - 8x125g","p":2.29,"u":"2,29 €/KG","img":"https://fd9-photos.leclercdrive.fr/image.ashx?id=2533319&use=l&cat=p&typeid=i","cat":284410},{"id":20545,"n":"Haricots verts Bio Bio Village 600g","p":1.46,"u":"2,43 €/KG","img":"https://fd9-photos.leclercdrive.fr/image.ashx?id=2891812&use=l&cat=p&typeid=i","cat":319805},{"id":20618,"n":"Macaroni Lustucru Aux œufs - 4x250g","p":3.75,"u":"3,75 €/KG","img":"https://fd9-photos.leclercdrive.fr/image.ashx?id=2379763&use=l&cat=p&typeid=i","cat":284427},{"id":20634,"n":"Lait céréales Blédidej 6 mois Vanille - 4x250ml","p":3.44,"u":"3,44 €/L","img":"https://fd9-photos.leclercdrive.fr/image.ashx?id=2921046&use=l&cat=p&typeid=i","cat":312226},{"id":20648,"n":"Maquereaux Pêche Océan Moutarde à l'ancienne - 169g","p":1.66,"u":"9,82 €/KG","img":"https://fd9-photos.leclercdrive.fr/image.ashx?id=2515676&use=l&cat=p&typeid=i","cat":303868},{"id":20683,"n":"Pommes duchesse Pom'lisse 750g","p":1.29,"u":"1,72 €/KG","img":"https://fd9-photos.leclercdrive.fr/image.ashx?id=2851577&use=l&cat=p&typeid=i","cat":319792},{"id":20684,"n":"Cordon bleu de poulet Eco+ 800g","p":3.9,"u":"4,88 €/KG","img":"https://fd9-photos.leclercdrive.fr/image.ashx?id=2779871&use=l&cat=p&typeid=i","cat":319780},{"id":20685,"n":"Purée 4 légumes Notre Jardin 750g","p":2.24,"u":"2,99 €/KG","img":"https://fd9-photos.leclercdrive.fr/image.ashx?id=2856160&use=l&cat=p&typeid=i","cat":319805},{"id":20686,"n":"Haricots plats Notre Jardin 1kg","p":1.79,"u":"1,79 €/KG","img":"https://fd9-photos.leclercdrive.fr/image.ashx?id=2431122&use=l&cat=p&typeid=i","cat":319805},{"id":20688,"n":"Tagliatelles carbonara Marie 330g","p":3.08,"u":"9,33 €/KG","img":"https://fd9-photos.leclercdrive.fr/image.ashx?id=2980920&use=l&cat=p&typeid=i","cat":333665},{"id":20692,"n":"Filet de saumon Fleury Michon purée de brocolis - 300g","p":3.84,"u":"12,80 €/KG","img":"https://fd9-photos.leclercdrive.fr/image.ashx?id=3003278&use=l&cat=p&typeid=i","cat":333665},{"id":20696,"n":"Sandwich Club Sodebo Simple&Bon  Jambon Emmental - 145g","p":1.44,"u":"9,93 €/KG","img":"https://fd9-photos.leclercdrive.fr/image.ashx?id=2851497&use=l&cat=p&typeid=i","cat":333658},{"id":20697,"n":"Sandwich Suédois Sodebo Jambon Cheddar 135g","p":1.64,"u":"12,15 €/KG","img":"https://fd9-photos.leclercdrive.fr/image.ashx?id=2912095&use=l&cat=p&typeid=i","cat":333658},{"id":20700,"n":"Macaroni sauce tomate Marie Boulettes de viande 280g","p":2.84,"u":"10,14 €/KG","img":"https://fd9-photos.leclercdrive.fr/image.ashx?id=2980968&use=l&cat=p&typeid=i","cat":333665},{"id":20705,"n":"Salade Notre Jardin Coeurs de laitue - 70g","p":0.89,"u":"12,71 €/KG","img":"https://fd9-photos.leclercdrive.fr/image.ashx?id=2720166&use=l&cat=p&typeid=i","cat":284353},{"id":20706,"n":"Salade Notre jardin Bouquets de Mâche - 45g","p":0.61,"u":"13,56 €/KG","img":"https://fd9-photos.leclercdrive.fr/image.ashx?id=2096667&use=l&cat=p&typeid=i","cat":284353},{"id":20721,"n":"Epinards Bonduelle Feuilles préservées - 750g","p":2.29,"u":"3,05 €/KG","img":"https://fd9-photos.leclercdrive.fr/image.ashx?id=2910028&use=l&cat=p&typeid=i","cat":319805},{"id":20724,"n":"Cheeseburger Charal 6x140g - 840g","p":8.95,"u":"10,65 €/KG","img":"https://fd9-photos.leclercdrive.fr/image.ashx?id=2741952&use=l&cat=p&typeid=i","cat":319822},{"id":20744,"n":"Philadelphia Nature - 150g","p":1.73,"u":"11,53 €/KG","img":"https://fd9-photos.leclercdrive.fr/image.ashx?id=1586142&use=l&cat=p&typeid=i","cat":314029},{"id":20753,"n":"Mouchoirs The Original Kleenex® Etuis mini x24","p":2.97,"u":"0,12 €/P","img":"https://fd9-photos.leclercdrive.fr/image.ashx?id=2840301&use=l&cat=p&typeid=i","cat":284638},{"id":20758,"n":"Riz cantonais Tables du Monde 900g","p":3.99,"u":"4,43 €/KG","img":"https://fd9-photos.leclercdrive.fr/image.ashx?id=2903953&use=l&cat=p&typeid=i","cat":284254},{"id":20760,"n":"Légumes vapeurs Notre Jardin 2x200g","p":2.47,"u":"6,18 €/KG","img":"https://fd9-photos.leclercdrive.fr/image.ashx?id=2900106&use=l&cat=p&typeid=i","cat":319805},{"id":20772,"n":"Salade pâtes Poulet Roti 250g - Côté Snack","p":2.25,"u":"9,00 €/KG","img":"https://fd9-photos.leclercdrive.fr/image.ashx?id=2900644&use=l&cat=p&typeid=i","cat":333657},{"id":20775,"n":"Carottes râpées Menu Fraîcheur  1kg","p":1.98,"u":"1,98 €/KG","img":"https://fd9-photos.leclercdrive.fr/image.ashx?id=2850814&use=l&cat=p&typeid=i","cat":333657},{"id":20776,"n":"Taboulé Menu Fraîcheur A l'orientale - 1kg","p":2.77,"u":"2,77 €/KG","img":"https://fd9-photos.leclercdrive.fr/image.ashx?id=2846559&use=l&cat=p&typeid=i","cat":333657},{"id":20777,"n":"Piémontaise Menu Fraîcheur  Au jambon - 1kg","p":4.27,"u":"4,27 €/KG","img":"https://fd9-photos.leclercdrive.fr/image.ashx?id=2965488&use=l&cat=p&typeid=i","cat":333657},{"id":20785,"n":"Graisse de canard Montfort 320g","p":3.45,"u":"10,78 €/KG","img":"https://fd9-photos.leclercdrive.fr/image.ashx?id=2896156&use=l&cat=p&typeid=i","cat":316008},{"id":20811,"n":"Couronne de crevettes Delpierre ASC Sauce cocktail - 130g","p":5.35,"u":"41,15 €/KG","img":"https://fd9-photos.leclercdrive.fr/image.ashx?id=2958851&use=l&cat=p&typeid=i","cat":327284},{"id":20840,"n":"Yaourts Mamie Nova Panaché de fruits - 6x150g","p":3.39,"u":"3,77 €/KG","img":"https://fd9-photos.leclercdrive.fr/image.ashx?id=2886954&use=l&cat=p&typeid=i","cat":284410},{"id":20858,"n":"Saucisses de Toulouse Férial x4 - 500g","p":4.16,"u":"8,32 €/KG","img":"https://fd9-photos.leclercdrive.fr/image.ashx?id=2590538&use=l&cat=p&typeid=i","cat":284334},{"id":20862,"n":"Sauce Provençale Turini 190g","p":0.58,"u":"3,05 €/KG","img":"https://fd9-photos.leclercdrive.fr/image.ashx?id=2386152&use=l&cat=p&typeid=i","cat":287599},{"id":20880,"n":"Le Parmentier de saumon Maison Briau - 750g","p":7.48,"u":"9,97 €/KG","img":"https://fd9-photos.leclercdrive.fr/image.ashx?id=2850605&use=l&cat=p&typeid=i","cat":333666},{"id":20881,"n":"La Brandade de morue  Maison Briau - 750g","p":7.9,"u":"10,53 €/KG","img":"https://fd9-photos.leclercdrive.fr/image.ashx?id=2850602&use=l&cat=p&typeid=i","cat":285094},{"id":20882,"n":"Colin pané Alaska Cité Marine MSC - 200g","p":1.64,"u":"8,20 €/KG","img":"https://fd9-photos.leclercdrive.fr/image.ashx?id=2844142&use=l&cat=p&typeid=i","cat":284344},{"id":20986,"n":"Sauce Napolitaine Turini 190g","p":0.85,"u":"4,47 €/KG","img":"https://fd9-photos.leclercdrive.fr/image.ashx?id=2552430&use=l&cat=p&typeid=i","cat":287599},{"id":21017,"n":"Poisson Pané Findus  Colin d'Alaska - x10 - 510g","p":4.2,"u":"8,24 €/KG","img":"https://fd9-photos.leclercdrive.fr/image.ashx?id=2735332&use=l&cat=p&typeid=i","cat":319788},{"id":21027,"n":"Sauce bolognaise Turini 190g","p":0.85,"u":"4,47 €/KG","img":"https://fd9-photos.leclercdrive.fr/image.ashx?id=2634869&use=l&cat=p&typeid=i","cat":287599},{"id":21222,"n":"Déodorant Bille Homme Nivea Men Dry Impact 72H - 50ml","p":1.83,"u":"36,60 €/L","img":"https://fd9-photos.leclercdrive.fr/image.ashx?id=2865995&use=l&cat=p&typeid=i","cat":284618},{"id":21223,"n":"Déodorant Bille Homme Nivea Men Cool Kick 48H - 50ml","p":2.22,"u":"44,40 €/L","img":"https://fd9-photos.leclercdrive.fr/image.ashx?id=2945727&use=l&cat=p&typeid=i","cat":284618},{"id":21241,"n":"Spirales Insectivor Anti-moustiques - x10","p":1.73,"u":"0,17 €/P","img":"https://fd9-photos.leclercdrive.fr/image.ashx?id=2675682&use=l&cat=p&typeid=i","cat":298368},{"id":21244,"n":"Pièges anti-fourmis Insectivor x2","p":3.34,"u":"1,67 €/P","img":"https://fd9-photos.leclercdrive.fr/image.ashx?id=2302725&use=l&cat=p&typeid=i","cat":298368},{"id":21246,"n":"Pièges Insectivor Anti-mites alimentaires - x2","p":2.76,"u":"1,38 €/P","img":"https://fd9-photos.leclercdrive.fr/image.ashx?id=2884237&use=l&cat=p&typeid=i","cat":298368},{"id":21400,"n":"Fromage Chaource Lincet AOP 250g","p":3.73,"u":"14,92 €/KG","img":"https://fd9-photos.leclercdrive.fr/image.ashx?id=2936503&use=l&cat=p&typeid=i","cat":329558},{"id":21485,"n":"Eau gazeuse La Pétillante Naturelle - 6x1L","p":2.34,"u":"0,39 €/L","img":"https://fd9-photos.leclercdrive.fr/image.ashx?id=2452966&use=l&cat=p&typeid=i","cat":284536},{"id":21512,"n":"Le Délice de Bourgogne Lincet 200g","p":3.41,"u":"17,05 €/KG","img":"https://fd9-photos.leclercdrive.fr/image.ashx?id=2921663&use=l&cat=p&typeid=i","cat":329558},{"id":21564,"n":"Blanc de boeuf Vamo 1kg","p":5.05,"u":"5,05 €/KG","img":"https://fd9-photos.leclercdrive.fr/image.ashx?id=2217780&use=l&cat=p&typeid=i","cat":333666},{"id":21572,"n":"Baguette La Boulangère Viennoise fendue 340g","p":1.42,"u":"4,18 €/KG","img":"https://fd9-photos.leclercdrive.fr/image.ashx?id=2912392&use=l&cat=p&typeid=i","cat":284985},{"id":21573,"n":"Bonbons LUTTI Arlequin Original 250g","p":1.42,"u":"5,68 €/KG","img":"https://fd9-photos.leclercdrive.fr/image.ashx?id=2817422&use=l&cat=p&typeid=i","cat":304252},{"id":21584,"n":"Olives noires Crespo Dénoyautées - 170g","p":1.45,"u":"8,53 €/KG","img":"https://fd9-photos.leclercdrive.fr/image.ashx?id=2616892&use=l&cat=p&typeid=i","cat":284458},{"id":21592,"n":"Filets de cabillaud Findus MSC - x10 - 510g","p":7.5,"u":"14,71 €/KG","img":"https://fd9-photos.leclercdrive.fr/image.ashx?id=2735329&use=l&cat=p&typeid=i","cat":319788},{"id":21606,"n":"Cornichons Maille extra fins 380g","p":3.09,"u":"8,13 €/KG","img":"https://fd9-photos.leclercdrive.fr/image.ashx?id=2945826&use=l&cat=p&typeid=i","cat":284458},{"id":21609,"n":"Cornichons Extra-Fins MAILLE 220g","p":2.29,"u":"10,41 €/KG","img":"https://fd9-photos.leclercdrive.fr/image.ashx?id=2945823&use=l&cat=p&typeid=i","cat":284458},{"id":21612,"n":"Liquide vaisselle Eco+ Citron 1L","p":0.66,"u":"0,66 €/L","img":"https://fd9-photos.leclercdrive.fr/image.ashx?id=2874368&use=l&cat=p&typeid=i","cat":284655},{"id":21655,"n":"Boîtes chiens Lydog Mitonnées Agneau poulet veau - 3x410g","p":3.9,"u":"3,17 €/KG","img":"https://fd9-photos.leclercdrive.fr/image.ashx?id=2710488&use=l&cat=p&typeid=i","cat":288578},{"id":21656,"n":"Boîte chiens Lydog Bouchées Boeuf carottes - 1,25kg","p":2.65,"u":"2,12 €/KG","img":"https://fd9-photos.leclercdrive.fr/image.ashx?id=2710491&use=l&cat=p&typeid=i","cat":288578},{"id":21658,"n":"Boîte chiens Lydog Terrines Cabillaud saumon - 1.2kg","p":2.42,"u":"1,95 €/KG","img":"https://fd9-photos.leclercdrive.fr/image.ashx?id=2493667&use=l&cat=p&typeid=i","cat":288578},{"id":21662,"n":"Boîte chiens Lydog Bouchées Poulet légumes - 1,2kg","p":1.98,"u":"1,65 €/KG","img":"https://fd9-photos.leclercdrive.fr/image.ashx?id=2548100&use=l&cat=p&typeid=i","cat":288578},{"id":21663,"n":"Bouchées au poulet foie et  aux carottes Lydog - 1.23kg","p":2.39,"u":"1,94 €/KG","img":"https://fd9-photos.leclercdrive.fr/image.ashx?id=2691225&use=l&cat=p&typeid=i","cat":288578},{"id":21685,"n":"Nuggets de poulet Côté Croc x20 - 400g","p":3.0,"u":"7,50 €/KG","img":"https://fd9-photos.leclercdrive.fr/image.ashx?id=2837045&use=l&cat=p&typeid=i","cat":333684},{"id":21687,"n":"Fromage Cheddar Burger Les Croisés 10 Tranches - 200g","p":1.25,"u":"6,25 €/KG","img":"https://fd9-photos.leclercdrive.fr/image.ashx?id=2946835&use=l&cat=p&typeid=i","cat":314028},{"id":21688,"n":"Fromage Emmental Croque Les Croisés 10 Tranches - 200g","p":1.19,"u":"5,95 €/KG","img":"https://fd9-photos.leclercdrive.fr/image.ashx?id=2893313&use=l&cat=p&typeid=i","cat":314028},{"id":21694,"n":"Petit Pouligny St Pierre NRT AOP - Fromage de chèvre - 150g","p":4.35,"u":"29,00 €/KG","img":"https://fd9-photos.leclercdrive.fr/image.ashx?id=2532853&use=l&cat=p&typeid=i","cat":314031},{"id":21696,"n":"Fromage Gruyère NRT IGP 250g","p":3.99,"u":"15,96 €/KG","img":"https://fd9-photos.leclercdrive.fr/image.ashx?id=2466229&use=l&cat=p&typeid=i","cat":314034},{"id":21697,"n":"Fromage Raclette Savoie NRT  IGP - 400g","p":6.05,"u":"15,13 €/KG","img":"https://fd9-photos.leclercdrive.fr/image.ashx?id=1937939&use=l&cat=p&typeid=i","cat":314037},{"id":21699,"n":"Crème fraîche Eco  Epaisse - 30% MG - 50cl","p":1.89,"u":"3,78 €/L","img":"https://fd9-photos.leclercdrive.fr/image.ashx?id=2981445&use=l&cat=p&typeid=i","cat":284381},{"id":21701,"n":"Glace Eco+ Vanille - 500g","p":1.25,"u":"2,50 €/KG","img":"https://fd9-photos.leclercdrive.fr/image.ashx?id=2711580&use=l&cat=p&typeid=i","cat":284263},{"id":21702,"n":"Haricots verts Eco+ Très fins - 1kg","p":1.39,"u":"1,39 €/KG","img":"https://fd9-photos.leclercdrive.fr/image.ashx?id=2847934&use=l&cat=p&typeid=i","cat":319805},{"id":21703,"n":"Fromage frais Eco+ Nature 20%MG - 1kg","p":1.79,"u":"1,79 €/KG","img":"https://fd9-photos.leclercdrive.fr/image.ashx?id=2699919&use=l&cat=p&typeid=i","cat":284409},{"id":21809,"n":"Boules chocolat Jacquot Praliné noir - 1kg","p":10.28,"u":"10,28 €/KG","img":"https://fd9-photos.leclercdrive.fr/image.ashx?id=2303303&use=l&cat=p&typeid=i","cat":327595},{"id":21877,"n":"Purée surgelée Pom'lisse Pommes de terre 750g","p":2.04,"u":"2,72 €/KG","img":"https://fd9-photos.leclercdrive.fr/image.ashx?id=2759777&use=l&cat=p&typeid=i","cat":319793},{"id":22033,"n":"Gin Brighton's London Dry 37.5%vol - 70cl","p":9.99,"u":"14,27 €/L","img":"https://fd9-photos.leclercdrive.fr/image.ashx?id=2907183&use=l&cat=p&typeid=i","cat":284550},{"id":22065,"n":"Filets de maquereaux Saupiquet A la moutarde - 3x169g","p":6.12,"u":"12,07 €/KG","img":"https://fd9-photos.leclercdrive.fr/image.ashx?id=2826972&use=l&cat=p&typeid=i","cat":303868},{"id":22087,"n":"Sucettes Chupa Chups Mini Assortiment x30 180g","p":2.0,"u":"11,11 €/KG","img":"https://fd9-photos.leclercdrive.fr/image.ashx?id=2647606&use=l&cat=p&typeid=i","cat":304250},{"id":22112,"n":"Vodka Sobieski 37.5%vol - 70cl","p":11.13,"u":"15,90 €/L","img":"https://fd9-photos.leclercdrive.fr/image.ashx?id=2948474&use=l&cat=p&typeid=i","cat":284550},{"id":22116,"n":"Pain de mie complet Epi d'Or Grandes tranches - 550g","p":1.22,"u":"2,22 €/KG","img":"https://fd9-photos.leclercdrive.fr/image.ashx?id=2861292&use=l&cat=p&typeid=i","cat":284477},{"id":22141,"n":"Riz Basmati Comptoir du grain Sélection Riz long - 5x90g","p":1.81,"u":"4,02 €/KG","img":"https://fd9-photos.leclercdrive.fr/image.ashx?id=2076685&use=l&cat=p&typeid=i","cat":284428},{"id":22143,"n":"Emincés Tous Mes Amis En sauce - 4x400g","p":4.39,"u":"2,74 €/KG","img":"https://fd9-photos.leclercdrive.fr/image.ashx?id=2865197&use=l&cat=p&typeid=i","cat":285601},{"id":22212,"n":"Vin de l'Union Européenne rouge Vieux Papes - BIB 5L","p":10.78,"u":"2,16 €/L","img":"https://fd9-photos.leclercdrive.fr/image.ashx?id=2136139&use=l&cat=p&typeid=i","cat":289556},{"id":22249,"n":"Sandwich Baguette Mega Viennois  Sodebo Thon Oeuf - 270g","p":1.82,"u":"6,74 €/KG","img":"https://fd9-photos.leclercdrive.fr/image.ashx?id=2694596&use=l&cat=p&typeid=i","cat":333658},{"id":22373,"n":"Carré pour la vaisselle Mamison x5","p":1.35,"img":"https://fd9-photos.leclercdrive.fr/image.ashx?id=2622010&use=l&cat=p&typeid=i","cat":284667},{"id":22374,"n":"Chiffons secs Clair Dépouissiérants x20","p":1.97,"img":"https://fd9-photos.leclercdrive.fr/image.ashx?id=2819926&use=l&cat=p&typeid=i","cat":325364},{"id":22388,"n":"IGP Ile de Beauté vin rosé Terres Ocrées 11.5%vol - BIB 3L","p":12.99,"u":"4,33 €/L","img":"https://fd9-photos.leclercdrive.fr/image.ashx?id=2863036&use=l&cat=p&typeid=i","cat":289560},{"id":22487,"n":"IGP Pays d'Oc rosé Roche Mazet Grenache Cinsault - BIB 3L","p":10.4,"u":"3,47 €/L","img":"https://fd9-photos.leclercdrive.fr/image.ashx?id=2597118&use=l&cat=p&typeid=i","cat":289560},{"id":22488,"n":"IGP Pays d'Oc rouge Roche Mazet Cabernet Sauvignon 12.5% BIB 3L","p":10.6,"u":"3,53 €/L","img":"https://fd9-photos.leclercdrive.fr/image.ashx?id=2597121&use=l&cat=p&typeid=i","cat":289560},{"id":22489,"n":"IGP Pays d'oc blancRoche Mazet Sauvignon - BIB 3L","p":10.6,"u":"3,53 €/L","img":"https://fd9-photos.leclercdrive.fr/image.ashx?id=2597124&use=l&cat=p&typeid=i","cat":289557},{"id":22506,"n":"Yaourts aromatisés Délisse 4 saveurs - 8x125g","p":2.79,"u":"2,79 €/KG","img":"https://fd9-photos.leclercdrive.fr/image.ashx?id=2790952&use=l&cat=p&typeid=i","cat":286006},{"id":22512,"n":"Compote Douceur du Verger  Pomme Abricot - 4x100g","p":1.09,"u":"2,73 €/KG","img":"https://fd9-photos.leclercdrive.fr/image.ashx?id=2391747&use=l&cat=p&typeid=i","cat":284416},{"id":22515,"n":"Boisson énergisante X-tense Canette - 6x25cl","p":2.34,"u":"1,56 €/L","img":"https://fd9-photos.leclercdrive.fr/image.ashx?id=2956062&use=l&cat=p&typeid=i","cat":284533},{"id":22517,"n":"Vodka Poliakov Flask 37.5%vol - 20cl","p":3.77,"u":"18,85 €/L","img":"https://fd9-photos.leclercdrive.fr/image.ashx?id=2484029&use=l&cat=p&typeid=i","cat":284550},{"id":22556,"n":"AOC Bergerac vin rouge Terrasses d'Autan - BIB 3L","p":9.49,"u":"3,16 €/L","img":"https://fd9-photos.leclercdrive.fr/image.ashx?id=2659194&use=l&cat=p&typeid=i","cat":289560},{"id":22565,"n":"Yaourt Malo Vanille lait entier 4x125g","p":2.04,"u":"4,08 €/KG","img":"https://fd9-photos.leclercdrive.fr/image.ashx?id=2908021&use=l&cat=p&typeid=i","cat":286006},{"id":22566,"n":"Yaourts Malo Nature - 4x125g","p":1.68,"u":"3,36 €/KG","img":"https://fd9-photos.leclercdrive.fr/image.ashx?id=2908018&use=l&cat=p&typeid=i","cat":284409},{"id":22578,"n":"Desserts Empresure Malo Caramel - 4x125g","p":1.89,"u":"3,78 €/KG","img":"https://fd9-photos.leclercdrive.fr/image.ashx?id=2802401&use=l&cat=p&typeid=i","cat":285041},{"id":22587,"n":"IGP Côtés de Gascogne vin blanc Terrasses d'Autan 11.5% BIB 3L","p":8.49,"u":"2,83 €/L","img":"https://fd9-photos.leclercdrive.fr/image.ashx?id=2872700&use=l&cat=p&typeid=i","cat":289560},{"id":22588,"n":"IGP Pays d'Oc Chardonnay Blanc Vieux Carion 12% vol BIB 3L","p":8.99,"u":"3,00 €/L","img":"https://fd9-photos.leclercdrive.fr/image.ashx?id=2591397&use=l&cat=p&typeid=i","cat":289560},{"id":22589,"n":"Fromage Petit Munster AOP  Nos Régions ont du Talent 200g","p":3.55,"u":"17,75 €/KG","img":"https://fd9-photos.leclercdrive.fr/image.ashx?id=2546098&use=l&cat=p&typeid=i","cat":329558},{"id":22654,"n":"Fromage St Nectaire NRT AOP  600g","p":8.67,"u":"14,45 €/KG","img":"https://fd9-photos.leclercdrive.fr/image.ashx?id=2550854&use=l&cat=p&typeid=i","cat":329184},{"id":22659,"n":"Cancoillotte nature NRT IGP 250g","p":1.97,"u":"7,88 €/KG","img":"https://fd9-photos.leclercdrive.fr/image.ashx?id=2663845&use=l&cat=p&typeid=i","cat":314037},{"id":22660,"n":"Cancoillotte à l'ail NRT IGP 250g","p":1.97,"u":"7,88 €/KG","img":"https://fd9-photos.leclercdrive.fr/image.ashx?id=2663848&use=l&cat=p&typeid=i","cat":314037},{"id":22689,"n":"Confiture extra bio Bio Village Fraises - 370g","p":1.79,"u":"4,84 €/KG","img":"https://fd9-photos.leclercdrive.fr/image.ashx?id=2965626&use=l&cat=p&typeid=i","cat":284480},{"id":22762,"n":"Huile Isio 4 Lesieur 1L","p":3.66,"u":"3,66 €/L","img":"https://fd9-photos.leclercdrive.fr/image.ashx?id=2839136&use=l&cat=p&typeid=i","cat":284453},{"id":22786,"n":"Desserts lactés Délisse Chocolat caramel - 6x60g","p":1.36,"u":"3,78 €/KG","img":"https://fd9-photos.leclercdrive.fr/image.ashx?id=2968622&use=l&cat=p&typeid=i","cat":285041},{"id":22787,"n":"Saumon Ronde des Mers Petites tranches - 100g","p":3.69,"u":"36,90 €/KG","img":"https://fd9-photos.leclercdrive.fr/image.ashx?id=2449999&use=l&cat=p&typeid=i","cat":285188},{"id":22803,"n":"Brioche tranchée Epi d'Or Nature - 700g","p":2.22,"u":"3,17 €/KG","img":"https://fd9-photos.leclercdrive.fr/image.ashx?id=2860733&use=l&cat=p&typeid=i","cat":284478},{"id":22804,"n":"Boisson végétale Bio Village Soja nature bio - 1l","p":0.88,"u":"0,88 €/L","img":"https://fd9-photos.leclercdrive.fr/image.ashx?id=2372350&use=l&cat=p&typeid=i","cat":316067},{"id":22805,"n":"Boisson végétale Bio Village Soja vanille bio - 1l","p":1.42,"u":"1,42 €/L","img":"https://fd9-photos.leclercdrive.fr/image.ashx?id=2357707&use=l&cat=p&typeid=i","cat":316067},{"id":22894,"n":"Nettoyant spray Clair Ultra dégraissant - 750ml","p":1.18,"u":"1,57 €/L","img":"https://fd9-photos.leclercdrive.fr/image.ashx?id=2840386&use=l&cat=p&typeid=i","cat":325357},{"id":22895,"n":"Nettoyant spray Clair javel Salle de bains 750ml","p":1.45,"u":"1,93 €/L","img":"https://fd9-photos.leclercdrive.fr/image.ashx?id=2840473&use=l&cat=p&typeid=i","cat":325357},{"id":22900,"n":"Eau de Cologne Belles Saisons Lavande 250ml","p":1.69,"u":"6,76 €/L","img":"https://fd9-photos.leclercdrive.fr/image.ashx?id=1099560&use=l&cat=p&typeid=i","cat":291525},{"id":22913,"n":"Gel désinfectant mains Primoplast - 75ml","p":0.96,"u":"12,80 €/L","img":"https://fd9-photos.leclercdrive.fr/image.ashx?id=2856489&use=l&cat=p&typeid=i","cat":284630},{"id":22960,"n":"Gants de ménage Mamison Taille M 1 paire","p":1.01,"img":"https://fd9-photos.leclercdrive.fr/image.ashx?id=2635679&use=l&cat=p&typeid=i","cat":284668},{"id":22967,"n":"Tampon à récurer Mamison Surfaces fragiles xs","p":1.32,"u":"0,66 €/P","img":"https://fd9-photos.leclercdrive.fr/image.ashx?id=2669699&use=l&cat=p&typeid=i","cat":284667},{"id":22968,"n":"Eponges grattantes Mamison Surfaces délicates x2","p":1.49,"u":"0,75 €/P","img":"https://fd9-photos.leclercdrive.fr/image.ashx?id=2202392&use=l&cat=p&typeid=i","cat":284667},{"id":22979,"n":"Gel nettoyant Inell visage Purifiant px norm. mixtes 150ml","p":2.58,"u":"17,20 €/L","img":"https://fd9-photos.leclercdrive.fr/image.ashx?id=1961443&use=l&cat=p&typeid=i","cat":284603},{"id":22981,"n":"Eau de Cologne Belles Saisons Fraîcheur 250ml","p":1.69,"u":"6,76 €/L","img":"https://fd9-photos.leclercdrive.fr/image.ashx?id=1099557&use=l&cat=p&typeid=i","cat":291525},{"id":22996,"n":"Nettoyant détachant Clair Tapis moquettes 600ml","p":2.16,"u":"3,60 €/L","img":"https://fd9-photos.leclercdrive.fr/image.ashx?id=2242721&use=l&cat=p&typeid=i","cat":284907},{"id":23040,"n":"Café moulu Méo L'original Bio - 500g","p":8.69,"u":"17,38 €/KG","img":"https://fd9-photos.leclercdrive.fr/image.ashx?id=2571287&use=l&cat=p&typeid=i","cat":284750},{"id":23122,"n":"Fromage enfant Ficello Emmental à effilocher x4 - 84g","p":2.21,"u":"26,31 €/KG","img":"https://fd9-photos.leclercdrive.fr/image.ashx?id=2409553&use=l&cat=p&typeid=i","cat":314030},{"id":23123,"n":"Fromage enfant Ficello Nature à effilocher x4 -84g","p":2.03,"u":"24,17 €/KG","img":"https://fd9-photos.leclercdrive.fr/image.ashx?id=2375373&use=l&cat=p&typeid=i","cat":314030},{"id":23131,"n":"Jambon sec Saint Azay 4 grandes tranches - 110g","p":3.25,"u":"29,55 €/KG","img":"https://fd9-photos.leclercdrive.fr/image.ashx?id=2921372&use=l&cat=p&typeid=i","cat":316007},{"id":23132,"n":"Pâte feuilletée Tablier Blanc Epaisse - 280g","p":1.55,"u":"5,54 €/KG","img":"https://fd9-photos.leclercdrive.fr/image.ashx?id=2635910&use=l&cat=p&typeid=i","cat":333681},{"id":23133,"n":"Pâte brisée Tablier Blanc Epaisse - 280g","p":1.65,"u":"5,89 €/KG","img":"https://fd9-photos.leclercdrive.fr/image.ashx?id=2635913&use=l&cat=p&typeid=i","cat":333681},{"id":23158,"n":"AOC Crémant de Bourgogne  Veuve Ambal Brut - 75cl","p":7.99,"u":"10,65 €/L","img":"https://fd9-photos.leclercdrive.fr/image.ashx?id=1737205&use=l&cat=p&typeid=i","cat":284545},{"id":23168,"n":"Beurre léger Les Croisés Doux - 40% MG - 250g","p":1.75,"u":"7,00 €/KG","img":"https://fd9-photos.leclercdrive.fr/image.ashx?id=2839909&use=l&cat=p&typeid=i","cat":284379},{"id":23169,"n":"Papier toilette Mimosa Blanc - Ultra Moelleux - x6","p":3.29,"u":"0,55 €/P","img":"https://fd9-photos.leclercdrive.fr/image.ashx?id=2780674&use=l&cat=p&typeid=i","cat":284634},{"id":23170,"n":"Papier toilette Mimosa Décoré - Ultra Confort - x6","p":3.06,"u":"0,51 €/P","img":"https://fd9-photos.leclercdrive.fr/image.ashx?id=2434239&use=l&cat=p&typeid=i","cat":284634},{"id":23177,"n":"Pur jus Bio Village Bio Carotte - 1L","p":2.87,"u":"2,87 €/L","img":"https://fd9-photos.leclercdrive.fr/image.ashx?id=2901533&use=l&cat=p&typeid=i","cat":284523},{"id":23179,"n":"Pur jus 7 fruits Bio Village Bio - 1L","p":2.78,"u":"2,78 €/L","img":"https://fd9-photos.leclercdrive.fr/image.ashx?id=2901530&use=l&cat=p&typeid=i","cat":284917},{"id":23180,"n":"Rasoirs jetables Carré Homme 3 lames - x4","p":2.65,"img":"https://fd9-photos.leclercdrive.fr/image.ashx?id=2704666&use=l&cat=p&typeid=i","cat":284616},{"id":23188,"n":"Tomato Ketchup Heinz - 250g","p":1.12,"u":"4,48 €/KG","img":"https://fd9-photos.leclercdrive.fr/image.ashx?id=2943801&use=l&cat=p&typeid=i","cat":284455},{"id":23190,"n":"Mayonnaise AMORA Recette Fouettée - 398g","p":2.52,"u":"6,33 €/KG","img":"https://fd9-photos.leclercdrive.fr/image.ashx?id=2598684&use=l&cat=p&typeid=i","cat":298295},{"id":23212,"n":"Compote Douceur du Verger Coupelle pomme framboise-4x100g","p":1.63,"u":"4,08 €/KG","img":"https://fd9-photos.leclercdrive.fr/image.ashx?id=2663494&use=l&cat=p&typeid=i","cat":284508},{"id":23215,"n":"Biscuits Cookies P'tit Déli Chocolat raisin cranberrie 200g","p":1.44,"u":"7,20 €/KG","img":"https://fd9-photos.leclercdrive.fr/image.ashx?id=2529593&use=l&cat=p&typeid=i","cat":325066},{"id":23219,"n":"Sauce Pesto Turini Basilic - 185g","p":1.3,"u":"7,03 €/KG","img":"https://fd9-photos.leclercdrive.fr/image.ashx?id=2546248&use=l&cat=p&typeid=i","cat":287599},{"id":23220,"n":"Chips Pom'Lisse Légumes - 100g","p":1.99,"u":"19,90 €/KG","img":"https://fd9-photos.leclercdrive.fr/image.ashx?id=2919610&use=l&cat=p&typeid=i","cat":284447},{"id":23221,"n":"Sauce Tomates Turini Basilic - 420g","p":1.15,"u":"2,74 €/KG","img":"https://fd9-photos.leclercdrive.fr/image.ashx?id=2487458&use=l&cat=p&typeid=i","cat":287599},{"id":23244,"n":"Désodorisant frigo Bien Air Sans parfum 40g","p":1.83,"u":"45,75 €/KG","img":"https://fd9-photos.leclercdrive.fr/image.ashx?id=2287737&use=l&cat=p&typeid=i","cat":311628},{"id":23248,"n":"Tampons Doulys Compact Mini - x20","p":2.86,"u":"0,14 €/P","img":"https://fd9-photos.leclercdrive.fr/image.ashx?id=2965494&use=l&cat=p&typeid=i","cat":284626},{"id":23249,"n":"Savon de Marseille Epsil Textiles délicats 4x200g","p":1.86,"u":"2,33 €/KG","img":"https://fd9-photos.leclercdrive.fr/image.ashx?id=2379591&use=l&cat=p&typeid=i","cat":284651},{"id":23251,"n":"Bâtonnets allume-feu Silex Sans odeur x24","p":2.05,"u":"0,09 €/P","img":"https://fd9-photos.leclercdrive.fr/image.ashx?id=2999721&use=l&cat=p&typeid=i","cat":300578},{"id":23252,"n":"Cubes allume-feu Silex Sans odeur 100% naturel x40","p":1.57,"u":"0,04 €/P","img":"https://fd9-photos.leclercdrive.fr/image.ashx?id=2669735&use=l&cat=p&typeid=i","cat":300578},{"id":23255,"n":"Déodorant Carré Homme Vétiver longue durée 200ml","p":1.35,"u":"6,75 €/L","img":"https://fd9-photos.leclercdrive.fr/image.ashx?id=2375992&use=l&cat=p&typeid=i","cat":284618},{"id":23271,"n":"Vin mousseux de France blanc Muscador doux 11.5% Vol 75cl","p":2.67,"u":"3,56 €/L","img":"https://fd9-photos.leclercdrive.fr/image.ashx?id=2157052&use=l&cat=p&typeid=i","cat":284544},{"id":23304,"n":"Feuilletés paniers Côté Table Saumon - 4x100g","p":4.45,"u":"11,13 €/KG","img":"https://fd9-photos.leclercdrive.fr/image.ashx?id=2549400&use=l&cat=p&typeid=i","cat":319776},{"id":23372,"n":"Ricotta Les Croisés - 250g","p":1.29,"u":"5,16 €/KG","img":"https://fd9-photos.leclercdrive.fr/image.ashx?id=2133294&use=l&cat=p&typeid=i","cat":314026},{"id":23387,"n":"Gâteaux St Michel Savaroises Chocolat 8 sachets 220g","p":1.95,"u":"8,86 €/KG","img":"https://fd9-photos.leclercdrive.fr/image.ashx?id=2935693&use=l&cat=p&typeid=i","cat":284495},{"id":23411,"n":"Petits pains grillés Epi d'Or Froment - 400g","p":1.39,"u":"3,48 €/KG","img":"https://fd9-photos.leclercdrive.fr/image.ashx?id=2496413&use=l&cat=p&typeid=i","cat":284479},{"id":23412,"n":"Vermicelles Tables du Monde Haricot mungo - 100g","p":1.23,"u":"12,30 €/KG","img":"https://fd9-photos.leclercdrive.fr/image.ashx?id=2679723&use=l&cat=p&typeid=i","cat":288992},{"id":23429,"n":"Croquettes chat Tous mes amis Chatons - 2kg","p":4.07,"u":"2,04 €/KG","img":"https://fd9-photos.leclercdrive.fr/image.ashx?id=2710485&use=l&cat=p&typeid=i","cat":284680},{"id":23430,"n":"Croquettes chat Tous mes amis Lapin/volailles - 2kg","p":3.99,"u":"2,00 €/KG","img":"https://fd9-photos.leclercdrive.fr/image.ashx?id=2301605&use=l&cat=p&typeid=i","cat":284680},{"id":23433,"n":"Croquettes chiens Lydog Allégées - Volaille - 4kg","p":6.99,"u":"1,75 €/KG","img":"https://fd9-photos.leclercdrive.fr/image.ashx?id=1923562&use=l&cat=p&typeid=i","cat":284672},{"id":23437,"n":"Maïs Notre Jardin Croquant - 285g","p":0.85,"u":"2,98 €/KG","img":"https://fd9-photos.leclercdrive.fr/image.ashx?id=1993188&use=l&cat=p&typeid=i","cat":312611},{"id":23438,"n":"Soufflés RingsTokapi Oignon - 60g","p":0.77,"u":"12,83 €/KG","img":"https://fd9-photos.leclercdrive.fr/image.ashx?id=2898838&use=l&cat=p&typeid=i","cat":284449},{"id":23439,"n":"Crème dessert Délisse Choco Billes bicompartiment 4x117g","p":1.99,"u":"4,25 €/KG","img":"https://fd9-photos.leclercdrive.fr/image.ashx?id=2965482&use=l&cat=p&typeid=i","cat":285041},{"id":23444,"n":"Quenelles Côté Table volaille Au naturel 255g","p":1.37,"u":"5,37 €/KG","img":"https://fd9-photos.leclercdrive.fr/image.ashx?id=2977870&use=l&cat=p&typeid=i","cat":284441},{"id":23450,"n":"Yaourts aux fruits Délisse Fruits rouges - 8x125g","p":2.29,"u":"2,29 €/KG","img":"https://fd9-photos.leclercdrive.fr/image.ashx?id=2616736&use=l&cat=p&typeid=i","cat":284410},{"id":23452,"n":"Terrines chats Tous mes amis Viandes variées - 4x400g","p":3.74,"u":"2,34 €/KG","img":"https://fd9-photos.leclercdrive.fr/image.ashx?id=2865191&use=l&cat=p&typeid=i","cat":285601},{"id":23459,"n":"Sauce Béchamel Rustica Déshydratée - 60g","p":0.49,"u":"8,17 €/KG","img":"https://fd9-photos.leclercdrive.fr/image.ashx?id=2188838&use=l&cat=p&typeid=i","cat":288381},{"id":23485,"n":"Terrines de st Jacques Guyader 120g","p":3.12,"u":"26,00 €/KG","img":"https://fd9-photos.leclercdrive.fr/image.ashx?id=2504725&use=l&cat=p&typeid=i","cat":285191},{"id":23486,"n":"Terrines saumon Guyader 120g","p":2.61,"u":"21,75 €/KG","img":"https://fd9-photos.leclercdrive.fr/image.ashx?id=2504722&use=l&cat=p&typeid=i","cat":285191},{"id":23500,"n":"Bouillon de légumes Bio Village Bio - 8x10g","p":1.69,"u":"21,13 €/KG","img":"https://fd9-photos.leclercdrive.fr/image.ashx?id=1943409&use=l&cat=p&typeid=i","cat":288379},{"id":23502,"n":"Pâtés de campagne Tradilège Supérieur VPF 2x50g","p":0.98,"u":"9,80 €/KG","img":"https://fd9-photos.leclercdrive.fr/image.ashx?id=2771612&use=l&cat=p&typeid=i","cat":316008},{"id":23522,"n":"Bûche de chèvre Les Croisés Format famililal 25%mg 300g","p":2.95,"u":"9,83 €/KG","img":"https://fd9-photos.leclercdrive.fr/image.ashx?id=2915293&use=l&cat=p&typeid=i","cat":314031},{"id":23543,"n":"Bière blonde Leffe 6,6% - 12x33cl","p":13.01,"u":"3,29 €/L","img":"https://fd9-photos.leclercdrive.fr/image.ashx?id=2811578&use=l&cat=p&typeid=i","cat":334852},{"id":23545,"n":"Rösti McCain 800g","p":2.21,"u":"2,76 €/KG","img":"https://fd9-photos.leclercdrive.fr/image.ashx?id=2988728&use=l&cat=p&typeid=i","cat":319792},{"id":23552,"n":"Lait bébé poudre Nidal Nestlé 2e âge -6-12 mois - 800g","p":10.77,"u":"13,46 €/KG","img":"https://fd9-photos.leclercdrive.fr/image.ashx?id=2805597&use=l&cat=p&typeid=i","cat":284727},{"id":23583,"n":"Crème Fraîche Elle&Vire Epaisse Entière - 30% MG - 33cl","p":1.87,"u":"5,67 €/L","img":"https://fd9-photos.leclercdrive.fr/image.ashx?id=3003333&use=l&cat=p&typeid=i","cat":284381},{"id":23594,"n":"Fromage raclette Les Croisés Saveur vin blanc - 26%mg - 250g","p":2.99,"u":"11,96 €/KG","img":"https://fd9-photos.leclercdrive.fr/image.ashx?id=2791791&use=l&cat=p&typeid=i","cat":314037},{"id":23597,"n":"Fromage raclette Les Croisés Entier 29%mg 350g","p":3.97,"u":"11,34 €/KG","img":"https://fd9-photos.leclercdrive.fr/image.ashx?id=2791785&use=l&cat=p&typeid=i","cat":314037},{"id":23598,"n":"Fromage raclette Les Croisés Sans croûte - 28%mg - 400g","p":3.95,"u":"9,88 €/KG","img":"https://fd9-photos.leclercdrive.fr/image.ashx?id=2969752&use=l&cat=p&typeid=i","cat":314037},{"id":23628,"n":"Fond de volaille Rustica 110g","p":2.21,"u":"20,09 €/KG","img":"https://fd9-photos.leclercdrive.fr/image.ashx?id=2140914&use=l&cat=p&typeid=i","cat":288379},{"id":23630,"n":"Mouliné de carottes Régal Soupe Poireaux pommes de terre 1L","p":2.16,"u":"2,16 €/L","img":"https://fd9-photos.leclercdrive.fr/image.ashx?id=2607506&use=l&cat=p&typeid=i","cat":284462},{"id":23632,"n":"Liégeois Délisse Caramel - 4x100g","p":1.25,"u":"3,13 €/KG","img":"https://fd9-photos.leclercdrive.fr/image.ashx?id=2884240&use=l&cat=p&typeid=i","cat":285042},{"id":23633,"n":"Crème dessert Délisse Vanille sur lit caramel 4x125g","p":1.47,"u":"2,94 €/KG","img":"https://fd9-photos.leclercdrive.fr/image.ashx?id=2441276&use=l&cat=p&typeid=i","cat":285041},{"id":23636,"n":"Bouillon de volaille Rustica Dégraissé - Tablettes 12x10g","p":0.79,"u":"6,58 €/KG","img":"https://fd9-photos.leclercdrive.fr/image.ashx?id=1880033&use=l&cat=p&typeid=i","cat":288379},{"id":23642,"n":"Huile spéciale fondue Rustica Aux aromates - 1L","p":3.45,"u":"3,45 €/L","img":"https://fd9-photos.leclercdrive.fr/image.ashx?id=2546245&use=l&cat=p&typeid=i","cat":284453},{"id":23712,"n":"Saumon fumé Eco+ Atlantique - 200g","p":4.67,"u":"23,35 €/KG","img":"https://fd9-photos.leclercdrive.fr/image.ashx?id=2815725&use=l&cat=p&typeid=i","cat":285188},{"id":23715,"n":"Samoussa Tables du Monde Au boeuf - x4 - 220g","p":3.29,"u":"14,95 €/KG","img":"https://fd9-photos.leclercdrive.fr/image.ashx?id=2807190&use=l&cat=p&typeid=i","cat":333673},{"id":23725,"n":"Liquide vaisselle Eco+ Pomme - 1L","p":0.74,"u":"0,74 €/L","img":"https://fd9-photos.leclercdrive.fr/image.ashx?id=2949161&use=l&cat=p&typeid=i","cat":284655},{"id":23726,"n":"Aluminium Eco+ 30m","p":1.89,"u":"0,06 €/MT","img":"https://fd9-photos.leclercdrive.fr/image.ashx?id=2880216&use=l&cat=p&typeid=i","cat":334134},{"id":23727,"n":"Sacs poubelle 100L Eco+ x10","p":0.76,"u":"0,08 €/P","img":"https://fd9-photos.leclercdrive.fr/image.ashx?id=2793137&use=l&cat=p&typeid=i","cat":285168},{"id":23728,"n":"Huile de tournesol Eco+ 1L","p":1.63,"u":"1,63 €/L","img":"https://fd9-photos.leclercdrive.fr/image.ashx?id=2913636&use=l&cat=p&typeid=i","cat":284453},{"id":23729,"n":"Tomato Ketchup Eco+ 560g","p":0.88,"u":"1,57 €/KG","img":"https://fd9-photos.leclercdrive.fr/image.ashx?id=2954328&use=l&cat=p&typeid=i","cat":284455},{"id":23753,"n":"Alcool modifié Primoplast 70° 250ml","p":2.2,"u":"8,80 €/L","img":"https://fd9-photos.leclercdrive.fr/image.ashx?id=2856498&use=l&cat=p&typeid=i","cat":284630},{"id":23754,"n":"Eau oxygénée Primoplast 250ml","p":1.86,"u":"7,44 €/L","img":"https://fd9-photos.leclercdrive.fr/image.ashx?id=2832936&use=l&cat=p&typeid=i","cat":284630},{"id":23779,"n":"Camembert 21% MG Bio Bio Village - 250g","p":2.57,"u":"10,28 €/KG","img":"https://fd9-photos.leclercdrive.fr/image.ashx?id=2201492&use=l&cat=p&typeid=i","cat":314033},{"id":23791,"n":"Tartines craquantes Epi d'Or Au blé complet - 250g","p":1.29,"u":"5,16 €/KG","img":"https://fd9-photos.leclercdrive.fr/image.ashx?id=2843788&use=l&cat=p&typeid=i","cat":284479},{"id":23794,"n":"Pain grillé Epi d'Or Blé complet x24 - 500g","p":1.72,"u":"3,44 €/KG","img":"https://fd9-photos.leclercdrive.fr/image.ashx?id=2680545&use=l&cat=p&typeid=i","cat":284479},{"id":23797,"n":"Lentilles vertes Bio Village Bio 500g","p":2.15,"u":"4,30 €/KG","img":"https://fd9-photos.leclercdrive.fr/image.ashx?id=2120317&use=l&cat=p&typeid=i","cat":284430},{"id":23798,"n":"Riz Risotto Comptoir du Grain 500g","p":1.42,"u":"2,84 €/KG","img":"https://fd9-photos.leclercdrive.fr/image.ashx?id=2363283&use=l&cat=p&typeid=i","cat":284428},{"id":23799,"n":"Riz rond Comptoir du Grain Dessert - 1kg","p":1.94,"u":"1,94 €/KG","img":"https://fd9-photos.leclercdrive.fr/image.ashx?id=1957084&use=l&cat=p&typeid=i","cat":284428},{"id":23842,"n":"Beurre Elle & Vire Tendre Doux 2x250g","p":6.55,"u":"13,10 €/KG","img":"https://fd9-photos.leclercdrive.fr/image.ashx?id=2959991&use=l&cat=p&typeid=i","cat":284379},{"id":23881,"n":"Coulommiers Les Croisés  10 portions - 24%mg - 350g","p":3.19,"u":"9,11 €/KG","img":"https://fd9-photos.leclercdrive.fr/image.ashx?id=2339948&use=l&cat=p&typeid=i","cat":314033},{"id":23936,"n":"Fromage blanc jockey Stracciatella - 4x120g","p":2.07,"u":"4,31 €/KG","img":"https://fd9-photos.leclercdrive.fr/image.ashx?id=2280011&use=l&cat=p&typeid=i","cat":314999},{"id":23937,"n":"Boisson aux fruits Oasis Pomme framboise cassis 4x2L","p":10.46,"u":"1,31 €/L","img":"https://fd9-photos.leclercdrive.fr/image.ashx?id=2118734&use=l&cat=p&typeid=i","cat":295018},{"id":23959,"n":"Dentifrice Sanogyl Soin gencives - 3x75ml","p":9.87,"u":"43,87 €/L","img":"https://fd9-photos.leclercdrive.fr/image.ashx?id=2178001&use=l&cat=p&typeid=i","cat":284612},{"id":23963,"n":"Beurre Tendre Les Croisés Demi-sel Allegé - 40% MG - 250g","p":2.25,"u":"9,00 €/KG","img":"https://fd9-photos.leclercdrive.fr/image.ashx?id=2839912&use=l&cat=p&typeid=i","cat":284379},{"id":23972,"n":"Fusili Côté Snack Pâtes Bolognaise - 300g","p":1.89,"u":"6,30 €/KG","img":"https://fd9-photos.leclercdrive.fr/image.ashx?id=2650898&use=l&cat=p&typeid=i","cat":334983},{"id":23973,"n":"Fusili Côté Snack Pâtes Carbonara - 300g","p":1.89,"u":"6,30 €/KG","img":"https://fd9-photos.leclercdrive.fr/image.ashx?id=2517682&use=l&cat=p&typeid=i","cat":334983},{"id":24035,"n":"Echalotes semoule Rustica 36g","p":1.29,"u":"35,83 €/KG","img":"https://fd9-photos.leclercdrive.fr/image.ashx?id=2772951&use=l&cat=p&typeid=i","cat":298297},{"id":24043,"n":"Thé vert Britley Menthe x25 sachets - 40g","p":0.79,"u":"19,75 €/KG","img":"https://fd9-photos.leclercdrive.fr/image.ashx?id=2672930&use=l&cat=p&typeid=i","cat":293233},{"id":24047,"n":"Yaourts aromatisés Délisse Vanille - 4x125g","p":1.29,"u":"2,58 €/KG","img":"https://fd9-photos.leclercdrive.fr/image.ashx?id=2804184&use=l&cat=p&typeid=i","cat":286006},{"id":24049,"n":"Pâtée chats Tous mes amis Thon en sauce - 80g","p":0.99,"u":"12,38 €/KG","img":"https://fd9-photos.leclercdrive.fr/image.ashx?id=2450306&use=l&cat=p&typeid=i","cat":285601},{"id":24050,"n":"Pâtée chats Tous mes amis Poulet en sauce - 80g","p":0.99,"u":"12,38 €/KG","img":"https://fd9-photos.leclercdrive.fr/image.ashx?id=2450309&use=l&cat=p&typeid=i","cat":285601},{"id":24051,"n":"Pâtée pour chats Tous mes amis Thon aux crevettes - 80g","p":0.99,"u":"12,38 €/KG","img":"https://fd9-photos.leclercdrive.fr/image.ashx?id=1971897&use=l&cat=p&typeid=i","cat":285601},{"id":24081,"n":"Mayonnaise Fins Gourmets MAILLE Bocal - 320g","p":2.49,"u":"7,78 €/KG","img":"https://fd9-photos.leclercdrive.fr/image.ashx?id=2812750&use=l&cat=p&typeid=i","cat":298295},{"id":24082,"n":"Mayonnaise Fine MAILLE Qualité Traiteur Bocal - 320g","p":2.44,"u":"7,63 €/KG","img":"https://fd9-photos.leclercdrive.fr/image.ashx?id=2908369&use=l&cat=p&typeid=i","cat":298295},{"id":24161,"n":"Boudin blanc Tradilège Truffé 1% x3 375g","p":3.4,"u":"9,07 €/KG","img":"https://fd9-photos.leclercdrive.fr/image.ashx?id=2080798&use=l&cat=p&typeid=i","cat":316012},{"id":24162,"n":"Vinaigre balsamique Bio Village Bio 50cl","p":3.49,"u":"6,98 €/L","img":"https://fd9-photos.leclercdrive.fr/image.ashx?id=2865206&use=l&cat=p&typeid=i","cat":298543},{"id":24163,"n":"Infusion Tiséa Tilleul Citron 25 sachets 34g","p":1.69,"u":"48,29 €/KG","img":"https://fd9-photos.leclercdrive.fr/image.ashx?id=2854240&use=l&cat=p&typeid=i","cat":293234},{"id":24164,"n":"Thé vert Briley 32.5g","p":0.79,"u":"24,69 €/KG","img":"https://fd9-photos.leclercdrive.fr/image.ashx?id=2645939&use=l&cat=p&typeid=i","cat":293233},{"id":24193,"n":"Bouchées à la reine Côté Table 2x 155g","p":3.69,"u":"23,81 €/KG","img":"https://fd9-photos.leclercdrive.fr/image.ashx?id=2826921&use=l&cat=p&typeid=i","cat":333671},{"id":24293,"n":"Céréales Extra Kellogg's Chocolat Noir Noisettes - 500g","p":3.33,"u":"6,66 €/KG","img":"https://fd9-photos.leclercdrive.fr/image.ashx?id=2692284&use=l&cat=p&typeid=i","cat":309512},{"id":24390,"n":"Pétales de blé Eco+ Chocolat - 750g","p":2.03,"u":"2,71 €/KG","img":"https://fd9-photos.leclercdrive.fr/image.ashx?id=2756831&use=l&cat=p&typeid=i","cat":309513},{"id":24403,"n":"Vodka Novotna Pure grain 37.5%vol - 1L","p":14.99,"u":"14,99 €/L","img":"https://fd9-photos.leclercdrive.fr/image.ashx?id=784848&use=l&cat=p&typeid=i","cat":284550},{"id":24495,"n":"Capsules Nescafé Dolce Gusto  Nesquik - x16","p":4.48,"u":"17,50 €/KG","img":"https://fd9-photos.leclercdrive.fr/image.ashx?id=2946634&use=l&cat=p&typeid=i","cat":293239},{"id":24500,"n":"Pain de mie nature Epi d'Or Sans croute - 500g","p":1.39,"u":"2,78 €/KG","img":"https://fd9-photos.leclercdrive.fr/image.ashx?id=2984658&use=l&cat=p&typeid=i","cat":284477},{"id":24642,"n":"Déodorant Rexona Confidence Stick anti-transpirant - 45ml","p":4.39,"u":"97,56 €/L","img":"https://fd9-photos.leclercdrive.fr/image.ashx?id=2738194&use=l&cat=p&typeid=i","cat":284595},{"id":24652,"n":"Déodorant Stick Rexona Anti- Transpirant CleanScent 96H 45ml","p":3.45,"u":"76,67 €/L","img":"https://fd9-photos.leclercdrive.fr/image.ashx?id=2895101&use=l&cat=p&typeid=i","cat":284595},{"id":24659,"n":"Secret de mousse la Laitière Chocolat au lait - 8x59g","p":2.94,"u":"6,23 €/KG","img":"https://fd9-photos.leclercdrive.fr/image.ashx?id=3007984&use=l&cat=p&typeid=i","cat":284417},{"id":24666,"n":"Roquefort AOP Société Fromage de brebis - 100g","p":2.72,"u":"27,20 €/KG","img":"https://fd9-photos.leclercdrive.fr/image.ashx?id=2729683&use=l&cat=p&typeid=i","cat":314032},{"id":24667,"n":"Fromage Lou Pérac Bleu de brebis 125g","p":2.73,"u":"21,84 €/KG","img":"https://fd9-photos.leclercdrive.fr/image.ashx?id=2270545&use=l&cat=p&typeid=i","cat":314031},{"id":24671,"n":"Crème Chantilly Bridelice Légère fouettée 20%mg - 250g","p":2.68,"u":"10,72 €/KG","img":"https://fd9-photos.leclercdrive.fr/image.ashx?id=2939313&use=l&cat=p&typeid=i","cat":284382},{"id":24674,"n":"Dentifrice Dentamyl 2en1 blancheur 75ml","p":1.3,"u":"17,33 €/L","img":"https://fd9-photos.leclercdrive.fr/image.ashx?id=2613834&use=l&cat=p&typeid=i","cat":284612},{"id":24694,"n":"Brosses à dent souple Dentamyl x4","p":0.99,"u":"0,25 €/P","img":"https://fd9-photos.leclercdrive.fr/image.ashx?id=2790946&use=l&cat=p&typeid=i","cat":284614},{"id":24759,"n":"Mini nems Tables du Monde porc x5/poulet x5 +sauce - 220g","p":2.99,"u":"13,59 €/KG","img":"https://fd9-photos.leclercdrive.fr/image.ashx?id=2613276&use=l&cat=p&typeid=i","cat":333673},{"id":24906,"n":"Mozzarella mini billes  Les Croisés - 150g","p":1.7,"u":"11,33 €/KG","img":"https://fd9-photos.leclercdrive.fr/image.ashx?id=2463468&use=l&cat=p&typeid=i","cat":314026},{"id":24967,"n":"Fondue Savoyarde RichesMonts  3 fromages - 450g","p":5.76,"u":"12,80 €/KG","img":"https://fd9-photos.leclercdrive.fr/image.ashx?id=2986239&use=l&cat=p&typeid=i","cat":314037},{"id":24968,"n":"Fromage de chèvre Petit Billy 45%mg - 200g","p":2.74,"u":"13,70 €/KG","img":"https://fd9-photos.leclercdrive.fr/image.ashx?id=2543136&use=l&cat=p&typeid=i","cat":314031},{"id":24970,"n":"Crottin de chèvre Rians 23%mg - 2x60g","p":2.85,"u":"23,75 €/KG","img":"https://fd9-photos.leclercdrive.fr/image.ashx?id=2762094&use=l&cat=p&typeid=i","cat":314031},{"id":24971,"n":"Fromage Le Chèvre Soignon Boîte - 180g","p":2.92,"u":"16,22 €/KG","img":"https://fd9-photos.leclercdrive.fr/image.ashx?id=2676723&use=l&cat=p&typeid=i","cat":314031},{"id":24972,"n":"Chèvre à dorer Les Croisés x4 - 100g","p":1.77,"u":"17,70 €/KG","img":"https://fd9-photos.leclercdrive.fr/image.ashx?id=2460592&use=l&cat=p&typeid=i","cat":314027},{"id":24977,"n":"Pain hot dog Jacquet x4 -  240g","p":1.67,"u":"6,96 €/KG","img":"https://fd9-photos.leclercdrive.fr/image.ashx?id=2799293&use=l&cat=p&typeid=i","cat":284985},{"id":25005,"n":"Préparation Papillotes Maggi Rôti thym et fines herbes - 30g","p":0.71,"u":"23,67 €/KG","img":"https://fd9-photos.leclercdrive.fr/image.ashx?id=2963964&use=l&cat=p&typeid=i","cat":288380},{"id":25006,"n":"Sauce béchamel Maggi Saveur à l'ancienne sachet -60g","p":0.62,"u":"10,33 €/KG","img":"https://fd9-photos.leclercdrive.fr/image.ashx?id=2697297&use=l&cat=p&typeid=i","cat":288381},{"id":25010,"n":"Barres Chocolatées KINDER Maxi Chocolat au Lait x10 - 210g","p":3.03,"u":"14,43 €/KG","img":"https://fd9-photos.leclercdrive.fr/image.ashx?id=2679609&use=l&cat=p&typeid=i","cat":284498},{"id":25035,"n":"Salade Menu Fraîcheur Concombre au fromage blanc 300g","p":1.64,"u":"5,47 €/KG","img":"https://fd9-photos.leclercdrive.fr/image.ashx?id=3005679&use=l&cat=p&typeid=i","cat":333657},{"id":25044,"n":"Nettoyant spray Clair Salle de bain - Mousse - 600ml","p":1.99,"u":"3,32 €/L","img":"https://fd9-photos.leclercdrive.fr/image.ashx?id=2856678&use=l&cat=p&typeid=i","cat":325357},{"id":25051,"n":"Boulettes de boeuf Férial x30 - 900g","p":7.39,"u":"8,21 €/KG","img":"https://fd9-photos.leclercdrive.fr/image.ashx?id=2966520&use=l&cat=p&typeid=i","cat":319779},{"id":25061,"n":"Cornichons Rustica Vinaigre - 360g","p":1.65,"u":"4,58 €/KG","img":"https://fd9-photos.leclercdrive.fr/image.ashx?id=2799763&use=l&cat=p&typeid=i","cat":284458},{"id":25064,"n":"Film étirable Alfapac Extensible auto-adhérent 50m","p":2.11,"img":"https://fd9-photos.leclercdrive.fr/image.ashx?id=2918271&use=l&cat=p&typeid=i","cat":334134},{"id":25067,"n":"Oeufs frais De Nos Régions Plein Air - Label Rouge - x12","p":3.58,"u":"0,30 €/P","img":"https://fd9-photos.leclercdrive.fr/image.ashx?id=2969740&use=l&cat=p&typeid=i","cat":284378},{"id":25069,"n":"Fromage à Tartiner St Môret  Nature Léger - 9 portions 180g","p":2.5,"u":"13,89 €/KG","img":"https://fd9-photos.leclercdrive.fr/image.ashx?id=2755453&use=l&cat=p&typeid=i","cat":314029},{"id":25080,"n":"Parmigiano Reggiano AOP Les Croisés - 200G","p":4.99,"u":"24,95 €/KG","img":"https://fd9-photos.leclercdrive.fr/image.ashx?id=2909389&use=l&cat=p&typeid=i","cat":314034},{"id":25093,"n":"Yaourts brassés Délisse Fruits jaunes - 8x125 g","p":2.28,"u":"2,28 €/KG","img":"https://fd9-photos.leclercdrive.fr/image.ashx?id=2495536&use=l&cat=p&typeid=i","cat":284410},{"id":25095,"n":"Yaourts brassés Délisse Fruits rouges - 8X125g","p":2.27,"u":"2,27 €/KG","img":"https://fd9-photos.leclercdrive.fr/image.ashx?id=2494217&use=l&cat=p&typeid=i","cat":284410},{"id":25124,"n":"Pur jus Multifruits Bio Village Bio - 6x20cl","p":3.11,"u":"2,59 €/L","img":"https://fd9-photos.leclercdrive.fr/image.ashx?id=2843626&use=l&cat=p&typeid=i","cat":284524},{"id":25125,"n":"Pur jus d'orange Bio Village Bio - 6x20cl","p":2.99,"u":"2,49 €/L","img":"https://fd9-photos.leclercdrive.fr/image.ashx?id=2671016&use=l&cat=p&typeid=i","cat":284521},{"id":25164,"n":"Crème dessert Délisse Chocolat noir 4x125g","p":1.05,"u":"2,10 €/KG","img":"https://fd9-photos.leclercdrive.fr/image.ashx?id=2694283&use=l&cat=p&typeid=i","cat":285041},{"id":25172,"n":"Sacs poubelle 30L Alfapac Ultra résistant Coulissac - x20","p":3.39,"u":"0,17 €/P","img":"https://fd9-photos.leclercdrive.fr/image.ashx?id=2732359&use=l&cat=p&typeid=i","cat":285168},{"id":25207,"n":"Cornichons Rustica Extra fins - 185g","p":1.28,"u":"6,92 €/KG","img":"https://fd9-photos.leclercdrive.fr/image.ashx?id=2799760&use=l&cat=p&typeid=i","cat":284458},{"id":25220,"n":"Cotons Démaquillants Demak'Up Sensitive - Disques x64","p":1.28,"u":"0,02 €/P","img":"https://fd9-photos.leclercdrive.fr/image.ashx?id=2966983&use=l&cat=p&typeid=i","cat":285593},{"id":25283,"n":"Barres céréales Grany Pommes - 125g","p":1.84,"u":"14,72 €/KG","img":"https://fd9-photos.leclercdrive.fr/image.ashx?id=3002093&use=l&cat=p&typeid=i","cat":285869},{"id":25311,"n":"Carpaccio au Basilic Bigard - 190g","p":5.42,"u":"28,53 €/KG","img":"https://fd9-photos.leclercdrive.fr/image.ashx?id=2208345&use=l&cat=p&typeid=i","cat":284328},{"id":25342,"n":"Céréales Trésor Kellogg's Chocolat au lait - 1kg","p":6.59,"u":"6,59 €/KG","img":"https://fd9-photos.leclercdrive.fr/image.ashx?id=2598319&use=l&cat=p&typeid=i","cat":309513},{"id":25343,"n":"Céréales Trésor de Kellogg's Chocolat Noisettes - 1kg","p":6.46,"u":"6,46 €/KG","img":"https://fd9-photos.leclercdrive.fr/image.ashx?id=2598316&use=l&cat=p&typeid=i","cat":309513},{"id":25359,"n":"Tablette chocolat blanc Lindt Vanille - 100g","p":2.43,"u":"24,30 €/KG","img":"https://fd9-photos.leclercdrive.fr/image.ashx?id=2755318&use=l&cat=p&typeid=i","cat":284957},{"id":25366,"n":"Tablette de chocolat noir Lindt 90% cacao - 100g","p":2.29,"u":"22,90 €/KG","img":"https://fd9-photos.leclercdrive.fr/image.ashx?id=2689502&use=l&cat=p&typeid=i","cat":284956},{"id":25372,"n":"Tablette chocolat Milka Au lait du pays Alpin - 200g","p":2.65,"u":"13,25 €/KG","img":"https://fd9-photos.leclercdrive.fr/image.ashx?id=2994455&use=l&cat=p&typeid=i","cat":284497},{"id":25407,"n":"Bonbons LUTTI Luttimint Menthe - 250g","p":1.76,"u":"7,04 €/KG","img":"https://fd9-photos.leclercdrive.fr/image.ashx?id=2815019&use=l&cat=p&typeid=i","cat":304252},{"id":25408,"n":"Dragolo Haribo Sachet bonbons - 300g","p":1.51,"u":"5,03 €/KG","img":"https://fd9-photos.leclercdrive.fr/image.ashx?id=2803574&use=l&cat=p&typeid=i","cat":304250},{"id":25424,"n":"Pâtes Farfalle Panzani 1kg","p":2.06,"u":"2,06 €/KG","img":"https://fd9-photos.leclercdrive.fr/image.ashx?id=2876047&use=l&cat=p&typeid=i","cat":284427},{"id":25425,"n":"Biscuits apéritif Lay's 3D's Goût Cacahuetes - 85g","p":0.85,"u":"10,00 €/KG","img":"https://fd9-photos.leclercdrive.fr/image.ashx?id=2916824&use=l&cat=p&typeid=i","cat":284449},{"id":25432,"n":"Herbes de provence Ducros Boîte ménagère 40g","p":1.58,"u":"39,50 €/KG","img":"https://fd9-photos.leclercdrive.fr/image.ashx?id=2486548&use=l&cat=p&typeid=i","cat":298297},{"id":25445,"n":"Lait poudre Croissance Modilac  De 12 mois à 36 mois - 800g","p":13.34,"u":"16,68 €/KG","img":"https://fd9-photos.leclercdrive.fr/image.ashx?id=2873390&use=l&cat=p&typeid=i","cat":290219},{"id":25446,"n":"Lait croissance Nidal Nestlé Dès 12 mois - 800g","p":9.02,"u":"11,28 €/KG","img":"https://fd9-photos.leclercdrive.fr/image.ashx?id=2806405&use=l&cat=p&typeid=i","cat":290219},{"id":25465,"n":"Recharge distributeur Canderel Comprimés x600 - 51g","p":5.01,"u":"98,24 €/KG","img":"https://fd9-photos.leclercdrive.fr/image.ashx?id=2811008&use=l&cat=p&typeid=i","cat":324846},{"id":25500,"n":"Recharge Dentamyl x2 Pour brosse à dents à pile","p":4.35,"u":"2,18 €/P","img":"https://fd9-photos.leclercdrive.fr/image.ashx?id=1872582&use=l&cat=p&typeid=i","cat":297133},{"id":25515,"n":"Eau minérale naturelle Vittel 6x1L","p":2.52,"u":"0,42 €/L","img":"https://fd9-photos.leclercdrive.fr/image.ashx?id=2276654&use=l&cat=p&typeid=i","cat":284535},{"id":25516,"n":"Eau de source Cristaline 12x50cl","p":1.8,"u":"0,30 €/L","img":"https://fd9-photos.leclercdrive.fr/image.ashx?id=2872874&use=l&cat=p&typeid=i","cat":284535},{"id":25527,"n":"Boisson aux fruits Oasis Multifruits - 2L","p":2.39,"u":"1,20 €/L","img":"https://fd9-photos.leclercdrive.fr/image.ashx?id=2688674&use=l&cat=p&typeid=i","cat":295018},{"id":25530,"n":"Sucre Béghin Say pure canne petits morceaux - 1kg","p":3.13,"u":"3,13 €/KG","img":"https://fd9-photos.leclercdrive.fr/image.ashx?id=2949919&use=l&cat=p&typeid=i","cat":284502},{"id":25540,"n":"Soda à l'orange Orangina 4x50cl","p":4.55,"u":"2,28 €/L","img":"https://fd9-photos.leclercdrive.fr/image.ashx?id=2574952&use=l&cat=p&typeid=i","cat":284532},{"id":25541,"n":"Soda à l'orange Orangina 6x25cl","p":4.16,"u":"2,77 €/L","img":"https://fd9-photos.leclercdrive.fr/image.ashx?id=2495653&use=l&cat=p&typeid=i","cat":284532},{"id":25550,"n":"Soda Schweppes Indian Tonic Zero - 1,5L","p":1.72,"u":"1,15 €/L","img":"https://fd9-photos.leclercdrive.fr/image.ashx?id=2852393&use=l&cat=p&typeid=i","cat":284531},{"id":25554,"n":"Soda Schweppes Saveur Citron Zero - 1,5L","p":1.7,"u":"1,13 €/L","img":"https://fd9-photos.leclercdrive.fr/image.ashx?id=2852396&use=l&cat=p&typeid=i","cat":284532},{"id":25567,"n":"Jus d'orange Jafaden A base de concentré  - 2L","p":3.51,"u":"1,76 €/L","img":"https://fd9-photos.leclercdrive.fr/image.ashx?id=2751892&use=l&cat=p&typeid=i","cat":284521},{"id":25576,"n":"Limonade Cristal Lorina 1,25L","p":2.3,"u":"1,84 €/L","img":"https://fd9-photos.leclercdrive.fr/image.ashx?id=2575555&use=l&cat=p&typeid=i","cat":284531},{"id":25589,"n":"Nectar Bio Pressade Orange pêche abricot - 1,5L","p":2.61,"u":"1,74 €/L","img":"https://fd9-photos.leclercdrive.fr/image.ashx?id=2732503&use=l&cat=p&typeid=i","cat":284521},{"id":25593,"n":"Boisson aux fruits Capri Sun Multivitaminé - 10x20cl","p":3.43,"u":"1,72 €/L","img":"https://fd9-photos.leclercdrive.fr/image.ashx?id=2447067&use=l&cat=p&typeid=i","cat":295018},{"id":25596,"n":"Nectar Bio Pressade Multifruits - 6x20cl","p":2.72,"u":"2,27 €/L","img":"https://fd9-photos.leclercdrive.fr/image.ashx?id=2732518&use=l&cat=p&typeid=i","cat":284524},{"id":25607,"n":"Eau minérale gazeuse Perrier  Naturelle  - 6x50cl","p":3.52,"u":"1,17 €/L","img":"https://fd9-photos.leclercdrive.fr/image.ashx?id=2493916&use=l&cat=p&typeid=i","cat":284536},{"id":25609,"n":"Saucisses aux lentilles  William Saurin- 840g","p":3.4,"u":"4,05 €/KG","img":"https://fd9-photos.leclercdrive.fr/image.ashx?id=2890070&use=l&cat=p&typeid=i","cat":284441},{"id":25614,"n":"Boisson Citronnade Pulco Citron - 1,5L","p":2.14,"u":"1,43 €/L","img":"https://fd9-photos.leclercdrive.fr/image.ashx?id=2941526&use=l&cat=p&typeid=i","cat":295018},{"id":25615,"n":"Concentré à diluer Pulco Agrumes - 70cl","p":2.83,"u":"4,04 €/L","img":"https://fd9-photos.leclercdrive.fr/image.ashx?id=2687851&use=l&cat=p&typeid=i","cat":295020},{"id":25619,"n":"Pastis Ricard Anisé 45% vol - 1,5L","p":29.85,"u":"19,90 €/L","img":"https://fd9-photos.leclercdrive.fr/image.ashx?id=2839115&use=l&cat=p&typeid=i","cat":284548},{"id":25627,"n":"Sirop Moulin de Valdonne Violette - 70cl","p":3.12,"u":"4,46 €/L","img":"https://fd9-photos.leclercdrive.fr/image.ashx?id=2756918&use=l&cat=p&typeid=i","cat":295020},{"id":25630,"n":"Taboulé Menu Fraîcheur Poulet - 500g","p":2.11,"u":"4,22 €/KG","img":"https://fd9-photos.leclercdrive.fr/image.ashx?id=2901449&use=l&cat=p&typeid=i","cat":333657},{"id":25632,"n":"Vodka Absolut 40% vol - 70cl","p":17.72,"u":"25,31 €/L","img":"https://fd9-photos.leclercdrive.fr/image.ashx?id=2887239&use=l&cat=p&typeid=i","cat":284550},{"id":25644,"n":"Faisselle Délisse 6%mg - 1kg","p":2.42,"u":"2,42 €/KG","img":"https://fd9-photos.leclercdrive.fr/image.ashx?id=2602352&use=l&cat=p&typeid=i","cat":284409},{"id":25661,"n":"Rasoir Siliss 3 lames - +1 recharge","p":4.25,"img":"https://fd9-photos.leclercdrive.fr/image.ashx?id=2699411&use=l&cat=p&typeid=i","cat":325352},{"id":25663,"n":"Chips à l'ancienne Pom'Lisse Nature - 270g","p":1.85,"u":"6,85 €/KG","img":"https://fd9-photos.leclercdrive.fr/image.ashx?id=2724835&use=l&cat=p&typeid=i","cat":284447},{"id":25685,"n":"Bouillon Cube Maggi Boeuf - 180g","p":1.61,"u":"8,94 €/KG","img":"https://fd9-photos.leclercdrive.fr/image.ashx?id=2882896&use=l&cat=p&typeid=i","cat":288379},{"id":25686,"n":"Bouillon Cube Maggi Volaille - 180g","p":1.53,"u":"8,50 €/KG","img":"https://fd9-photos.leclercdrive.fr/image.ashx?id=2737003&use=l&cat=p&typeid=i","cat":288379},{"id":25729,"n":"Vinaigrette balsamique Puget Tomate séchée - 33cl","p":2.39,"u":"7,24 €/L","img":"https://fd9-photos.leclercdrive.fr/image.ashx?id=2912143&use=l&cat=p&typeid=i","cat":284456},{"id":25738,"n":"Blanc de poulet Fleury Michon -25% de sel x4 - 160g","p":2.19,"u":"13,69 €/KG","img":"https://fd9-photos.leclercdrive.fr/image.ashx?id=2885974&use=l&cat=p&typeid=i","cat":316010},{"id":25739,"n":"Bûche de chèvre Les Croisés Fondante 22%mg - 180g","p":1.84,"u":"10,22 €/KG","img":"https://fd9-photos.leclercdrive.fr/image.ashx?id=2894725&use=l&cat=p&typeid=i","cat":314031},{"id":25742,"n":"Macédoine Menu Fraîcheur  Légumes - 300g","p":1.59,"u":"5,30 €/KG","img":"https://fd9-photos.leclercdrive.fr/image.ashx?id=2901446&use=l&cat=p&typeid=i","cat":333657},{"id":25744,"n":"Nems au Poulet Tables du Monde  x4  - 280g","p":1.79,"u":"6,39 €/KG","img":"https://fd9-photos.leclercdrive.fr/image.ashx?id=2953338&use=l&cat=p&typeid=i","cat":333673},{"id":25746,"n":"Saucisse de volaille Tradilège  x10 350g","p":1.47,"u":"4,20 €/KG","img":"https://fd9-photos.leclercdrive.fr/image.ashx?id=2625110&use=l&cat=p&typeid=i","cat":316012},{"id":25748,"n":"Hachés au colin d'Alaska Pêche Océan - 200g","p":2.24,"u":"11,20 €/KG","img":"https://fd9-photos.leclercdrive.fr/image.ashx?id=2953623&use=l&cat=p&typeid=i","cat":284344},{"id":25749,"n":"Hachés au saumon Pêche Océan à la ciboulette - 200g","p":2.25,"u":"11,25 €/KG","img":"https://fd9-photos.leclercdrive.fr/image.ashx?id=2953632&use=l&cat=p&typeid=i","cat":284344},{"id":25759,"n":"Barquettes chats Gourmet Gold Double délice luxe mix - 12x85g","p":5.76,"u":"5,65 €/KG","img":"https://fd9-photos.leclercdrive.fr/image.ashx?id=2857096&use=l&cat=p&typeid=i","cat":285286},{"id":25762,"n":"Bâtonnets Dentastix Pedigree Grand chien x28 - 1080g","p":8.44,"u":"7,81 €/KG","img":"https://fd9-photos.leclercdrive.fr/image.ashx?id=2924776&use=l&cat=p&typeid=i","cat":294527},{"id":25764,"n":"Olives noires Tramier Dénoyautées - 150g","p":1.57,"u":"10,47 €/KG","img":"https://fd9-photos.leclercdrive.fr/image.ashx?id=2840814&use=l&cat=p&typeid=i","cat":284458},{"id":25765,"n":"Céréales Nestlé Mix Chocapic, Lion, Nesquik x6","p":2.27,"u":"11,95 €/KG","img":"https://fd9-photos.leclercdrive.fr/image.ashx?id=2981364&use=l&cat=p&typeid=i","cat":309513},{"id":25779,"n":"Yaourts Lait de chèvre Soignon Nature - 4x125g","p":2.24,"u":"4,48 €/KG","img":"https://fd9-photos.leclercdrive.fr/image.ashx?id=2518250&use=l&cat=p&typeid=i","cat":314998},{"id":25790,"n":"Sucre pure canne Bio Village En morceaux bio - 500g","p":2.09,"u":"4,18 €/KG","img":"https://fd9-photos.leclercdrive.fr/image.ashx?id=3010440&use=l&cat=p&typeid=i","cat":284502},{"id":25793,"n":"AOP Côtes du Rhône rouge Cellier des Dauphins - BIB 3L","p":11.33,"u":"3,78 €/L","img":"https://fd9-photos.leclercdrive.fr/image.ashx?id=2830006&use=l&cat=p&typeid=i","cat":289560},{"id":25806,"n":"Lingettes bébé H2O Biolane Epaisses - x72","p":1.87,"u":"0,03 €/P","img":"https://fd9-photos.leclercdrive.fr/image.ashx?id=2877910&use=l&cat=p&typeid=i","cat":284738},{"id":25808,"n":"Protection incontinence Chorys Homme - Important - x20","p":5.38,"u":"0,27 €/P","img":"https://fd9-photos.leclercdrive.fr/image.ashx?id=2672933&use=l&cat=p&typeid=i","cat":291514},{"id":25811,"n":"Salade Coleslaw Menu Fraîcheur  500g","p":1.83,"u":"3,66 €/KG","img":"https://fd9-photos.leclercdrive.fr/image.ashx?id=2645930&use=l&cat=p&typeid=i","cat":333657},{"id":25815,"n":"Dessert lacté Délisse Chocolat - 4x100g","p":1.27,"u":"3,18 €/KG","img":"https://fd9-photos.leclercdrive.fr/image.ashx?id=2953401&use=l&cat=p&typeid=i","cat":285041},{"id":25817,"n":"Emincés de saumon fumé ASC Ronde des mers - 100g","p":4.49,"u":"44,90 €/KG","img":"https://fd9-photos.leclercdrive.fr/image.ashx?id=2953620&use=l&cat=p&typeid=i","cat":285188},{"id":25818,"n":"Émincés de saumon fumé ASC Ronde de mers - 100g","p":4.49,"u":"44,90 €/KG","img":"https://fd9-photos.leclercdrive.fr/image.ashx?id=2953617&use=l&cat=p&typeid=i","cat":285188},{"id":25819,"n":"Feuilletés Jambon Emmental Coté Table - 2x140g","p":2.99,"u":"10,68 €/KG","img":"https://fd9-photos.leclercdrive.fr/image.ashx?id=2846517&use=l&cat=p&typeid=i","cat":333671},{"id":25820,"n":"Flammekueche Coté Table 350g","p":1.88,"u":"5,37 €/KG","img":"https://fd9-photos.leclercdrive.fr/image.ashx?id=2064819&use=l&cat=p&typeid=i","cat":333680},{"id":25822,"n":"Fromage à tartiner Les Croisés Nature - 24%mg - 300g","p":1.84,"u":"6,13 €/KG","img":"https://fd9-photos.leclercdrive.fr/image.ashx?id=1975032&use=l&cat=p&typeid=i","cat":314029},{"id":25825,"n":"Fromage de brebis Les Croisés 210g","p":2.86,"u":"13,62 €/KG","img":"https://fd9-photos.leclercdrive.fr/image.ashx?id=2900112&use=l&cat=p&typeid=i","cat":329184},{"id":25836,"n":"Choucroute garnie  William Saurin - 800g","p":3.95,"u":"4,94 €/KG","img":"https://fd9-photos.leclercdrive.fr/image.ashx?id=2890058&use=l&cat=p&typeid=i","cat":284441},{"id":25839,"n":"Couscous parfumé Tipiak Prêt en 5 min  - 500g","p":2.02,"u":"4,04 €/KG","img":"https://fd9-photos.leclercdrive.fr/image.ashx?id=2946937&use=l&cat=p&typeid=i","cat":284429},{"id":25841,"n":"Couscous Tipiak  Prêt en 1 min 30 s - 500g","p":1.32,"u":"2,64 €/KG","img":"https://fd9-photos.leclercdrive.fr/image.ashx?id=2640431&use=l&cat=p&typeid=i","cat":284429},{"id":25856,"n":"Olives vertes La Ciota Farcies anchois - 120g","p":1.96,"u":"16,33 €/KG","img":"https://fd9-photos.leclercdrive.fr/image.ashx?id=2296575&use=l&cat=p&typeid=i","cat":284458},{"id":25865,"n":"Préparation taboulé Tipiak Menthe citron olive - 350g","p":1.97,"u":"5,63 €/KG","img":"https://fd9-photos.leclercdrive.fr/image.ashx?id=2973862&use=l&cat=p&typeid=i","cat":284429},{"id":25868,"n":"Flocons d'avoine Quaker Oats Classic - 800g","p":2.24,"u":"2,80 €/KG","img":"https://fd9-photos.leclercdrive.fr/image.ashx?id=2344498&use=l&cat=p&typeid=i","cat":309512},{"id":25879,"n":"Bâtonnets Dentastix Pedigree Petit chien x28 - 440g","p":5.56,"u":"12,64 €/KG","img":"https://fd9-photos.leclercdrive.fr/image.ashx?id=2877106&use=l&cat=p&typeid=i","cat":294527},{"id":25947,"n":"Escalope Milanaise Marie 2x300g","p":6.75,"u":"11,25 €/KG","img":"https://fd9-photos.leclercdrive.fr/image.ashx?id=2331813&use=l&cat=p&typeid=i","cat":333665},{"id":26026,"n":"Gel douche Eco+ Amande - 500ml","p":0.65,"u":"1,30 €/L","img":"https://fd9-photos.leclercdrive.fr/image.ashx?id=2979328&use=l&cat=p&typeid=i","cat":284594},{"id":26027,"n":"Gel douche Eco  Senteur vanille - 500ml","p":0.65,"u":"1,30 €/L","img":"https://fd9-photos.leclercdrive.fr/image.ashx?id=2079795&use=l&cat=p&typeid=i","cat":284594},{"id":26035,"n":"Bain de bouche Dentamyl Fraîcheur menthe - 500ml","p":1.89,"u":"3,78 €/L","img":"https://fd9-photos.leclercdrive.fr/image.ashx?id=2526604&use=l&cat=p&typeid=i","cat":284613},{"id":26038,"n":"Recharge savon mains Manava Crème Lait et miel - 250ml","p":0.57,"u":"2,28 €/L","img":"https://fd9-photos.leclercdrive.fr/image.ashx?id=2935489&use=l&cat=p&typeid=i","cat":284597},{"id":26040,"n":"Recharge savon mains Manava Gel spécial cuisine - 250ml","p":0.66,"u":"2,64 €/L","img":"https://fd9-photos.leclercdrive.fr/image.ashx?id=2618320&use=l&cat=p&typeid=i","cat":284597},{"id":26065,"n":"Saucisson Petit Justin Bridou  Bâton de Berger Nature - 100g","p":2.33,"u":"23,30 €/KG","img":"https://fd9-photos.leclercdrive.fr/image.ashx?id=2851036&use=l&cat=p&typeid=i","cat":316006},{"id":26085,"n":"Dessert végétal Sojasun Café - 4x100g","p":1.71,"u":"4,28 €/KG","img":"https://fd9-photos.leclercdrive.fr/image.ashx?id=2759993&use=l&cat=p&typeid=i","cat":316071},{"id":26087,"n":"Fromage blanc sous mousse  gervita nature - 8x100g","p":3.55,"u":"4,44 €/KG","img":"https://fd9-photos.leclercdrive.fr/image.ashx?id=2265768&use=l&cat=p&typeid=i","cat":284409},{"id":26151,"n":"Sucre Eco+  En poudre - 1kg","p":0.95,"u":"0,95 €/KG","img":"https://fd9-photos.leclercdrive.fr/image.ashx?id=2702277&use=l&cat=p&typeid=i","cat":284502},{"id":26152,"n":"Salade Mexicaine Eco+ Au thon - 280g","p":1.12,"u":"4,00 €/KG","img":"https://fd9-photos.leclercdrive.fr/image.ashx?id=2884201&use=l&cat=p&typeid=i","cat":284437},{"id":26153,"n":"Salade Americaine Eco+ Au thon - 280g","p":1.12,"u":"4,00 €/KG","img":"https://fd9-photos.leclercdrive.fr/image.ashx?id=2873649&use=l&cat=p&typeid=i","cat":284437},{"id":26154,"n":"Salade Niçoise Eco+ Au thon - 280g","p":1.12,"u":"4,00 €/KG","img":"https://fd9-photos.leclercdrive.fr/image.ashx?id=2896012&use=l&cat=p&typeid=i","cat":284437},{"id":26161,"n":"Yaourt nature brassé bifidus Activia - 8x125g","p":2.74,"u":"2,74 €/KG","img":"https://fd9-photos.leclercdrive.fr/image.ashx?id=2741691&use=l&cat=p&typeid=i","cat":315000},{"id":26183,"n":"Adoucissant Hyperdou Rêve de fraîcheur - 3x250ml","p":1.23,"u":"1,64 €/L","img":"https://fd9-photos.leclercdrive.fr/image.ashx?id=2643318&use=l&cat=p&typeid=i","cat":284650},{"id":26185,"n":"Lingettes désinfectante Sanytol Multi-usage Eucalyptus - x72","p":1.58,"u":"0,03 €/P","img":"https://fd9-photos.leclercdrive.fr/image.ashx?id=2899353&use=l&cat=p&typeid=i","cat":325358},{"id":26220,"n":"Sucre Eco+ Cristal  - 5kg","p":5.02,"u":"1,00 €/KG","img":"https://fd9-photos.leclercdrive.fr/image.ashx?id=3010413&use=l&cat=p&typeid=i","cat":284502},{"id":26223,"n":"Sauce Sacla'Italia Arrabbiata - 190g","p":2.22,"u":"11,68 €/KG","img":"https://fd9-photos.leclercdrive.fr/image.ashx?id=2971413&use=l&cat=p&typeid=i","cat":287599},{"id":26258,"n":"Madeleines coquilles P'tit déli Sachet 600g","p":2.39,"u":"3,98 €/KG","img":"https://fd9-photos.leclercdrive.fr/image.ashx?id=2540948&use=l&cat=p&typeid=i","cat":284492},{"id":26271,"n":"Rôti de porc Tradilège 6 tranches VPF 180g","p":2.38,"u":"13,22 €/KG","img":"https://fd9-photos.leclercdrive.fr/image.ashx?id=2675786&use=l&cat=p&typeid=i","cat":316009},{"id":26278,"n":"Mélange chili mexicain Ducros Sachet malin - 20g","p":1.46,"u":"73,00 €/KG","img":"https://fd9-photos.leclercdrive.fr/image.ashx?id=2326661&use=l&cat=p&typeid=i","cat":298297},{"id":26279,"n":"Mélange couscous royal Ducros Sachet malin - 20g","p":0.72,"u":"36,00 €/KG","img":"https://fd9-photos.leclercdrive.fr/image.ashx?id=2490491&use=l&cat=p&typeid=i","cat":298297},{"id":26309,"n":"Boîte chat Whiskas  Gelée mer & campagne - 8x400g","p":8.62,"u":"2,76 €/KG","img":"https://fd9-photos.leclercdrive.fr/image.ashx?id=2759628&use=l&cat=p&typeid=i","cat":285601},{"id":26310,"n":"Cornichons Kühne Aigre doux - 360g","p":2.29,"u":"6,36 €/KG","img":"https://fd9-photos.leclercdrive.fr/image.ashx?id=2550925&use=l&cat=p&typeid=i","cat":284458},{"id":26323,"n":"Soda Jean's Cola Canette - 12x15cl","p":3.75,"u":"2,08 €/L","img":"https://fd9-photos.leclercdrive.fr/image.ashx?id=2637895&use=l&cat=p&typeid=i","cat":284530},{"id":26376,"n":"Pepites de chocolat au lait Vahiné - 100g","p":2.39,"u":"23,90 €/KG","img":"https://fd9-photos.leclercdrive.fr/image.ashx?id=2983243&use=l&cat=p&typeid=i","cat":284504},{"id":26377,"n":"Pépites Vahiné Chocolat chunks - 100g","p":2.63,"u":"26,30 €/KG","img":"https://fd9-photos.leclercdrive.fr/image.ashx?id=2606262&use=l&cat=p&typeid=i","cat":284504},{"id":26384,"n":"Pépites Vahiné Chocolat noir 200g","p":3.9,"u":"19,50 €/KG","img":"https://fd9-photos.leclercdrive.fr/image.ashx?id=2606265&use=l&cat=p&typeid=i","cat":284504},{"id":26460,"n":"Oignon rose de Roscoff AOP NRT - 1kg","p":3.99,"u":"3,99 €/KG","img":"https://fd9-photos.leclercdrive.fr/image.ashx?id=2726433&use=l&cat=p&typeid=i","cat":284352},{"id":26484,"n":"Croquette chat stérilisé Ultima  Poulet - 3kg","p":11.59,"u":"3,86 €/KG","img":"https://fd9-photos.leclercdrive.fr/image.ashx?id=2918886&use=l&cat=p&typeid=i","cat":284680},{"id":26512,"n":"Fromage blanc Délisse Fraise 5.5%MG - 500g","p":2.55,"u":"5,10 €/KG","img":"https://fd9-photos.leclercdrive.fr/image.ashx?id=3009514&use=l&cat=p&typeid=i","cat":284409},{"id":26548,"n":"Oeufs de caille frais Fineplume x18","p":1.89,"u":"0,11 €/P","img":"https://fd9-photos.leclercdrive.fr/image.ashx?id=2578529&use=l&cat=p&typeid=i","cat":284378},{"id":26586,"n":"Fromage blanc Déli'light Vanille 0%MG - 8x100g","p":2.66,"u":"3,33 €/KG","img":"https://fd9-photos.leclercdrive.fr/image.ashx?id=2043352&use=l&cat=p&typeid=i","cat":315000},{"id":26643,"n":"Viande Bovine Rumsteack Socopa Aux trois poivres - x2 - 240g","p":6.39,"u":"26,63 €/KG","img":"https://fd9-photos.leclercdrive.fr/image.ashx?id=2413492&use=l&cat=p&typeid=i","cat":284328},{"id":26649,"n":"Cacahuètes Benenuts-Twinuts Nature Sel - 150g","p":1.1,"u":"7,33 €/KG","img":"https://fd9-photos.leclercdrive.fr/image.ashx?id=2967735&use=l&cat=p&typeid=i","cat":284448},{"id":26659,"n":"Fonds d'artichauts Notre Jardin 210g","p":2.75,"u":"13,10 €/KG","img":"https://fd9-photos.leclercdrive.fr/image.ashx?id=2607921&use=l&cat=p&typeid=i","cat":312611},{"id":26663,"n":"Farine de sarrasin Treblec 1kg","p":2.87,"u":"2,87 €/KG","img":"https://fd9-photos.leclercdrive.fr/image.ashx?id=2734843&use=l&cat=p&typeid=i","cat":284503},{"id":26708,"n":"Cacahuètes Benenuts-Twinuts Bacon Grillé - 150g","p":1.11,"u":"7,40 €/KG","img":"https://fd9-photos.leclercdrive.fr/image.ashx?id=2967738&use=l&cat=p&typeid=i","cat":284448},{"id":26713,"n":"Brownie Brossard Chocolat pépites 285g","p":2.65,"u":"9,30 €/KG","img":"https://fd9-photos.leclercdrive.fr/image.ashx?id=2977492&use=l&cat=p&typeid=i","cat":294776},{"id":26722,"n":"Ratatouille Cuisinée Cassegrain à la Provençale 660g","p":3.66,"u":"5,55 €/KG","img":"https://fd9-photos.leclercdrive.fr/image.ashx?id=2902660&use=l&cat=p&typeid=i","cat":312612},{"id":26733,"n":"Dessert végétal au soja Sojasun Nature - 12x100g","p":3.13,"u":"2,61 €/KG","img":"https://fd9-photos.leclercdrive.fr/image.ashx?id=2355665&use=l&cat=p&typeid=i","cat":316071},{"id":26765,"n":"Mayonnaise Rustica A la moutarde de Dijon - 470g","p":1.6,"u":"3,40 €/KG","img":"https://fd9-photos.leclercdrive.fr/image.ashx?id=2954361&use=l&cat=p&typeid=i","cat":298295},{"id":26797,"n":"Compote Douceur du Verger Coupelle pomme fraise - 4x100g","p":1.15,"u":"2,88 €/KG","img":"https://fd9-photos.leclercdrive.fr/image.ashx?id=2663503&use=l&cat=p&typeid=i","cat":284508},{"id":26818,"n":"Boisson base vin rosée Very Pamp Pamplemousse - 75cl","p":2.99,"u":"3,99 €/L","img":"https://fd9-photos.leclercdrive.fr/image.ashx?id=2446629&use=l&cat=p&typeid=i","cat":304569},{"id":26819,"n":"Boisson aromatisée Vin rosé Pamplemousse 7.5%,vol BIB 3L","p":9.5,"u":"3,17 €/L","img":"https://fd9-photos.leclercdrive.fr/image.ashx?id=2470024&use=l&cat=p&typeid=i","cat":304569},{"id":26820,"n":"IGP Pays d'Oc rouge Roche Mazet Merlot - BIB 3L","p":10.6,"u":"3,53 €/L","img":"https://fd9-photos.leclercdrive.fr/image.ashx?id=2597387&use=l&cat=p&typeid=i","cat":289560},{"id":26824,"n":"Beurre Moulé Paysan Breton Sel de guérande - 80% MG - 500g","p":6.31,"u":"12,62 €/KG","img":"https://fd9-photos.leclercdrive.fr/image.ashx?id=2960783&use=l&cat=p&typeid=i","cat":284379},{"id":26840,"n":"Spray Détachant Vanish  Avant-lavage - 750ml","p":4.62,"u":"6,16 €/L","img":"https://fd9-photos.leclercdrive.fr/image.ashx?id=2963913&use=l&cat=p&typeid=i","cat":284651},{"id":26877,"n":"Crackers Mini pizza Tokapi 85g","p":0.69,"u":"8,12 €/KG","img":"https://fd9-photos.leclercdrive.fr/image.ashx?id=2351232&use=l&cat=p&typeid=i","cat":297000},{"id":26926,"n":"Couches bébé Mots d'Enfants -T3 Ultra confort - 4/9kg - x162","p":19.7,"u":"0,12 €/P","img":"https://fd9-photos.leclercdrive.fr/image.ashx?id=2573987&use=l&cat=p&typeid=i","cat":284737},{"id":26945,"n":"Bâtonnets Trium Noix de coco x4 - 292g","p":2.69,"u":"9,21 €/KG","img":"https://fd9-photos.leclercdrive.fr/image.ashx?id=2767501&use=l&cat=p&typeid=i","cat":284265},{"id":26978,"n":"Chewing-gum menthol Airwaves Eucalyptus s/sucre 5x10","p":2.2,"img":"https://fd9-photos.leclercdrive.fr/image.ashx?id=2355902&use=l&cat=p&typeid=i","cat":304251},{"id":26979,"n":"Chewing-gum Airwaves Cool cassis s/sucre 5x10","p":2.2,"img":"https://fd9-photos.leclercdrive.fr/image.ashx?id=2355905&use=l&cat=p&typeid=i","cat":304251},{"id":26980,"n":"Chewing-gum Airwaves Black menthol sans sucre 5x10","p":2.19,"img":"https://fd9-photos.leclercdrive.fr/image.ashx?id=2355908&use=l&cat=p&typeid=i","cat":304251},{"id":26988,"n":"Courgette Eco+ 1kg","p":2.49,"u":"2,49 €/KG","img":"https://fd9-photos.leclercdrive.fr/image.ashx?id=2625692&use=l&cat=p&typeid=i","cat":284352},{"id":26998,"n":"Sachet repas chats Gourmet Les filettines en sauce -12x85g","p":5.51,"u":"5,40 €/KG","img":"https://fd9-photos.leclercdrive.fr/image.ashx?id=2902277&use=l&cat=p&typeid=i","cat":285286},{"id":27069,"n":"Sorbet Oasis Multifruits x10 - 400g","p":2.84,"u":"7,10 €/KG","img":"https://fd9-photos.leclercdrive.fr/image.ashx?id=2831924&use=l&cat=p&typeid=i","cat":285250},{"id":27070,"n":"Bâtonnets Oasis Tropical x10 - 400g","p":2.65,"u":"6,63 €/KG","img":"https://fd9-photos.leclercdrive.fr/image.ashx?id=2877829&use=l&cat=p&typeid=i","cat":285250},{"id":27088,"n":"Glace à l'eau Stick Smicy 5 parfums x20 - 845g","p":2.74,"u":"3,24 €/KG","img":"https://fd9-photos.leclercdrive.fr/image.ashx?id=2073057&use=l&cat=p&typeid=i","cat":285250},{"id":27091,"n":"Mayonnaise Rustica A la moutarde de Dijon - 235g","p":1.13,"u":"4,81 €/KG","img":"https://fd9-photos.leclercdrive.fr/image.ashx?id=2954358&use=l&cat=p&typeid=i","cat":298295},{"id":27093,"n":"Compote Douceur du Verger Coupelle pomme abricot - 4x100g","p":1.19,"u":"2,98 €/KG","img":"https://fd9-photos.leclercdrive.fr/image.ashx?id=2663500&use=l&cat=p&typeid=i","cat":284508},{"id":27096,"n":"Mayonnaise allégée Rustica 450g","p":1.13,"u":"2,51 €/KG","img":"https://fd9-photos.leclercdrive.fr/image.ashx?id=1948556&use=l&cat=p&typeid=i","cat":298295},{"id":27098,"n":"Café moulu Plantation Brésil - 250g","p":3.71,"u":"14,84 €/KG","img":"https://fd9-photos.leclercdrive.fr/image.ashx?id=2607512&use=l&cat=p&typeid=i","cat":284750},{"id":27106,"n":"Couches bébé Mots d'Enfants Mini - T2 : 3/6kg - x35 changes","p":5.18,"u":"0,15 €/P","img":"https://fd9-photos.leclercdrive.fr/image.ashx?id=2904568&use=l&cat=p&typeid=i","cat":284737},{"id":27114,"n":"Lait céréales Blédidej 12 mois Chocolat - 4x250ml","p":3.46,"u":"3,46 €/L","img":"https://fd9-photos.leclercdrive.fr/image.ashx?id=2921058&use=l&cat=p&typeid=i","cat":312226},{"id":27121,"n":"Papillotes Préparation Maggi Poulet herbes de Provence - 34g","p":0.67,"u":"19,71 €/KG","img":"https://fd9-photos.leclercdrive.fr/image.ashx?id=2614284&use=l&cat=p&typeid=i","cat":288380},{"id":27123,"n":"Petit sucre Beghin Say Morceaux boite - 1kg","p":2.58,"u":"2,58 €/KG","img":"https://fd9-photos.leclercdrive.fr/image.ashx?id=2855100&use=l&cat=p&typeid=i","cat":284502},{"id":27149,"n":"Bonbons Croibleu Sève de pin - 250g","p":2.11,"u":"8,44 €/KG","img":"https://fd9-photos.leclercdrive.fr/image.ashx?id=1640045&use=l&cat=p&typeid=i","cat":304252},{"id":27158,"n":"Mini Barre Chocolat Lait KitKat x21 barres - 350g","p":4.5,"u":"12,86 €/KG","img":"https://fd9-photos.leclercdrive.fr/image.ashx?id=2762611&use=l&cat=p&typeid=i","cat":284498},{"id":27174,"n":"Bière blonde Tripel Karmeliet 8,4% - 75cl","p":4.51,"u":"6,01 €/L","img":"https://fd9-photos.leclercdrive.fr/image.ashx?id=2861180&use=l&cat=p&typeid=i","cat":334872},{"id":27178,"n":"Friandises Fun Tastix Fido Jambon fromage - 150g","p":1.59,"u":"10,60 €/KG","img":"https://fd9-photos.leclercdrive.fr/image.ashx?id=2681212&use=l&cat=p&typeid=i","cat":294527},{"id":27194,"n":"Mélange de matières grasses Le Fleurier - 53%mg - 250g","p":2.06,"u":"8,24 €/KG","img":"https://fd9-photos.leclercdrive.fr/image.ashx?id=2885941&use=l&cat=p&typeid=i","cat":315229},{"id":27228,"n":"Couches bébé Mots d'Enfants Ecologique - T3 : 4/9kg - x36","p":8.99,"u":"0,25 €/P","img":"https://fd9-photos.leclercdrive.fr/image.ashx?id=2904559&use=l&cat=p&typeid=i","cat":284737},{"id":27229,"n":"Couches bébé Mots d'Enfants Ecologique - T4 : 7/18kg - x32","p":8.99,"u":"0,28 €/P","img":"https://fd9-photos.leclercdrive.fr/image.ashx?id=1928635&use=l&cat=p&typeid=i","cat":284737},{"id":27230,"n":"Couches bébé Mots d'Enfants Ecologique - T5 : 11/25kg - x28","p":9.29,"u":"0,33 €/P","img":"https://fd9-photos.leclercdrive.fr/image.ashx?id=1928638&use=l&cat=p&typeid=i","cat":284737},{"id":27260,"n":"Profiteroles La Laitière Chocolat - 4x90g","p":3.08,"u":"8,56 €/KG","img":"https://fd9-photos.leclercdrive.fr/image.ashx?id=3007981&use=l&cat=p&typeid=i","cat":284419},{"id":27330,"n":"Terrine de campagne Arnaud Volaille + porc - 3x180g","p":3.51,"u":"6,50 €/KG","img":"https://fd9-photos.leclercdrive.fr/image.ashx?id=2020896&use=l&cat=p&typeid=i","cat":305149},{"id":27332,"n":"Terrine de campagne Arnaud Le Goût tradition - 180g","p":1.36,"u":"7,56 €/KG","img":"https://fd9-photos.leclercdrive.fr/image.ashx?id=1651655&use=l&cat=p&typeid=i","cat":305149},{"id":27367,"n":"Vin d'Union Européenne blanc François D'Aubigné - 75 cl","p":1.49,"u":"1,99 €/L","img":"https://fd9-photos.leclercdrive.fr/image.ashx?id=2939043&use=l&cat=p&typeid=i","cat":289557},{"id":27372,"n":"Adoucissant Hyperdou Douceur pêche - 3x250ml","p":1.24,"u":"1,65 €/L","img":"https://fd9-photos.leclercdrive.fr/image.ashx?id=2657208&use=l&cat=p&typeid=i","cat":284650},{"id":27386,"n":"Fromage Spécialité Cousteron Familial - 460g","p":4.6,"u":"10,00 €/KG","img":"https://fd9-photos.leclercdrive.fr/image.ashx?id=2143756&use=l&cat=p&typeid=i","cat":329184},{"id":27407,"n":"Rillettes du Mans Prunier Fermier Label Rouge - 220g","p":3.62,"u":"16,45 €/KG","img":"https://fd9-photos.leclercdrive.fr/image.ashx?id=2505013&use=l&cat=p&typeid=i","cat":316008},{"id":27432,"n":"Sac de tournesol Pictou 3kg","p":4.7,"u":"1,57 €/KG","img":"https://fd9-photos.leclercdrive.fr/image.ashx?id=2231792&use=l&cat=p&typeid=i","cat":284678},{"id":27434,"n":"Coupelles Pêches DDV Sirop léger - 4x70 g","p":2.49,"u":"8,89 €/KG","img":"https://fd9-photos.leclercdrive.fr/image.ashx?id=2100784&use=l&cat=p&typeid=i","cat":284507},{"id":27454,"n":"Maïs Notre Jardin Croquant - 3x140g","p":1.83,"u":"4,36 €/KG","img":"https://fd9-photos.leclercdrive.fr/image.ashx?id=2052802&use=l&cat=p&typeid=i","cat":312611},{"id":27487,"n":"Dés Salakis basilic Fromage brebis - 300g","p":3.5,"u":"11,67 €/KG","img":"https://fd9-photos.leclercdrive.fr/image.ashx?id=2729695&use=l&cat=p&typeid=i","cat":314026},{"id":27523,"n":"Colin d'Alaska Pêche Océan À la parisienne - MSC - 400g","p":2.79,"u":"6,98 €/KG","img":"https://fd9-photos.leclercdrive.fr/image.ashx?id=2930120&use=l&cat=p&typeid=i","cat":319786},{"id":27524,"n":"Colin d'Alaska Côté Table A la provençale - MSC - 400g","p":2.79,"u":"6,98 €/KG","img":"https://fd9-photos.leclercdrive.fr/image.ashx?id=2930123&use=l&cat=p&typeid=i","cat":319786},{"id":27531,"n":"Assortiment exotique Tables du Monde 470g","p":4.79,"u":"10,19 €/KG","img":"https://fd9-photos.leclercdrive.fr/image.ashx?id=2657954&use=l&cat=p&typeid=i","cat":333673},{"id":27721,"n":"Emmental Les Croisés En tranches - 200g","p":1.94,"u":"9,70 €/KG","img":"https://fd9-photos.leclercdrive.fr/image.ashx?id=2436317&use=l&cat=p&typeid=i","cat":314028},{"id":27798,"n":"Bière ambrée corse Pietra 6° - 75cl","p":3.86,"u":"5,15 €/L","img":"https://fd9-photos.leclercdrive.fr/image.ashx?id=2992921&use=l&cat=p&typeid=i","cat":334872},{"id":27834,"n":"Pizza Crousti-moelleuse Marie 4 fromages - 510g","p":3.85,"u":"7,55 €/KG","img":"https://fd9-photos.leclercdrive.fr/image.ashx?id=2996749&use=l&cat=p&typeid=i","cat":284256},{"id":27941,"n":"Cotons Duo Démaquillants Inell Disques x110","p":0.97,"img":"https://fd9-photos.leclercdrive.fr/image.ashx?id=1709588&use=l&cat=p&typeid=i","cat":285593},{"id":27961,"n":"Poulet basquaise Marie Riz à la tomate - 900g","p":4.88,"u":"5,42 €/KG","img":"https://fd9-photos.leclercdrive.fr/image.ashx?id=2996779&use=l&cat=p&typeid=i","cat":284254},{"id":27976,"n":"Eau minérale naturelle Vittel 8x33cl","p":2.6,"u":"0,98 €/L","img":"https://fd9-photos.leclercdrive.fr/image.ashx?id=3000423&use=l&cat=p&typeid=i","cat":284535},{"id":27977,"n":"Eau minérale naturelle Vittel 6x50cl","p":2.43,"u":"0,81 €/L","img":"https://fd9-photos.leclercdrive.fr/image.ashx?id=2999850&use=l&cat=p&typeid=i","cat":284535},{"id":28016,"n":"Haché de veau Tendriade Tendre nature - 200g","p":3.75,"u":"18,75 €/KG","img":"https://fd9-photos.leclercdrive.fr/image.ashx?id=2846445&use=l&cat=p&typeid=i","cat":284332},{"id":28021,"n":"Dentifrice enfant Dentamyl Gel fraise - 75ml","p":1.25,"u":"16,67 €/L","img":"https://fd9-photos.leclercdrive.fr/image.ashx?id=2613831&use=l&cat=p&typeid=i","cat":288898},{"id":28023,"n":"Duo céréales Comptoir du Grain  Quinoa et Boulgour - 400g","p":2.05,"u":"5,13 €/KG","img":"https://fd9-photos.leclercdrive.fr/image.ashx?id=3012830&use=l&cat=p&typeid=i","cat":284429},{"id":28076,"n":"AOP Madiran rouge Terroirs de Tilhet - 75cl","p":5.51,"u":"7,35 €/L","img":"https://fd9-photos.leclercdrive.fr/image.ashx?id=2996830&use=l&cat=p&typeid=i","cat":289556},{"id":28078,"n":"Coton bébé Mots d'Enfants Duo maxi carrés - x80","p":1.79,"u":"0,02 €/P","img":"https://fd9-photos.leclercdrive.fr/image.ashx?id=1947722&use=l&cat=p&typeid=i","cat":284739},{"id":28083,"n":"Maïs Notre Jardin Tendre  - 2x300g","p":1.88,"u":"3,13 €/KG","img":"https://fd9-photos.leclercdrive.fr/image.ashx?id=3005661&use=l&cat=p&typeid=i","cat":312611},{"id":28099,"n":"Eau minérale gazeuse St Diery Naturelle - 6x1,25L","p":2.16,"u":"0,29 €/L","img":"https://fd9-photos.leclercdrive.fr/image.ashx?id=2423523&use=l&cat=p&typeid=i","cat":284536},{"id":28104,"n":"IGP Pays d'Oc Merlot vin rosé Vieux Carion 12.5% vol -75 cl","p":2.25,"u":"3,00 €/L","img":"https://fd9-photos.leclercdrive.fr/image.ashx?id=2903962&use=l&cat=p&typeid=i","cat":289558},{"id":28203,"n":"Fromage : Le Carré Les Croisés 23%mg - 230g","p":1.92,"u":"8,35 €/KG","img":"https://fd9-photos.leclercdrive.fr/image.ashx?id=2974801&use=l&cat=p&typeid=i","cat":314033},{"id":28209,"n":"Noix de cajou grillées Tokapi Salées - 125g","p":1.48,"u":"11,84 €/KG","img":"https://fd9-photos.leclercdrive.fr/image.ashx?id=2968625&use=l&cat=p&typeid=i","cat":284448},{"id":28211,"n":"Pistaches Tokapi Grillées et salées - 125g","p":1.85,"u":"14,80 €/KG","img":"https://fd9-photos.leclercdrive.fr/image.ashx?id=2795550&use=l&cat=p&typeid=i","cat":284448},{"id":28216,"n":"Café en grains Bio Village Bio 100% arabica - 250g","p":4.43,"u":"17,72 €/KG","img":"https://fd9-photos.leclercdrive.fr/image.ashx?id=1470434&use=l&cat=p&typeid=i","cat":293237},{"id":28226,"n":"Cotons Duo Démaquillants Inell Duo ovale - Disques x70","p":1.56,"img":"https://fd9-photos.leclercdrive.fr/image.ashx?id=1709940&use=l&cat=p&typeid=i","cat":285593},{"id":28241,"n":"Savon mains en crème Manava Lait et miel - 300ml","p":1.05,"u":"3,50 €/L","img":"https://fd9-photos.leclercdrive.fr/image.ashx?id=2935486&use=l&cat=p&typeid=i","cat":284597},{"id":28269,"n":"Sacs congélation Eco+ Moyen modèle - x75","p":1.71,"u":"0,02 €/P","img":"https://fd9-photos.leclercdrive.fr/image.ashx?id=2558748&use=l&cat=p&typeid=i","cat":334134},{"id":28278,"n":"Oranges à jus Panier du Primeur Filet 2kg","p":3.39,"u":"1,70 €/KG","img":"https://fd9-photos.leclercdrive.fr/image.ashx?id=2414570&use=l&cat=p&typeid=i","cat":284356},{"id":28280,"n":"Flan entremets Tablier Blanc Vanille x4 192g","p":0.99,"u":"5,16 €/KG","img":"https://fd9-photos.leclercdrive.fr/image.ashx?id=2487464&use=l&cat=p&typeid=i","cat":284505},{"id":28308,"n":"Paëlla Royale Côté Table Poulet, moule et chorizo 940g","p":3.69,"u":"3,93 €/KG","img":"https://fd9-photos.leclercdrive.fr/image.ashx?id=2977873&use=l&cat=p&typeid=i","cat":325094},{"id":28353,"n":"AOP Reblochon de Savoie Pochat 45%mg - 450g","p":6.95,"u":"15,44 €/KG","img":"https://fd9-photos.leclercdrive.fr/image.ashx?id=2102761&use=l&cat=p&typeid=i","cat":314037},{"id":28356,"n":"Saucisson à cuire Randy De Lyon 400g","p":5.24,"u":"13,10 €/KG","img":"https://fd9-photos.leclercdrive.fr/image.ashx?id=2733496&use=l&cat=p&typeid=i","cat":316006},{"id":28368,"n":"Tablette de chocolat Equador Noir fleur de sel 100g","p":1.42,"u":"14,20 €/KG","img":"https://fd9-photos.leclercdrive.fr/image.ashx?id=2660565&use=l&cat=p&typeid=i","cat":284956},{"id":28386,"n":"Brioche de Lyon saucisson NRT 400g","p":4.99,"u":"12,48 €/KG","img":"https://fd9-photos.leclercdrive.fr/image.ashx?id=2743849&use=l&cat=p&typeid=i","cat":333671},{"id":28415,"n":"Colin d'Alaska Pêche Océan À la moutarde - MSC - 400g","p":2.99,"u":"7,48 €/KG","img":"https://fd9-photos.leclercdrive.fr/image.ashx?id=2930117&use=l&cat=p&typeid=i","cat":319786},{"id":28419,"n":"Lingettes anti-transfert Texil Tous textiles x25","p":2.32,"u":"0,09 €/P","img":"https://fd9-photos.leclercdrive.fr/image.ashx?id=2964571&use=l&cat=p&typeid=i","cat":290450},{"id":28422,"n":"Choucroute d'Alsace NRT 920g","p":6.87,"u":"7,47 €/KG","img":"https://fd9-photos.leclercdrive.fr/image.ashx?id=2723243&use=l&cat=p&typeid=i","cat":333666},{"id":28423,"n":"Choucroute d'Alsace NRT 370g","p":3.04,"u":"8,22 €/KG","img":"https://fd9-photos.leclercdrive.fr/image.ashx?id=2723246&use=l&cat=p&typeid=i","cat":333665},{"id":28432,"n":"Jus d'ananas Eco + Brique 1L","p":1.57,"u":"1,57 €/L","img":"https://fd9-photos.leclercdrive.fr/image.ashx?id=2802263&use=l&cat=p&typeid=i","cat":284916},{"id":28562,"n":"Oranges à déguster Panier du Primeur Filet 2kg","p":3.19,"u":"1,60 €/KG","img":"https://fd9-photos.leclercdrive.fr/image.ashx?id=2414567&use=l&cat=p&typeid=i","cat":284356},{"id":28594,"n":"Soupe instantanée Royco  Crème d'asperges - 4x200ml","p":1.64,"u":"2,05 €/L","img":"https://fd9-photos.leclercdrive.fr/image.ashx?id=2650982&use=l&cat=p&typeid=i","cat":293527},{"id":28596,"n":"Soupe instantanée Royco  Crème de volaille - 4x200ml","p":1.73,"u":"2,16 €/L","img":"https://fd9-photos.leclercdrive.fr/image.ashx?id=2376413&use=l&cat=p&typeid=i","cat":293527},{"id":28614,"n":"Pur jus d'orange Eco+ Brique - 1L","p":1.87,"u":"1,87 €/L","img":"https://fd9-photos.leclercdrive.fr/image.ashx?id=2802260&use=l&cat=p&typeid=i","cat":284521},{"id":28710,"n":"Lingettes Mots d'Enfants Bio Bébé - x72 lingettes","p":2.53,"u":"0,04 €/P","img":"https://fd9-photos.leclercdrive.fr/image.ashx?id=2856504&use=l&cat=p&typeid=i","cat":284738},{"id":28725,"n":"Nettoyant écologique Uni Vert Spécial Vitres - 750ml","p":1.47,"u":"1,96 €/L","img":"https://fd9-photos.leclercdrive.fr/image.ashx?id=2372341&use=l&cat=p&typeid=i","cat":325363},{"id":28727,"n":"Tablettes anti-calcaire Calgon  4 en 1 - x48","p":9.73,"u":"15,59 €/KG","img":"https://fd9-photos.leclercdrive.fr/image.ashx?id=2954881&use=l&cat=p&typeid=i","cat":284653},{"id":28730,"n":"Bain moussant Manava Vanille et ambre 500ml","p":2.14,"u":"4,28 €/L","img":"https://fd9-photos.leclercdrive.fr/image.ashx?id=2618326&use=l&cat=p&typeid=i","cat":284594},{"id":28755,"n":"Beurre Bio Président Doux - 82% MG - 250g","p":3.66,"u":"14,64 €/KG","img":"https://fd9-photos.leclercdrive.fr/image.ashx?id=2545993&use=l&cat=p&typeid=i","cat":284379},{"id":28809,"n":"Pain burger géant Epi d'Or Nature x4 - 330g","p":0.87,"u":"2,64 €/KG","img":"https://fd9-photos.leclercdrive.fr/image.ashx?id=1861089&use=l&cat=p&typeid=i","cat":325067},{"id":28827,"n":"Chili con carne Côté Table Au piment de Cayenne - 820g","p":3.24,"u":"3,95 €/KG","img":"https://fd9-photos.leclercdrive.fr/image.ashx?id=2977156&use=l&cat=p&typeid=i","cat":325094},{"id":28831,"n":"Cookies Méga pépites P'tit Déli Choco amandes caramelisées 184g","p":1.51,"u":"8,21 €/KG","img":"https://fd9-photos.leclercdrive.fr/image.ashx?id=2116128&use=l&cat=p&typeid=i","cat":325066},{"id":28832,"n":"Cookies Méga pépites P'tit Déli Chocolat 184g","p":1.51,"u":"8,21 €/KG","img":"https://fd9-photos.leclercdrive.fr/image.ashx?id=2722814&use=l&cat=p&typeid=i","cat":325066},{"id":28866,"n":"Coq au vin et ses torsades NRT 300g","p":2.61,"u":"8,70 €/KG","img":"https://fd9-photos.leclercdrive.fr/image.ashx?id=2723240&use=l&cat=p&typeid=i","cat":284953},{"id":28869,"n":"Parmentier canard Sud Ouest NRT - 300g","p":2.99,"u":"9,97 €/KG","img":"https://fd9-photos.leclercdrive.fr/image.ashx?id=2925210&use=l&cat=p&typeid=i","cat":284953},{"id":28872,"n":"Saucisses de Toulouse lentilles NRT - 300g","p":2.36,"u":"7,87 €/KG","img":"https://fd9-photos.leclercdrive.fr/image.ashx?id=2723234&use=l&cat=p&typeid=i","cat":284953},{"id":28938,"n":"Velouté bio Bio Village Légumes variés  - 1L","p":2.04,"u":"2,04 €/L","img":"https://fd9-photos.leclercdrive.fr/image.ashx?id=2404154&use=l&cat=p&typeid=i","cat":284462},{"id":28941,"n":"Potage gourmand Régal Soupe Légumes et fromage fondu - 1L","p":2.42,"u":"2,42 €/L","img":"https://fd9-photos.leclercdrive.fr/image.ashx?id=2607524&use=l&cat=p&typeid=i","cat":284462},{"id":28966,"n":"Liqueur Malibu Coco 18% vol - 70cl","p":10.3,"u":"14,71 €/L","img":"https://fd9-photos.leclercdrive.fr/image.ashx?id=2993481&use=l&cat=p&typeid=i","cat":284551},{"id":28996,"n":"Mayonnaise de Dijon AMORA 235g","p":1.96,"u":"8,34 €/KG","img":"https://fd9-photos.leclercdrive.fr/image.ashx?id=2946649&use=l&cat=p&typeid=i","cat":298295},{"id":28997,"n":"Mayonnaise de Dijon Amora 235g","p":1.52,"u":"6,47 €/KG","img":"https://fd9-photos.leclercdrive.fr/image.ashx?id=2877208&use=l&cat=p&typeid=i","cat":298295},{"id":28999,"n":"Mayonnaise de Dijon Amora Sans conservateur  - 415g","p":2.24,"u":"5,40 €/KG","img":"https://fd9-photos.leclercdrive.fr/image.ashx?id=2964207&use=l&cat=p&typeid=i","cat":298295},{"id":29000,"n":"Mayonnaise de Dijon Amora 710g","p":3.17,"u":"4,46 €/KG","img":"https://fd9-photos.leclercdrive.fr/image.ashx?id=2598672&use=l&cat=p&typeid=i","cat":298295},{"id":29011,"n":"Foie gras canard IGP Landes Nos Régions ont du Talent 200g","p":16.95,"u":"84,75 €/KG","img":"https://fd9-photos.leclercdrive.fr/image.ashx?id=2743873&use=l&cat=p&typeid=i","cat":316008},{"id":29013,"n":"Foie gras canard IGP Périgord Entier NRT - 125g","p":12.5,"u":"100,00 €/KG","img":"https://fd9-photos.leclercdrive.fr/image.ashx?id=2743876&use=l&cat=p&typeid=i","cat":316008},{"id":29014,"n":"Bloc de foie gras de canard Pierre de Chaumeyrac 300g","p":18.9,"u":"63,00 €/KG","img":"https://fd9-photos.leclercdrive.fr/image.ashx?id=2783014&use=l&cat=p&typeid=i","cat":316008},{"id":29015,"n":"Foie gras de canard entier Bocal - 180g","p":12.9,"u":"71,67 €/KG","img":"https://fd9-photos.leclercdrive.fr/image.ashx?id=2801031&use=l&cat=p&typeid=i","cat":316008},{"id":29017,"n":"Bloc de Foie gras canard 200g","p":9.49,"u":"47,45 €/KG","img":"https://fd9-photos.leclercdrive.fr/image.ashx?id=2814845&use=l&cat=p&typeid=i","cat":316008},{"id":29044,"n":"Cerneaux de noix Tablier Blanc 50g","p":1.3,"u":"26,00 €/KG","img":"https://fd9-photos.leclercdrive.fr/image.ashx?id=2460607&use=l&cat=p&typeid=i","cat":323809},{"id":29045,"n":"Noisettes Tablier Blanc En poudre 125g","p":2.75,"u":"22,00 €/KG","img":"https://fd9-photos.leclercdrive.fr/image.ashx?id=2460598&use=l&cat=p&typeid=i","cat":284504},{"id":29047,"n":"Pignons de pin Tablier Blanc 50g","p":2.39,"u":"47,80 €/KG","img":"https://fd9-photos.leclercdrive.fr/image.ashx?id=2867907&use=l&cat=p&typeid=i","cat":323809},{"id":29048,"n":"Pralin Tablier Blanc 100g","p":1.56,"u":"15,60 €/KG","img":"https://fd9-photos.leclercdrive.fr/image.ashx?id=2460604&use=l&cat=p&typeid=i","cat":284504},{"id":29075,"n":"Sauce Tzatziki Tables du Monde 100g","p":0.9,"u":"9,00 €/KG","img":"https://fd9-photos.leclercdrive.fr/image.ashx?id=2872445&use=l&cat=p&typeid=i","cat":315999},{"id":29094,"n":"Crème Fraîche Elle&Vire Fleurette Légère -12% MG- 33cl","p":2.05,"u":"6,21 €/L","img":"https://fd9-photos.leclercdrive.fr/image.ashx?id=2771217&use=l&cat=p&typeid=i","cat":284381},{"id":29095,"n":"Yaourts brassés Délisse Vanille - 8x125g","p":2.65,"u":"2,65 €/KG","img":"https://fd9-photos.leclercdrive.fr/image.ashx?id=2372338&use=l&cat=p&typeid=i","cat":284410},{"id":29117,"n":"Bonbons sans sucres Confiséo Menthe - 150g","p":1.98,"u":"13,20 €/KG","img":"https://fd9-photos.leclercdrive.fr/image.ashx?id=2934697&use=l&cat=p&typeid=i","cat":304252},{"id":29119,"n":"Potage gourmand Régal Soupe 8 légumes à la crème - 1L","p":1.69,"u":"1,69 €/L","img":"https://fd9-photos.leclercdrive.fr/image.ashx?id=2607521&use=l&cat=p&typeid=i","cat":284462},{"id":29133,"n":"Sacs poubelle Haute 50L Elembal Poignées coulissantes - x15","p":1.94,"u":"0,13 €/P","img":"https://fd9-photos.leclercdrive.fr/image.ashx?id=2958726&use=l&cat=p&typeid=i","cat":285168},{"id":29134,"n":"Mousse coiffante Vitanove Effet boucles - 200ml","p":1.48,"u":"7,40 €/L","img":"https://fd9-photos.leclercdrive.fr/image.ashx?id=2490040&use=l&cat=p&typeid=i","cat":284609},{"id":29144,"n":"Roquefort AOP Baragnaudes Fromage de brebis - 150g","p":4.24,"u":"28,27 €/KG","img":"https://fd9-photos.leclercdrive.fr/image.ashx?id=2729692&use=l&cat=p&typeid=i","cat":314032},{"id":29174,"n":"Lait de douche Manava Pêche de vigne - 250ml","p":0.94,"u":"3,76 €/L","img":"https://fd9-photos.leclercdrive.fr/image.ashx?id=2618323&use=l&cat=p&typeid=i","cat":284594},{"id":29358,"n":"Pur jus pamplemousse Jafaden Rose - 1L","p":1.67,"u":"1,67 €/L","img":"https://fd9-photos.leclercdrive.fr/image.ashx?id=2869269&use=l&cat=p&typeid=i","cat":284914},{"id":29360,"n":"AOP Cabernet d'Anjou vin rosé Les Caractères - BIB 5L","p":21.49,"u":"4,30 €/L","img":"https://fd9-photos.leclercdrive.fr/image.ashx?id=2913672&use=l&cat=p&typeid=i","cat":289560},{"id":29361,"n":"Sacs poubelle haute 30L Elembal Poignées coulissantes - x25","p":3.23,"u":"0,13 €/P","img":"https://fd9-photos.leclercdrive.fr/image.ashx?id=2958723&use=l&cat=p&typeid=i","cat":285168},{"id":29396,"n":"Mousse coiffante Vitanove Effet volume - 200ml","p":1.48,"u":"7,40 €/L","img":"https://fd9-photos.leclercdrive.fr/image.ashx?id=2490037&use=l&cat=p&typeid=i","cat":284609},{"id":29419,"n":"Tortillas chips Tokapi Nature - 150g","p":0.55,"u":"3,67 €/KG","img":"https://fd9-photos.leclercdrive.fr/image.ashx?id=2647955&use=l&cat=p&typeid=i","cat":287899},{"id":29442,"n":"Boules de graines Pictou x50","p":7.9,"u":"1,76 €/KG","img":"https://fd9-photos.leclercdrive.fr/image.ashx?id=2021661&use=l&cat=p&typeid=i","cat":284678},{"id":29446,"n":"Filet de harengs Pêche Océan MSC - Aromates - 200g","p":2.5,"u":"12,50 €/KG","img":"https://fd9-photos.leclercdrive.fr/image.ashx?id=2863033&use=l&cat=p&typeid=i","cat":285190},{"id":29535,"n":"Croûtons Epi d'Or Ail - 2x90g","p":1.19,"u":"6,61 €/KG","img":"https://fd9-photos.leclercdrive.fr/image.ashx?id=2606049&use=l&cat=p&typeid=i","cat":284464},{"id":29701,"n":"Bonbons Confiséo Menthe fraîcheur - 360g","p":1.87,"u":"5,19 €/KG","img":"https://fd9-photos.leclercdrive.fr/image.ashx?id=2934682&use=l&cat=p&typeid=i","cat":304252},{"id":29753,"n":"Eau gazeuse La Pétillante Citron vert sans sucre - 1L","p":0.4,"u":"0,40 €/L","img":"https://fd9-photos.leclercdrive.fr/image.ashx?id=2669738&use=l&cat=p&typeid=i","cat":284536},{"id":29754,"n":"Eau gazeuse La Pétillante Citron sans sucre - 1L","p":0.4,"u":"0,40 €/L","img":"https://fd9-photos.leclercdrive.fr/image.ashx?id=2590442&use=l&cat=p&typeid=i","cat":284536},{"id":29761,"n":"Taboulé Pierre Martinet Au poulet 500g","p":2.34,"u":"4,68 €/KG","img":"https://fd9-photos.leclercdrive.fr/image.ashx?id=2990526&use=l&cat=p&typeid=i","cat":333657},{"id":29765,"n":"Eau gazeuse aromatisée Badoit citron sans sucres - 1l","p":0.93,"u":"0,93 €/L","img":"https://fd9-photos.leclercdrive.fr/image.ashx?id=2730634&use=l&cat=p&typeid=i","cat":284537},{"id":29773,"n":"Eau minérale naturelle Mag Source de magnésium - 6x1L","p":2.28,"u":"0,38 €/L","img":"https://fd9-photos.leclercdrive.fr/image.ashx?id=2423520&use=l&cat=p&typeid=i","cat":284535},{"id":29787,"n":"Champignons Menu Fraîcheur A la grecque - 300g","p":2.45,"u":"8,17 €/KG","img":"https://fd9-photos.leclercdrive.fr/image.ashx?id=2965485&use=l&cat=p&typeid=i","cat":333657},{"id":29793,"n":"Fromage de brebis Les Croisés Rond 25%mg - 100g","p":1.83,"u":"18,30 €/KG","img":"https://fd9-photos.leclercdrive.fr/image.ashx?id=1942404&use=l&cat=p&typeid=i","cat":314031},{"id":29794,"n":"Triangolo Fromage enfants vache Les Croisés 24 portions - 400g","p":2.67,"u":"6,68 €/KG","img":"https://fd9-photos.leclercdrive.fr/image.ashx?id=2969716&use=l&cat=p&typeid=i","cat":314030},{"id":29795,"n":"Fromage à tartiner Les Croisés Ail et fines herbes 24%mg 250g","p":2.09,"u":"8,36 €/KG","img":"https://fd9-photos.leclercdrive.fr/image.ashx?id=2476143&use=l&cat=p&typeid=i","cat":314029},{"id":29811,"n":"Museau de boeuf Menu Fraîcheur A la lyonnaise - 300g","p":1.99,"u":"6,63 €/KG","img":"https://fd9-photos.leclercdrive.fr/image.ashx?id=2816570&use=l&cat=p&typeid=i","cat":333657},{"id":29816,"n":"Bicarbonate alimentaire La Baleine - 800g","p":2.33,"u":"2,91 €/KG","img":"https://fd9-photos.leclercdrive.fr/image.ashx?id=2468335&use=l&cat=p&typeid=i","cat":284457},{"id":29840,"n":"Bouillon cubes herbes Knorr Huile d'olive Puget x15 -150g","p":1.38,"u":"9,20 €/KG","img":"https://fd9-photos.leclercdrive.fr/image.ashx?id=2890601&use=l&cat=p&typeid=i","cat":288379},{"id":29845,"n":"Moulin saveur Ducros Assaisonnement steak - 35g","p":3.34,"u":"95,43 €/KG","img":"https://fd9-photos.leclercdrive.fr/image.ashx?id=2559448&use=l&cat=p&typeid=i","cat":298297},{"id":29854,"n":"Beurre de Bretagne Les Croisés Doux - 82% MG - 250g","p":2.61,"u":"10,44 €/KG","img":"https://fd9-photos.leclercdrive.fr/image.ashx?id=2943641&use=l&cat=p&typeid=i","cat":284379},{"id":29855,"n":"Beurre de Bretagne Les Croisés Demi-sel - 80% MG - 250g","p":2.61,"u":"10,44 €/KG","img":"https://fd9-photos.leclercdrive.fr/image.ashx?id=2943644&use=l&cat=p&typeid=i","cat":284379},{"id":29856,"n":"Beurre Extra fin Les Croisés Doux - 82 % MG - 125g","p":1.49,"u":"11,92 €/KG","img":"https://fd9-photos.leclercdrive.fr/image.ashx?id=2791269&use=l&cat=p&typeid=i","cat":284379},{"id":29857,"n":"Beurre Les Croisés 80% MG  Demi-sel Extra fin - 125g","p":1.49,"u":"11,92 €/KG","img":"https://fd9-photos.leclercdrive.fr/image.ashx?id=2778063&use=l&cat=p&typeid=i","cat":284379},{"id":29861,"n":"Boisson lactée Délisse Fraise - 6x20cl","p":2.13,"u":"1,78 €/L","img":"https://fd9-photos.leclercdrive.fr/image.ashx?id=2174693&use=l&cat=p&typeid=i","cat":295246},{"id":29864,"n":"Crème fraîche entière Délisse Fleurette - 30% MG - 40cl","p":1.72,"u":"4,30 €/L","img":"https://fd9-photos.leclercdrive.fr/image.ashx?id=3002575&use=l&cat=p&typeid=i","cat":284381},{"id":29865,"n":"Crème fraîche légère Délisse Fleurette - 12% MG - 40cl","p":1.62,"u":"4,05 €/L","img":"https://fd9-photos.leclercdrive.fr/image.ashx?id=3002578&use=l&cat=p&typeid=i","cat":284381},{"id":29866,"n":"Crème légère fluide UHT Délisse Brique 12%mg - 1L","p":3.39,"u":"3,39 €/L","img":"https://fd9-photos.leclercdrive.fr/image.ashx?id=3015248&use=l&cat=p&typeid=i","cat":284381},{"id":29869,"n":"Crème anglaise Délisse 1L","p":2.49,"u":"2,49 €/L","img":"https://fd9-photos.leclercdrive.fr/image.ashx?id=3002596&use=l&cat=p&typeid=i","cat":284382},{"id":29870,"n":"Crème d'Isigny AOP NRT 40%MG - 20cl","p":1.79,"u":"8,95 €/L","img":"https://fd9-photos.leclercdrive.fr/image.ashx?id=2771070&use=l&cat=p&typeid=i","cat":284381},{"id":29872,"n":"Crème semi-épaisse légère UHT Délisse 18%mg - 2x25cl","p":2.34,"u":"4,68 €/L","img":"https://fd9-photos.leclercdrive.fr/image.ashx?id=3002593&use=l&cat=p&typeid=i","cat":284381},{"id":29874,"n":"Emincés poireaux Notre Jardin A la crème 750g","p":2.48,"u":"3,31 €/KG","img":"https://fd9-photos.leclercdrive.fr/image.ashx?id=2873144&use=l&cat=p&typeid=i","cat":319805},{"id":29897,"n":"Liqueur pomme verte Manzella 17%vol. - 70cl","p":6.5,"u":"9,29 €/L","img":"https://fd9-photos.leclercdrive.fr/image.ashx?id=2715997&use=l&cat=p&typeid=i","cat":286032},{"id":29906,"n":"Bière blonde Bellerose 6.5%vol. - 75cl","p":3.51,"u":"4,68 €/L","img":"https://fd9-photos.leclercdrive.fr/image.ashx?id=2744290&use=l&cat=p&typeid=i","cat":334872},{"id":29927,"n":"Bière belge Rince Cochon Blonde - 8.5%vol. - 75cl","p":3.44,"u":"4,59 €/L","img":"https://fd9-photos.leclercdrive.fr/image.ashx?id=1741463&use=l&cat=p&typeid=i","cat":334872},{"id":29979,"n":"Paupiette de veau Marie  Jardinière de légumes - 300g","p":3.73,"u":"12,43 €/KG","img":"https://fd9-photos.leclercdrive.fr/image.ashx?id=2317420&use=l&cat=p&typeid=i","cat":333665},{"id":30029,"n":"Poêlée champignons Notre Jardin Forestière - 400g","p":4.66,"u":"11,65 €/KG","img":"https://fd9-photos.leclercdrive.fr/image.ashx?id=2771372&use=l&cat=p&typeid=i","cat":319823},{"id":30051,"n":"Mini gratins Côté Table Choux fleurs - x4 480g","p":3.19,"u":"6,65 €/KG","img":"https://fd9-photos.leclercdrive.fr/image.ashx?id=2029370&use=l&cat=p&typeid=i","cat":319802},{"id":30053,"n":"Nuggets de poulet Pic'Express x18 400g","p":4.09,"u":"10,23 €/KG","img":"https://fd9-photos.leclercdrive.fr/image.ashx?id=2823747&use=l&cat=p&typeid=i","cat":319780},{"id":30056,"n":"Ratatouille Bio Bio Village Cuisinée - 600g","p":3.49,"u":"5,82 €/KG","img":"https://fd9-photos.leclercdrive.fr/image.ashx?id=2891821&use=l&cat=p&typeid=i","cat":319823},{"id":30059,"n":"Trio de fleurette Notre Jardin 1kg","p":2.48,"u":"2,48 €/KG","img":"https://fd9-photos.leclercdrive.fr/image.ashx?id=2873138&use=l&cat=p&typeid=i","cat":319805},{"id":30067,"n":"Assaisonnement En Poudre KNORR Secret d’Arômes Tube - 60g","p":1.32,"u":"22,00 €/KG","img":"https://fd9-photos.leclercdrive.fr/image.ashx?id=3014401&use=l&cat=p&typeid=i","cat":298297},{"id":30069,"n":"Roux minute Maïzena Béchamel - 250g","p":1.99,"u":"7,96 €/KG","img":"https://fd9-photos.leclercdrive.fr/image.ashx?id=2769603&use=l&cat=p&typeid=i","cat":288382},{"id":30086,"n":"Blanc de dinde Tradilège x4 - 120g","p":1.79,"u":"14,92 €/KG","img":"https://fd9-photos.leclercdrive.fr/image.ashx?id=2840395&use=l&cat=p&typeid=i","cat":316010},{"id":30089,"n":"Blanc de poulet Tradilège 6 tranches - 180g","p":1.51,"u":"8,39 €/KG","img":"https://fd9-photos.leclercdrive.fr/image.ashx?id=2943677&use=l&cat=p&typeid=i","cat":316010},{"id":30091,"n":"Blanc de dinde Tradilège 6 tranches 180g","p":1.96,"u":"10,89 €/KG","img":"https://fd9-photos.leclercdrive.fr/image.ashx?id=2925744&use=l&cat=p&typeid=i","cat":316010},{"id":30099,"n":"Duo pâté / mousse Tradilège Canard 2x50g","p":1.15,"u":"11,50 €/KG","img":"https://fd9-photos.leclercdrive.fr/image.ashx?id=2683583&use=l&cat=p&typeid=i","cat":316008},{"id":30100,"n":"Jambonneau Tradilège Port cuit supérieur - 250g","p":3.79,"u":"15,16 €/KG","img":"https://fd9-photos.leclercdrive.fr/image.ashx?id=2852255&use=l&cat=p&typeid=i","cat":316009},{"id":30105,"n":"Rillettes du Mans Tradilège 110g","p":1.38,"u":"12,55 €/KG","img":"https://fd9-photos.leclercdrive.fr/image.ashx?id=2059435&use=l&cat=p&typeid=i","cat":316008},{"id":30108,"n":"Poitrine Nature Tradilège Tranches fines - 2x7T - 200g","p":2.55,"u":"12,75 €/KG","img":"https://fd9-photos.leclercdrive.fr/image.ashx?id=2852270&use=l&cat=p&typeid=i","cat":316011},{"id":30110,"n":"Pommes de terre NRT à la Sarladaise - 600g","p":2.99,"u":"4,98 €/KG","img":"https://fd9-photos.leclercdrive.fr/image.ashx?id=2699816&use=l&cat=p&typeid=i","cat":319823},{"id":30113,"n":"Pâté de tête Tradilège Persillé VPF 180g","p":2.25,"u":"12,50 €/KG","img":"https://fd9-photos.leclercdrive.fr/image.ashx?id=2930757&use=l&cat=p&typeid=i","cat":316008},{"id":30117,"n":"Sacs poubelle 50L Alfapac Coulissant végétal - x10","p":2.86,"img":"https://fd9-photos.leclercdrive.fr/image.ashx?id=2732362&use=l&cat=p&typeid=i","cat":285168},{"id":30124,"n":"Soupe Régal Soupe Tomate et vermicelles - 1L","p":1.8,"u":"1,80 €/L","img":"https://fd9-photos.leclercdrive.fr/image.ashx?id=2607518&use=l&cat=p&typeid=i","cat":284462},{"id":30128,"n":"Céréales Chocapic Nestlé Chocolat - 1kg","p":5.26,"u":"5,26 €/KG","img":"https://fd9-photos.leclercdrive.fr/image.ashx?id=2977729&use=l&cat=p&typeid=i","cat":309513},{"id":30144,"n":"Croquettes chiens adulte Ultima Medium/maxi - poulet 7.5kg","p":19.86,"u":"2,65 €/KG","img":"https://fd9-photos.leclercdrive.fr/image.ashx?id=2872033&use=l&cat=p&typeid=i","cat":284672},{"id":30150,"n":"Eau aromatisée Volvic Juicy Agrumes -1,5L","p":1.46,"u":"0,97 €/L","img":"https://fd9-photos.leclercdrive.fr/image.ashx?id=2961987&use=l&cat=p&typeid=i","cat":284537},{"id":30185,"n":"Haché moelleux oignon Férial x10 - 1kg","p":7.49,"u":"7,49 €/KG","img":"https://fd9-photos.leclercdrive.fr/image.ashx?id=2704517&use=l&cat=p&typeid=i","cat":319778},{"id":30186,"n":"Haché moelleux Férial x10 - 1kg","p":9.71,"u":"9,71 €/KG","img":"https://fd9-photos.leclercdrive.fr/image.ashx?id=2966514&use=l&cat=p&typeid=i","cat":319778},{"id":30189,"n":"Tortillas chips Tokapi Chili - 150g","p":0.99,"u":"6,60 €/KG","img":"https://fd9-photos.leclercdrive.fr/image.ashx?id=2647958&use=l&cat=p&typeid=i","cat":287899},{"id":30212,"n":"Soufflés l'Original Curly Cacahuète - 100g","p":0.88,"u":"8,80 €/KG","img":"https://fd9-photos.leclercdrive.fr/image.ashx?id=2693635&use=l&cat=p&typeid=i","cat":284449},{"id":30213,"n":"Soufflés l'Original Curly Cacahuète - 2x100g","p":1.74,"u":"8,70 €/KG","img":"https://fd9-photos.leclercdrive.fr/image.ashx?id=2962887&use=l&cat=p&typeid=i","cat":284449},{"id":30235,"n":"Bonbons Tic Tac  Menthe x100 - 49g","p":1.57,"u":"32,04 €/KG","img":"https://fd9-photos.leclercdrive.fr/image.ashx?id=2729470&use=l&cat=p&typeid=i","cat":304256},{"id":30256,"n":"Pâte à tartiner Nutella 825g","p":5.77,"u":"6,99 €/KG","img":"https://fd9-photos.leclercdrive.fr/image.ashx?id=2961813&use=l&cat=p&typeid=i","cat":284481},{"id":30272,"n":"IGP Pays d'Oc rouge Merlot Les Ormes de Cambras 12.5% BIB 5L","p":15.55,"u":"3,11 €/L","img":"https://fd9-photos.leclercdrive.fr/image.ashx?id=2443871&use=l&cat=p&typeid=i","cat":289560},{"id":30273,"n":"IGP Pays d'OC rouge Les Ormes De Cambras Sauvignon 12% BIB 5L","p":15.68,"u":"3,14 €/L","img":"https://fd9-photos.leclercdrive.fr/image.ashx?id=2445115&use=l&cat=p&typeid=i","cat":289560},{"id":30350,"n":"Nettoyant écologique Uni Vert Cuisine - 750ml","p":2.02,"u":"2,69 €/L","img":"https://fd9-photos.leclercdrive.fr/image.ashx?id=2531175&use=l&cat=p&typeid=i","cat":325357},{"id":30360,"n":"Bonbons Tic Tac 100 pastilles citron vert et orange - 49g","p":1.57,"u":"32,04 €/KG","img":"https://fd9-photos.leclercdrive.fr/image.ashx?id=2736280&use=l&cat=p&typeid=i","cat":304256},{"id":30362,"n":"Fleur de maïs Maïzena 400g","p":1.41,"u":"3,53 €/KG","img":"https://fd9-photos.leclercdrive.fr/image.ashx?id=2312770&use=l&cat=p&typeid=i","cat":288382},{"id":30372,"n":"Fleur de Maïs Maïzena Sans Gluten Format Famille 700g","p":2.48,"u":"3,54 €/KG","img":"https://fd9-photos.leclercdrive.fr/image.ashx?id=2773907&use=l&cat=p&typeid=i","cat":288382},{"id":30386,"n":"Crème dessert Mont Blanc Boîte Praliné - 570g","p":2.39,"u":"4,19 €/KG","img":"https://fd9-photos.leclercdrive.fr/image.ashx?id=3011596&use=l&cat=p&typeid=i","cat":284506},{"id":30395,"n":"Piment d'Espelette AOP Ducros - 40g","p":8.8,"u":"220,00 €/KG","img":"https://fd9-photos.leclercdrive.fr/image.ashx?id=2559463&use=l&cat=p&typeid=i","cat":298297},{"id":30407,"n":"Dés de fromage salade Boursin Ail & fines herbes -120g","p":2.4,"u":"20,00 €/KG","img":"https://fd9-photos.leclercdrive.fr/image.ashx?id=2864366&use=l&cat=p&typeid=i","cat":314027},{"id":30413,"n":"Pommeau de Normandie NRT  17%vol. - 70cl","p":8.6,"u":"12,29 €/L","img":"https://fd9-photos.leclercdrive.fr/image.ashx?id=1647898&use=l&cat=p&typeid=i","cat":284913},{"id":30415,"n":"IGP Pays d'Oc rouge J-P Chenet Cabernet Syrah 13% vol - BIB 3L","p":10.42,"u":"3,47 €/L","img":"https://fd9-photos.leclercdrive.fr/image.ashx?id=2837451&use=l&cat=p&typeid=i","cat":289560},{"id":30477,"n":"Chocolat Pâtissier Nestlé Dessert : Praliné - 170g","p":3.11,"u":"18,29 €/KG","img":"https://fd9-photos.leclercdrive.fr/image.ashx?id=2895637&use=l&cat=p&typeid=i","cat":285562},{"id":30520,"n":"Fromage apéritif BoursinFromage Ail et fines herbes 20 roulés","p":3.47,"u":"34,70 €/KG","img":"https://fd9-photos.leclercdrive.fr/image.ashx?id=2918589&use=l&cat=p&typeid=i","cat":314027},{"id":30570,"n":"Sauce Tube Ail Oignons Panzani Panzani - 180G","p":1.18,"u":"6,56 €/KG","img":"https://fd9-photos.leclercdrive.fr/image.ashx?id=3004804&use=l&cat=p&typeid=i","cat":288384},{"id":30572,"n":"Pur jus de pomme Jafaden 1L","p":2.15,"u":"2,15 €/L","img":"https://fd9-photos.leclercdrive.fr/image.ashx?id=2916701&use=l&cat=p&typeid=i","cat":285435},{"id":30573,"n":"Edulcorant sucralose Canderel Briquet x300","p":2.97,"u":"95,81 €/KG","img":"https://fd9-photos.leclercdrive.fr/image.ashx?id=2811014&use=l&cat=p&typeid=i","cat":324846},{"id":30575,"n":"Happy' Box Haribo Boîte bonbons - 600g","p":4.25,"u":"7,08 €/KG","img":"https://fd9-photos.leclercdrive.fr/image.ashx?id=2802353&use=l&cat=p&typeid=i","cat":304250},{"id":30576,"n":"Zanzigliss Haribo Sachet bonbons réglisse - 300g","p":1.49,"u":"4,97 €/KG","img":"https://fd9-photos.leclercdrive.fr/image.ashx?id=2802347&use=l&cat=p&typeid=i","cat":304250},{"id":30577,"n":"Les Schtroumpfs Pik Haribo Sachet bonbons acidulés - 275g","p":1.56,"u":"5,67 €/KG","img":"https://fd9-photos.leclercdrive.fr/image.ashx?id=2984898&use=l&cat=p&typeid=i","cat":304250},{"id":30578,"n":"Bonbons LUTTI Scoubidou Doux Fruits - 200g","p":1.27,"u":"6,35 €/KG","img":"https://fd9-photos.leclercdrive.fr/image.ashx?id=2817434&use=l&cat=p&typeid=i","cat":304250},{"id":30592,"n":"Fromage blanc Délisse Sucré 3% MG - 8x100g","p":2.29,"u":"2,86 €/KG","img":"https://fd9-photos.leclercdrive.fr/image.ashx?id=3012833&use=l&cat=p&typeid=i","cat":284409},{"id":30596,"n":"Faisselle Délisse 6%mg - 4x100g","p":1.86,"u":"4,65 €/KG","img":"https://fd9-photos.leclercdrive.fr/image.ashx?id=2779190&use=l&cat=p&typeid=i","cat":284409},{"id":30600,"n":"Billes Chocolat au Lait KitKat Sachet  - 250g","p":3.96,"u":"15,84 €/KG","img":"https://fd9-photos.leclercdrive.fr/image.ashx?id=2806063&use=l&cat=p&typeid=i","cat":304238},{"id":30603,"n":"Soupe liquide brique Liebig  Chinoise - 1L","p":2.89,"u":"2,89 €/L","img":"https://fd9-photos.leclercdrive.fr/image.ashx?id=2750988&use=l&cat=p&typeid=i","cat":287367},{"id":30607,"n":"Soupe liquide Liebig  Potiron et kiri - Brique 1L","p":2.77,"u":"2,77 €/L","img":"https://fd9-photos.leclercdrive.fr/image.ashx?id=2892130&use=l&cat=p&typeid=i","cat":284462},{"id":30619,"n":"Jambon cru Aoste Quart Tranché  sans conservateur -  x18 - 220g","p":5.35,"u":"24,32 €/KG","img":"https://fd9-photos.leclercdrive.fr/image.ashx?id=2948057&use=l&cat=p&typeid=i","cat":316007},{"id":30627,"n":"Salade Notre Jardin Jeunes pousses d'épinard - 100g","p":1.4,"u":"14,00 €/KG","img":"https://fd9-photos.leclercdrive.fr/image.ashx?id=2663281&use=l&cat=p&typeid=i","cat":284353},{"id":30640,"n":"Lapin chasseur Côté Table 280g","p":2.2,"u":"7,86 €/KG","img":"https://fd9-photos.leclercdrive.fr/image.ashx?id=2393866&use=l&cat=p&typeid=i","cat":284953},{"id":30645,"n":"Salade Notre Jardin Duo Mâche et Roquette - 125g","p":1.68,"u":"13,44 €/KG","img":"https://fd9-photos.leclercdrive.fr/image.ashx?id=2720172&use=l&cat=p&typeid=i","cat":284353},{"id":30646,"n":"Salade Notre Jardin Feuille de chêne - 125g","p":0.95,"u":"7,60 €/KG","img":"https://fd9-photos.leclercdrive.fr/image.ashx?id=2720175&use=l&cat=p&typeid=i","cat":284353},{"id":30652,"n":"Purée pommes de terre Florette 2x200g","p":2.99,"u":"7,48 €/KG","img":"https://fd9-photos.leclercdrive.fr/image.ashx?id=2767678&use=l&cat=p&typeid=i","cat":333665},{"id":30653,"n":"Purée de carottes Florette 2x200g","p":2.99,"u":"7,48 €/KG","img":"https://fd9-photos.leclercdrive.fr/image.ashx?id=2790003&use=l&cat=p&typeid=i","cat":333665},{"id":30656,"n":"Bandes de cire froide Siliss Maillot aisselles - x16","p":2.19,"u":"0,14 €/P","img":"https://fd9-photos.leclercdrive.fr/image.ashx?id=2699450&use=l&cat=p&typeid=i","cat":325351},{"id":30758,"n":"Eau de javel La Croix Précise Désinfectant fraîch - 750ml","p":1.33,"u":"1,77 €/L","img":"https://fd9-photos.leclercdrive.fr/image.ashx?id=2512327&use=l&cat=p&typeid=i","cat":284661},{"id":30768,"n":"Gel douche Manava Pétales d'Orient 100ml","p":0.8,"u":"8,00 €/L","img":"https://fd9-photos.leclercdrive.fr/image.ashx?id=1669982&use=l&cat=p&typeid=i","cat":284594},{"id":30780,"n":"Sacs poubelle 30L Eco+ x20","p":0.57,"u":"0,03 €/P","img":"https://fd9-photos.leclercdrive.fr/image.ashx?id=2801768&use=l&cat=p&typeid=i","cat":285168},{"id":30781,"n":"Sacs poubelle 50L Eco+ x10","p":0.41,"u":"0,04 €/P","img":"https://fd9-photos.leclercdrive.fr/image.ashx?id=2793143&use=l&cat=p&typeid=i","cat":285168},{"id":30791,"n":"Mouchoirs blancs 2 plis Eco+ Boîte mouchoirs en papier- x150","p":0.62,"img":"https://fd9-photos.leclercdrive.fr/image.ashx?id=2897751&use=l&cat=p&typeid=i","cat":284638},{"id":30808,"n":"Coton-tiges Eco+ Tige papier x200 bâtonnets","p":0.34,"img":"https://fd9-photos.leclercdrive.fr/image.ashx?id=2940893&use=l&cat=p&typeid=i","cat":284636},{"id":30815,"n":"Dissolvant Eco+ 250ml","p":1.33,"u":"5,32 €/L","img":"https://fd9-photos.leclercdrive.fr/image.ashx?id=1873934&use=l&cat=p&typeid=i","cat":325347},{"id":30816,"n":"Film étirable Eco+ 50m","p":0.95,"img":"https://fd9-photos.leclercdrive.fr/image.ashx?id=2751847&use=l&cat=p&typeid=i","cat":334134},{"id":30849,"n":"Vinaigre ménager Mieuxa Surpuissant - 1L","p":1.7,"u":"1,70 €/L","img":"https://fd9-photos.leclercdrive.fr/image.ashx?id=2277008&use=l&cat=p&typeid=i","cat":300576},{"id":30850,"n":"Blanquette veau Côté Table Champignons 285g","p":2.2,"u":"7,72 €/KG","img":"https://fd9-photos.leclercdrive.fr/image.ashx?id=2064822&use=l&cat=p&typeid=i","cat":284953},{"id":30856,"n":"Emincés de poulet Tradilège Rôti - 2x75g","p":2.09,"u":"13,93 €/KG","img":"https://fd9-photos.leclercdrive.fr/image.ashx?id=2994366&use=l&cat=p&typeid=i","cat":316011},{"id":30860,"n":"Taboulé aux crevettes Bonduelle 300g","p":2.33,"u":"7,77 €/KG","img":"https://fd9-photos.leclercdrive.fr/image.ashx?id=2907896&use=l&cat=p&typeid=i","cat":333657},{"id":30881,"n":"Tortillas Old El Paso de maïs et blé x8 - 335g","p":2.45,"u":"7,31 €/KG","img":"https://fd9-photos.leclercdrive.fr/image.ashx?id=2738794&use=l&cat=p&typeid=i","cat":288993},{"id":30882,"n":"Bloc de fromage Leerdammer L'Original - 250g","p":3.34,"u":"13,36 €/KG","img":"https://fd9-photos.leclercdrive.fr/image.ashx?id=2146096&use=l&cat=p&typeid=i","cat":314034},{"id":30917,"n":"Pâtes Escalope volaille Marie Crème champignons - 900g","p":4.96,"u":"5,51 €/KG","img":"https://fd9-photos.leclercdrive.fr/image.ashx?id=2996794&use=l&cat=p&typeid=i","cat":284254},{"id":30928,"n":"Fumet de poisson Rustica Déshydraté - 90g","p":2.05,"u":"22,78 €/KG","img":"https://fd9-photos.leclercdrive.fr/image.ashx?id=2188685&use=l&cat=p&typeid=i","cat":288379},{"id":30929,"n":"Tortillas chips Tables du Monde Nature - 200g","p":1.15,"u":"5,75 €/KG","img":"https://fd9-photos.leclercdrive.fr/image.ashx?id=2655695&use=l&cat=p&typeid=i","cat":288993},{"id":30932,"n":"Biscuits déli matin P'tit Déli  Chocolat allégé- 300g","p":1.88,"u":"6,27 €/KG","img":"https://fd9-photos.leclercdrive.fr/image.ashx?id=3001202&use=l&cat=p&typeid=i","cat":284491},{"id":30933,"n":"Biscuit chocolat noir Gerblé Sans Sucres Ajoutés - 126g","p":1.87,"u":"14,84 €/KG","img":"https://fd9-photos.leclercdrive.fr/image.ashx?id=2662799&use=l&cat=p&typeid=i","cat":318653},{"id":30947,"n":"Pâtes Collezione Barilla Tagliatelle - 500g","p":1.52,"u":"3,04 €/KG","img":"https://fd9-photos.leclercdrive.fr/image.ashx?id=2654119&use=l&cat=p&typeid=i","cat":284427},{"id":30951,"n":"Chocolat au lait Tablette d'Or Coeur de lait - 2x100g","p":1.95,"u":"9,75 €/KG","img":"https://fd9-photos.leclercdrive.fr/image.ashx?id=3010575&use=l&cat=p&typeid=i","cat":284497},{"id":30969,"n":"Glace Cône Nestlé Extrême Sorbet fruits rouges x6 - 426g","p":3.59,"u":"8,43 €/KG","img":"https://fd9-photos.leclercdrive.fr/image.ashx?id=2729845&use=l&cat=p&typeid=i","cat":284264},{"id":30976,"n":"Matière grasse Bridelight Demi-sel - 15% MG - 250g","p":1.97,"u":"7,88 €/KG","img":"https://fd9-photos.leclercdrive.fr/image.ashx?id=2643890&use=l&cat=p&typeid=i","cat":284379},{"id":30992,"n":"Poêlée paysanne Marie Saucisse fumé - 900g","p":4.99,"u":"5,54 €/KG","img":"https://fd9-photos.leclercdrive.fr/image.ashx?id=2996797&use=l&cat=p&typeid=i","cat":319823},{"id":30995,"n":"Saucisse sèche Saint-Azay Aux noisettes - 250g","p":3.35,"u":"13,40 €/KG","img":"https://fd9-photos.leclercdrive.fr/image.ashx?id=2404145&use=l&cat=p&typeid=i","cat":316006},{"id":31003,"n":"Jus de citron jaune 50cl","p":1.99,"u":"3,98 €/L","img":"https://fd9-photos.leclercdrive.fr/image.ashx?id=2656982&use=l&cat=p&typeid=i","cat":288383},{"id":31004,"n":"Jus de citron jaune Sicile - 20cl","p":0.79,"u":"3,95 €/L","img":"https://fd9-photos.leclercdrive.fr/image.ashx?id=2656988&use=l&cat=p&typeid=i","cat":288383},{"id":31027,"n":"Cappuccino soluble Plantation nature - 280g","p":3.21,"u":"11,46 €/KG","img":"https://fd9-photos.leclercdrive.fr/image.ashx?id=2819274&use=l&cat=p&typeid=i","cat":284843},{"id":31046,"n":"Assortiment crackers Tokapi Emmental - 100g","p":0.64,"u":"6,40 €/KG","img":"https://fd9-photos.leclercdrive.fr/image.ashx?id=2034386&use=l&cat=p&typeid=i","cat":297000},{"id":31058,"n":"Pâtes Barilla Capellini n°1 - 500g","p":0.99,"u":"1,98 €/KG","img":"https://fd9-photos.leclercdrive.fr/image.ashx?id=2392194&use=l&cat=p&typeid=i","cat":284427},{"id":31065,"n":"Chocolat poudre Nestle Dessert pâtissier et instantané  - 250g","p":3.99,"u":"15,96 €/KG","img":"https://fd9-photos.leclercdrive.fr/image.ashx?id=2593023&use=l&cat=p&typeid=i","cat":284505},{"id":31068,"n":"Chocolat Pâtissier Tablette dOr Lait - 170g","p":1.99,"u":"11,71 €/KG","img":"https://fd9-photos.leclercdrive.fr/image.ashx?id=2994175&use=l&cat=p&typeid=i","cat":285562},{"id":31069,"n":"Chocolat Pâtissier Tablette dOr Chocolat Blanc - 180g","p":2.03,"u":"11,28 €/KG","img":"https://fd9-photos.leclercdrive.fr/image.ashx?id=2562879&use=l&cat=p&typeid=i","cat":285562},{"id":31084,"n":"Crackers Tokapi Sésame et pavot - 100g","p":0.69,"u":"6,90 €/KG","img":"https://fd9-photos.leclercdrive.fr/image.ashx?id=1921880&use=l&cat=p&typeid=i","cat":297000},{"id":31086,"n":"Capsules Nescafé Dolce Gusto  Lungo Décaféiné - x16","p":4.98,"u":"44,46 €/KG","img":"https://fd9-photos.leclercdrive.fr/image.ashx?id=2836676&use=l&cat=p&typeid=i","cat":293239},{"id":31097,"n":"Feuilletés Tokapi Emmental - 85g","p":0.98,"u":"11,53 €/KG","img":"https://fd9-photos.leclercdrive.fr/image.ashx?id=1884022&use=l&cat=p&typeid=i","cat":297000},{"id":31098,"n":"Capsules Nescafé Dolce Gusto  Café au Lait - x16","p":4.7,"u":"29,38 €/KG","img":"https://fd9-photos.leclercdrive.fr/image.ashx?id=2946637&use=l&cat=p&typeid=i","cat":293239},{"id":31105,"n":"Gaufrettes P'tit Déli Praliné noisette x15 110g","p":0.87,"u":"7,91 €/KG","img":"https://fd9-photos.leclercdrive.fr/image.ashx?id=2418245&use=l&cat=p&typeid=i","cat":284488},{"id":31106,"n":"Gaufrettes P'tit Déli Chocolat x15 110g","p":1.1,"u":"10,00 €/KG","img":"https://fd9-photos.leclercdrive.fr/image.ashx?id=2436020&use=l&cat=p&typeid=i","cat":284488},{"id":31113,"n":"Haricots rouges Notre Jardin 500g","p":1.37,"u":"2,74 €/KG","img":"https://fd9-photos.leclercdrive.fr/image.ashx?id=2988054&use=l&cat=p&typeid=i","cat":312606},{"id":31118,"n":"Madeleines P'tit Déli Coquilles 250g","p":0.99,"u":"3,96 €/KG","img":"https://fd9-photos.leclercdrive.fr/image.ashx?id=2999499&use=l&cat=p&typeid=i","cat":284492},{"id":31135,"n":"Terrine de lapin Côté Table A la moutarde - 180g","p":2.49,"u":"13,83 €/KG","img":"https://fd9-photos.leclercdrive.fr/image.ashx?id=2476125&use=l&cat=p&typeid=i","cat":305149},{"id":31136,"n":"Pâtes Torti Panzani 3 Minutes - 1Kg","p":2.25,"u":"2,25 €/KG","img":"https://fd9-photos.leclercdrive.fr/image.ashx?id=2896099&use=l&cat=p&typeid=i","cat":284427},{"id":31139,"n":"Tortillas chips Tables du Monde Chili - 200g","p":1.39,"u":"6,95 €/KG","img":"https://fd9-photos.leclercdrive.fr/image.ashx?id=2464603&use=l&cat=p&typeid=i","cat":288993},{"id":31143,"n":"Lait concentré sucré Délisse 397g","p":1.35,"u":"3,40 €/KG","img":"https://fd9-photos.leclercdrive.fr/image.ashx?id=2576588&use=l&cat=p&typeid=i","cat":299162},{"id":31146,"n":"Madeleines P'tit Déli Longues fourrées 240g","p":2.35,"u":"9,79 €/KG","img":"https://fd9-photos.leclercdrive.fr/image.ashx?id=2754204&use=l&cat=p&typeid=i","cat":284492},{"id":31149,"n":"Les p'tites spirales P'tit Déli Fraise 150g","p":1.55,"u":"10,33 €/KG","img":"https://fd9-photos.leclercdrive.fr/image.ashx?id=2660419&use=l&cat=p&typeid=i","cat":284495},{"id":31156,"n":"Café Soluble Nescafé x25 - 50g","p":2.05,"u":"41,00 €/KG","img":"https://fd9-photos.leclercdrive.fr/image.ashx?id=2485131&use=l&cat=p&typeid=i","cat":284843},{"id":31174,"n":"Pâtes penne rigate Panzani 1kg","p":2.01,"u":"2,01 €/KG","img":"https://fd9-photos.leclercdrive.fr/image.ashx?id=2876020&use=l&cat=p&typeid=i","cat":284427},{"id":31246,"n":"Andouillettes Le Gaulois Canard x2 - 240g","p":3.43,"u":"14,29 €/KG","img":"https://fd9-photos.leclercdrive.fr/image.ashx?id=2236863&use=l&cat=p&typeid=i","cat":316012},{"id":31265,"n":"Friandises chats Félix Original  Party mix - 60g","p":1.26,"u":"21,00 €/KG","img":"https://fd9-photos.leclercdrive.fr/image.ashx?id=2683346&use=l&cat=p&typeid=i","cat":285285},{"id":31266,"n":"Friandises chats Félix Grillade - 60g","p":1.04,"u":"17,33 €/KG","img":"https://fd9-photos.leclercdrive.fr/image.ashx?id=2336614&use=l&cat=p&typeid=i","cat":285285},{"id":31288,"n":"Emmental râpé Entremont Spécial pizza 125g","p":1.9,"u":"15,20 €/KG","img":"https://fd9-photos.leclercdrive.fr/image.ashx?id=2785793&use=l&cat=p&typeid=i","cat":314035},{"id":31289,"n":"Emmental râpé Entremont 3x70g","p":2.41,"u":"11,48 €/KG","img":"https://fd9-photos.leclercdrive.fr/image.ashx?id=2983150&use=l&cat=p&typeid=i","cat":314035},{"id":31297,"n":"Fromage crémeux Les Croisés 36%mg - 200g","p":2.43,"u":"12,15 €/KG","img":"https://fd9-photos.leclercdrive.fr/image.ashx?id=2037379&use=l&cat=p&typeid=i","cat":329558},{"id":31298,"n":"Brique affinée Les Croisés 30%mg - 180g","p":2.59,"u":"14,39 €/KG","img":"https://fd9-photos.leclercdrive.fr/image.ashx?id=2713652&use=l&cat=p&typeid=i","cat":314033},{"id":31301,"n":"Steak haché Férial  15%mg - X10 - 1kg","p":11.9,"u":"11,90 €/KG","img":"https://fd9-photos.leclercdrive.fr/image.ashx?id=3004657&use=l&cat=p&typeid=i","cat":319778},{"id":31389,"n":"Menus gourmands Tous mes amis pour chatons - 12x100g","p":4.29,"u":"3,58 €/KG","img":"https://fd9-photos.leclercdrive.fr/image.ashx?id=2027595&use=l&cat=p&typeid=i","cat":285286},{"id":31441,"n":"Plat bébé Blédina 12 mois  Courgette riz veau - 2x200g","p":2.71,"u":"6,78 €/KG","img":"https://fd9-photos.leclercdrive.fr/image.ashx?id=2975074&use=l&cat=p&typeid=i","cat":312237},{"id":31447,"n":"Tablette Chocolat Lait Crunch Céréales Croustillantes 2x100g","p":2.7,"u":"13,50 €/KG","img":"https://fd9-photos.leclercdrive.fr/image.ashx?id=2899740&use=l&cat=p&typeid=i","cat":284497},{"id":31450,"n":"Délice de jambon Tulip 340g","p":2.92,"u":"8,59 €/KG","img":"https://fd9-photos.leclercdrive.fr/image.ashx?id=2465592&use=l&cat=p&typeid=i","cat":305149},{"id":31641,"n":"Poulet basquaise Côté Table Riz 285g","p":1.81,"u":"6,35 €/KG","img":"https://fd9-photos.leclercdrive.fr/image.ashx?id=2476149&use=l&cat=p&typeid=i","cat":284953},{"id":31652,"n":"Beurre Tendre Elle&Vire Doux - 82% MG - 250g","p":2.95,"u":"11,80 €/KG","img":"https://fd9-photos.leclercdrive.fr/image.ashx?id=2574374&use=l&cat=p&typeid=i","cat":284379},{"id":31659,"n":"Sirop La Maison Guiot Cerise - 70cl","p":3.18,"u":"4,54 €/L","img":"https://fd9-photos.leclercdrive.fr/image.ashx?id=2857201&use=l&cat=p&typeid=i","cat":295020},{"id":31661,"n":"Sirop La Maison Guiot Pêche blanche - 70cl","p":3.34,"u":"4,77 €/L","img":"https://fd9-photos.leclercdrive.fr/image.ashx?id=2857198&use=l&cat=p&typeid=i","cat":295020},{"id":31680,"n":"Lingettes bébé Mots d'Enfants Ultra-douces - x24","p":1.25,"u":"0,05 €/P","img":"https://fd9-photos.leclercdrive.fr/image.ashx?id=2856501&use=l&cat=p&typeid=i","cat":284738},{"id":31682,"n":"Sachet repas chat Tous mes amis Viande en sauces - 4x100g","p":1.49,"u":"3,73 €/KG","img":"https://fd9-photos.leclercdrive.fr/image.ashx?id=2043005&use=l&cat=p&typeid=i","cat":285286},{"id":31709,"n":"Viande boeuf séchée Saint Azay 10 tranches - 80g","p":3.78,"u":"47,25 €/KG","img":"https://fd9-photos.leclercdrive.fr/image.ashx?id=2071366&use=l&cat=p&typeid=i","cat":316007},{"id":31710,"n":"Tiramisu Délisse 500g","p":2.99,"u":"5,98 €/KG","img":"https://fd9-photos.leclercdrive.fr/image.ashx?id=2415556&use=l&cat=p&typeid=i","cat":284419},{"id":31714,"n":"Pur jus de pomme Bio Village Bio - 6x20cl","p":3.25,"u":"2,71 €/L","img":"https://fd9-photos.leclercdrive.fr/image.ashx?id=2077442&use=l&cat=p&typeid=i","cat":284524},{"id":31728,"n":"Jus de pomme Jafaden Nectar - 2L","p":2.15,"u":"1,08 €/L","img":"https://fd9-photos.leclercdrive.fr/image.ashx?id=2956077&use=l&cat=p&typeid=i","cat":284522},{"id":31729,"n":"Jus de pomme Jafaden A base de concentré - 1L","p":0.95,"u":"0,95 €/L","img":"https://fd9-photos.leclercdrive.fr/image.ashx?id=2550842&use=l&cat=p&typeid=i","cat":284522},{"id":31730,"n":"Pur jus de pomme Jafaden 1L","p":0.99,"u":"0,99 €/L","img":"https://fd9-photos.leclercdrive.fr/image.ashx?id=1936638&use=l&cat=p&typeid=i","cat":284522},{"id":31731,"n":"Thé glacé Fresh Tea Pêche - 1L","p":1.03,"u":"1,03 €/L","img":"https://fd9-photos.leclercdrive.fr/image.ashx?id=2622251&use=l&cat=p&typeid=i","cat":295019},{"id":31733,"n":"Pur jus multifruits Jafaden 1L","p":1.39,"u":"1,39 €/L","img":"https://fd9-photos.leclercdrive.fr/image.ashx?id=2890006&use=l&cat=p&typeid=i","cat":284917},{"id":31736,"n":"Nectar Jafaden Goyave - 1L","p":2.08,"u":"2,08 €/L","img":"https://fd9-photos.leclercdrive.fr/image.ashx?id=2956095&use=l&cat=p&typeid=i","cat":284916},{"id":31830,"n":"Sachet repas chat Tous mes amis Viande en sauce - 12x100g","p":3.65,"u":"3,04 €/KG","img":"https://fd9-photos.leclercdrive.fr/image.ashx?id=2677077&use=l&cat=p&typeid=i","cat":285286},{"id":31870,"n":"Crème épaisse AOP Isigny Ste Mère 35%mg - 50cl","p":3.51,"u":"7,02 €/L","img":"https://fd9-photos.leclercdrive.fr/image.ashx?id=2812753&use=l&cat=p&typeid=i","cat":284381},{"id":31871,"n":"Crème épaisse AOP Isigny Ste Mère 40%mg - 20cl","p":1.99,"u":"9,95 €/L","img":"https://fd9-photos.leclercdrive.fr/image.ashx?id=2732488&use=l&cat=p&typeid=i","cat":284381},{"id":31915,"n":"Mayonnaise à la moutarde de Dij  de Dijon Rustica - 235 g","p":1.25,"u":"5,32 €/KG","img":"https://fd9-photos.leclercdrive.fr/image.ashx?id=2954355&use=l&cat=p&typeid=i","cat":298295},{"id":31918,"n":"Sucre Tablier Blanc En morceaux - 1kg","p":1.99,"u":"1,99 €/KG","img":"https://fd9-photos.leclercdrive.fr/image.ashx?id=3010425&use=l&cat=p&typeid=i","cat":284502},{"id":31920,"n":"Matière grasse Rustica à tartiner 50%MG Omega 3 - 500g","p":1.98,"u":"3,96 €/KG","img":"https://fd9-photos.leclercdrive.fr/image.ashx?id=2904556&use=l&cat=p&typeid=i","cat":315229},{"id":31933,"n":"Laque Iroise Fixation forte 300ml","p":1.95,"u":"6,50 €/L","img":"https://fd9-photos.leclercdrive.fr/image.ashx?id=2660568&use=l&cat=p&typeid=i","cat":284609},{"id":31934,"n":"Spray coiffant Vitanove Fixation forte - 250ml","p":1.19,"u":"4,76 €/L","img":"https://fd9-photos.leclercdrive.fr/image.ashx?id=2331697&use=l&cat=p&typeid=i","cat":284609},{"id":31935,"n":"Spray coiffant Vitanove Fixation extra forte - 250ml","p":1.39,"u":"5,56 €/L","img":"https://fd9-photos.leclercdrive.fr/image.ashx?id=2331700&use=l&cat=p&typeid=i","cat":284609},{"id":31936,"n":"Spray coiffant Vitanove Fixation extrême - 250ml","p":1.43,"u":"5,72 €/L","img":"https://fd9-photos.leclercdrive.fr/image.ashx?id=2331703&use=l&cat=p&typeid=i","cat":284609},{"id":31937,"n":"Laque Vitanove Fixation normale 300ml","p":1.95,"u":"6,50 €/L","img":"https://fd9-photos.leclercdrive.fr/image.ashx?id=2616739&use=l&cat=p&typeid=i","cat":284609},{"id":31965,"n":"Nettoyant spray Clair Cuisine et salle de bain 750ml","p":1.29,"u":"1,72 €/L","img":"https://fd9-photos.leclercdrive.fr/image.ashx?id=2466151&use=l&cat=p&typeid=i","cat":325357},{"id":31983,"n":"Cidre rosé Les Goelleries 2.5%vol. - 75cl","p":2.29,"u":"3,05 €/L","img":"https://fd9-photos.leclercdrive.fr/image.ashx?id=2842295&use=l&cat=p&typeid=i","cat":334880},{"id":31985,"n":"Couches bébé Mots d'Enfants -T4 Ultra confort - 7/18kg - x26","p":5.55,"u":"0,21 €/P","img":"https://fd9-photos.leclercdrive.fr/image.ashx?id=2699456&use=l&cat=p&typeid=i","cat":284737},{"id":31988,"n":"Sachet repas chat Tous mes amis Poissons en gelée - 4x100g","p":1.33,"u":"3,33 €/KG","img":"https://fd9-photos.leclercdrive.fr/image.ashx?id=2043002&use=l&cat=p&typeid=i","cat":285286},{"id":32012,"n":"Beurre Moulé de Baratte Le Gall Doux - 82% MG - 250g","p":2.99,"u":"11,96 €/KG","img":"https://fd9-photos.leclercdrive.fr/image.ashx?id=2380997&use=l&cat=p&typeid=i","cat":284379},{"id":32015,"n":"Beurre moulé Le Gall Doux - 82% MG - 250g","p":3.43,"u":"13,72 €/KG","img":"https://fd9-photos.leclercdrive.fr/image.ashx?id=2551680&use=l&cat=p&typeid=i","cat":284379},{"id":32054,"n":"Eau minérale gazeuse St Diery  Naturelle - 6x50cl","p":1.5,"u":"0,50 €/L","img":"https://fd9-photos.leclercdrive.fr/image.ashx?id=1639517&use=l&cat=p&typeid=i","cat":284536},{"id":32059,"n":"Sachet repas chat Tous mes amis Viande en geléé - 12x100g","p":3.65,"u":"3,04 €/KG","img":"https://fd9-photos.leclercdrive.fr/image.ashx?id=2027598&use=l&cat=p&typeid=i","cat":285286},{"id":32064,"n":"Mousse à raser Carré Homme Sensible - 250ml","p":1.39,"u":"5,56 €/L","img":"https://fd9-photos.leclercdrive.fr/image.ashx?id=2704681&use=l&cat=p&typeid=i","cat":284617},{"id":32065,"n":"Couches bébé Mots d'Enfants T4 Douceur - 7/18kg - x74 changes","p":10.6,"u":"0,14 €/P","img":"https://fd9-photos.leclercdrive.fr/image.ashx?id=2907192&use=l&cat=p&typeid=i","cat":284737},{"id":32087,"n":"Yaourts vanille Soignon au lait de chèvre - 4x125g","p":2.42,"u":"4,84 €/KG","img":"https://fd9-photos.leclercdrive.fr/image.ashx?id=2518247&use=l&cat=p&typeid=i","cat":314998},{"id":32098,"n":"Biscuits Dinosaurus Lotus  Chocolat noir - 225g","p":2.04,"u":"9,07 €/KG","img":"https://fd9-photos.leclercdrive.fr/image.ashx?id=2859812&use=l&cat=p&typeid=i","cat":284488},{"id":32103,"n":"Goûter laitier Récré O'Lé Gourdes Chocolat - 4x85g","p":2.11,"u":"6,21 €/KG","img":"https://fd9-photos.leclercdrive.fr/image.ashx?id=3008824&use=l&cat=p&typeid=i","cat":284506},{"id":32104,"n":"Goûter laitier Récré O'Lé Gourdes Saveur Vanille - 4x85g","p":2.16,"u":"6,35 €/KG","img":"https://fd9-photos.leclercdrive.fr/image.ashx?id=3008827&use=l&cat=p&typeid=i","cat":284506},{"id":32125,"n":"Mélange Fruité Tokapi Fruits et graines - 110g","p":1.65,"u":"15,00 €/KG","img":"https://fd9-photos.leclercdrive.fr/image.ashx?id=2794003&use=l&cat=p&typeid=i","cat":284448},{"id":32183,"n":"Couches bébé Mots d'Enfants T4+ Douceur - 9/20kg - x70 changes","p":10.8,"u":"0,15 €/P","img":"https://fd9-photos.leclercdrive.fr/image.ashx?id=2904574&use=l&cat=p&typeid=i","cat":284737},{"id":32186,"n":"Couches bébé Mots d'Enfants T5 Douceur - 11/25kg - x66","p":10.7,"u":"0,16 €/P","img":"https://fd9-photos.leclercdrive.fr/image.ashx?id=2907195&use=l&cat=p&typeid=i","cat":284737},{"id":32202,"n":"Couches bébé Mots d'Enfants T3 Douceur - 4/9kg - x90 changes","p":11.4,"u":"0,13 €/P","img":"https://fd9-photos.leclercdrive.fr/image.ashx?id=2904571&use=l&cat=p&typeid=i","cat":284737},{"id":32216,"n":"Sandwich XXL Daunat Poulet rôti Mayonnaise - 230g","p":2.23,"u":"9,70 €/KG","img":"https://fd9-photos.leclercdrive.fr/image.ashx?id=2892706&use=l&cat=p&typeid=i","cat":333658},{"id":32217,"n":"Sandwich XXL Daunat Thon Oeuf Crudités - 230g","p":2.19,"u":"9,52 €/KG","img":"https://fd9-photos.leclercdrive.fr/image.ashx?id=2892697&use=l&cat=p&typeid=i","cat":333658},{"id":32258,"n":"Couches bébé Mots d'Enfants -T3 Ultra confort - 4/9kg - x29","p":5.99,"u":"0,21 €/P","img":"https://fd9-photos.leclercdrive.fr/image.ashx?id=2699453&use=l&cat=p&typeid=i","cat":284737},{"id":32267,"n":"Emmental fromage rapé Les Croisés - 325g","p":2.65,"u":"8,15 €/KG","img":"https://fd9-photos.leclercdrive.fr/image.ashx?id=2942786&use=l&cat=p&typeid=i","cat":314035},{"id":32268,"n":"Bûche de chèvre Les Croisés Non affiné 19%mg - 150g","p":1.89,"u":"12,60 €/KG","img":"https://fd9-photos.leclercdrive.fr/image.ashx?id=2919613&use=l&cat=p&typeid=i","cat":314031},{"id":32269,"n":"Maasdam fromage bloc  Les Croisés - 330g","p":2.47,"u":"7,48 €/KG","img":"https://fd9-photos.leclercdrive.fr/image.ashx?id=2081690&use=l&cat=p&typeid=i","cat":314034},{"id":32286,"n":"Papillons d'Alsace NRT 250g","p":1.39,"u":"5,56 €/KG","img":"https://fd9-photos.leclercdrive.fr/image.ashx?id=2839992&use=l&cat=p&typeid=i","cat":284427},{"id":32293,"n":"Sucre de canne Tablier Blanc Cassonade 750g","p":1.55,"u":"2,07 €/KG","img":"https://fd9-photos.leclercdrive.fr/image.ashx?id=2501676&use=l&cat=p&typeid=i","cat":284502},{"id":32301,"n":"Biscuit Petit beurre P'tit Déli Tablette chocolat blanc - 150g","p":1.49,"u":"9,93 €/KG","img":"https://fd9-photos.leclercdrive.fr/image.ashx?id=2517772&use=l&cat=p&typeid=i","cat":284488},{"id":32339,"n":"Sirop Frucci Pamplemousse Rose - 75cl","p":3.65,"u":"4,87 €/L","img":"https://fd9-photos.leclercdrive.fr/image.ashx?id=2878594&use=l&cat=p&typeid=i","cat":295020},{"id":32352,"n":"Emmental fromage râpé bio Bio village - 200g","p":2.31,"u":"11,55 €/KG","img":"https://fd9-photos.leclercdrive.fr/image.ashx?id=1972558&use=l&cat=p&typeid=i","cat":314035},{"id":32357,"n":"Yaourts en gourde Délisse 3 Abricots + 3 Fraises - 6x90g","p":2.89,"u":"5,35 €/KG","img":"https://fd9-photos.leclercdrive.fr/image.ashx?id=2699565&use=l&cat=p&typeid=i","cat":284415},{"id":32380,"n":"Farine de blé Eco+ 1kg","p":0.54,"u":"0,54 €/KG","img":"https://fd9-photos.leclercdrive.fr/image.ashx?id=2694416&use=l&cat=p&typeid=i","cat":284503},{"id":32386,"n":"Mélange forestier Notre Jardin 225g","p":2.57,"u":"11,42 €/KG","img":"https://fd9-photos.leclercdrive.fr/image.ashx?id=2804329&use=l&cat=p&typeid=i","cat":312612},{"id":32387,"n":"Ratatouille Notre Jardin A la provençale - 375g","p":1.06,"u":"2,83 €/KG","img":"https://fd9-photos.leclercdrive.fr/image.ashx?id=2526294&use=l&cat=p&typeid=i","cat":312612},{"id":32388,"n":"Maïs Notre Jardin Aux 2 poivrons - 270g","p":1.19,"u":"4,41 €/KG","img":"https://fd9-photos.leclercdrive.fr/image.ashx?id=2988057&use=l&cat=p&typeid=i","cat":312611},{"id":32473,"n":"Sacs collecteur 160L Poubel'sak x10","p":5.25,"u":"0,53 €/P","img":"https://fd9-photos.leclercdrive.fr/image.ashx?id=1867456&use=l&cat=p&typeid=i","cat":285168},{"id":32480,"n":"Culotte absorbante Tena Taille M - Plus - x9","p":7.68,"u":"0,85 €/P","img":"https://fd9-photos.leclercdrive.fr/image.ashx?id=2428591&use=l&cat=p&typeid=i","cat":284628},{"id":32556,"n":"Gouda Les Croisés 30.5%mg portion - 250g","p":3.25,"u":"13,00 €/KG","img":"https://fd9-photos.leclercdrive.fr/image.ashx?id=2900121&use=l&cat=p&typeid=i","cat":314034},{"id":32557,"n":"Edam Les Croisés 23.7%mg portion - 250g","p":3.09,"u":"12,36 €/KG","img":"https://fd9-photos.leclercdrive.fr/image.ashx?id=2900124&use=l&cat=p&typeid=i","cat":314034},{"id":32558,"n":"Mimolette Les Croisés 23.7%mg portion - 250g","p":2.97,"u":"11,88 €/KG","img":"https://fd9-photos.leclercdrive.fr/image.ashx?id=2796049&use=l&cat=p&typeid=i","cat":314034},{"id":32643,"n":"Pruneaux d'Agen Couleurs Vives Dénoyautés - 500g","p":3.99,"u":"7,98 €/KG","img":"https://fd9-photos.leclercdrive.fr/image.ashx?id=2124107&use=l&cat=p&typeid=i","cat":284357},{"id":32690,"n":"Tranches de fromage Leerdammer Le Léger - 8 Tranches - 200g","p":3.8,"u":"19,00 €/KG","img":"https://fd9-photos.leclercdrive.fr/image.ashx?id=2507581&use=l&cat=p&typeid=i","cat":314028},{"id":32707,"n":"Poisson pané  Cabillaud Findus MSC x4 - 400g","p":6.98,"u":"17,45 €/KG","img":"https://fd9-photos.leclercdrive.fr/image.ashx?id=2650666&use=l&cat=p&typeid=i","cat":319788},{"id":32724,"n":"Pain grillé bio Bio Village Céréales et graines - 225g","p":1.59,"u":"7,07 €/KG","img":"https://fd9-photos.leclercdrive.fr/image.ashx?id=2595119&use=l&cat=p&typeid=i","cat":284479},{"id":32802,"n":"Coeur de laitue Florette Florette - 320g","p":2.69,"u":"8,41 €/KG","img":"https://fd9-photos.leclercdrive.fr/image.ashx?id=2090057&use=l&cat=p&typeid=i","cat":284353},{"id":32804,"n":"Poulet jaune St Charmin Val de Loire - 1.25kg","p":8.99,"u":"7,19 €/KG","img":"https://fd9-photos.leclercdrive.fr/image.ashx?id=2933304&use=l&cat=p&typeid=i","cat":284336},{"id":32817,"n":"Eau minérale Mont Blanc 6x1.5L","p":2.92,"u":"0,32 €/L","img":"https://fd9-photos.leclercdrive.fr/image.ashx?id=2401110&use=l&cat=p&typeid=i","cat":284535},{"id":32829,"n":"Litière chats Tous mes Amis Optimale - 5L","p":4.5,"u":"0,90 €/L","img":"https://fd9-photos.leclercdrive.fr/image.ashx?id=2055220&use=l&cat=p&typeid=i","cat":284683},{"id":32902,"n":"Escalope de dinde Volandrie Extra fines x2 - 240g","p":3.49,"u":"14,54 €/KG","img":"https://fd9-photos.leclercdrive.fr/image.ashx?id=2048863&use=l&cat=p&typeid=i","cat":284337},{"id":32915,"n":"Oignons frits Colona 100g","p":1.35,"u":"13,50 €/KG","img":"https://fd9-photos.leclercdrive.fr/image.ashx?id=2687230&use=l&cat=p&typeid=i","cat":298297},{"id":32925,"n":"Levure boulangère 42g","p":0.35,"u":"8,33 €/KG","img":"https://fd9-photos.leclercdrive.fr/image.ashx?id=2352489&use=l&cat=p&typeid=i","cat":294686},{"id":32934,"n":"Bière blanche 1664 Blanc 5° - 12x25cl","p":9.42,"u":"3,14 €/L","img":"https://fd9-photos.leclercdrive.fr/image.ashx?id=2886696&use=l&cat=p&typeid=i","cat":334878},{"id":32949,"n":"Gel Douche Fa Cap tonique mixte flacon- 250ml","p":1.53,"u":"6,12 €/L","img":"https://fd9-photos.leclercdrive.fr/image.ashx?id=2995418&use=l&cat=p&typeid=i","cat":284594},{"id":32955,"n":"Pate pomme de terre  500g","p":7.31,"u":"14,62 €/KG","img":"https://fd9-photos.leclercdrive.fr/image.ashx?id=2022753&use=l&cat=p&typeid=i","cat":333671},{"id":32982,"n":"Pâtes coquillettes Turini Les 3 min - 1kg","p":1.43,"u":"1,43 €/KG","img":"https://fd9-photos.leclercdrive.fr/image.ashx?id=2607530&use=l&cat=p&typeid=i","cat":284427},{"id":32985,"n":"Riz long Comptoir du Grain Cuisson rapide - 2kg","p":3.36,"u":"1,68 €/KG","img":"https://fd9-photos.leclercdrive.fr/image.ashx?id=2226197&use=l&cat=p&typeid=i","cat":284428},{"id":32986,"n":"Pâtes penne Turini Les 3 min - 500g","p":0.99,"u":"1,98 €/KG","img":"https://fd9-photos.leclercdrive.fr/image.ashx?id=2744240&use=l&cat=p&typeid=i","cat":284427},{"id":32996,"n":"Tripes à la mode de Caen Bigard 500g","p":4.58,"u":"9,16 €/KG","img":"https://fd9-photos.leclercdrive.fr/image.ashx?id=2032138&use=l&cat=p&typeid=i","cat":333666},{"id":33017,"n":"Eau gazeuse  Badoit rouge fortement pétillante - 6x1l","p":3.74,"u":"0,62 €/L","img":"https://fd9-photos.leclercdrive.fr/image.ashx?id=2831783&use=l&cat=p&typeid=i","cat":284536},{"id":33036,"n":"Beurre allégé Les Croisés Doux - 60% MG - 250g","p":1.87,"u":"7,48 €/KG","img":"https://fd9-photos.leclercdrive.fr/image.ashx?id=2893319&use=l&cat=p&typeid=i","cat":284379},{"id":33046,"n":"Tuiles Tokapi Epicé - 170g","p":1.39,"u":"8,18 €/KG","img":"https://fd9-photos.leclercdrive.fr/image.ashx?id=2641277&use=l&cat=p&typeid=i","cat":287899},{"id":33049,"n":"Salade Notre Jardin Laitue iceberg - 90g","p":0.59,"u":"6,56 €/KG","img":"https://fd9-photos.leclercdrive.fr/image.ashx?id=2662586&use=l&cat=p&typeid=i","cat":284353},{"id":33063,"n":"Lait de toilette Mots d'Enfants Extra-doux - 750ml","p":3.69,"u":"4,92 €/L","img":"https://fd9-photos.leclercdrive.fr/image.ashx?id=2266495&use=l&cat=p&typeid=i","cat":284741},{"id":33097,"n":"Steak haché façon bouchère 560g Férial - 15%mg - X4","p":9.4,"u":"16,79 €/KG","img":"https://fd9-photos.leclercdrive.fr/image.ashx?id=3004660&use=l&cat=p&typeid=i","cat":319778},{"id":33098,"n":"Viande hachée Férial 15%mg - 400G","p":5.45,"u":"13,63 €/KG","img":"https://fd9-photos.leclercdrive.fr/image.ashx?id=2966517&use=l&cat=p&typeid=i","cat":319779},{"id":33199,"n":"Sirop Eco+ Fraise - 1L","p":2.43,"u":"2,43 €/L","img":"https://fd9-photos.leclercdrive.fr/image.ashx?id=2959701&use=l&cat=p&typeid=i","cat":295020},{"id":33200,"n":"Sirop menthe Eco+ 1L","p":1.41,"u":"1,41 €/L","img":"https://fd9-photos.leclercdrive.fr/image.ashx?id=2909831&use=l&cat=p&typeid=i","cat":295020},{"id":33217,"n":"Yaourts nature Bio Vrai Au lait de brebis - 4x120g","p":2.82,"u":"23,50 €/KG","img":"https://fd9-photos.leclercdrive.fr/image.ashx?id=2359306&use=l&cat=p&typeid=i","cat":314998},{"id":33219,"n":"Truite fumée Ovive Aquitaine 4 tranches - 120g","p":5.82,"u":"48,50 €/KG","img":"https://fd9-photos.leclercdrive.fr/image.ashx?id=2996941&use=l&cat=p&typeid=i","cat":285188},{"id":33239,"n":"Café Soluble Nescafé Spécial Filtre - x25 - 50g","p":2.77,"u":"55,40 €/KG","img":"https://fd9-photos.leclercdrive.fr/image.ashx?id=2485134&use=l&cat=p&typeid=i","cat":284843},{"id":33255,"n":"Pâtes farfalle Turini Les 3 min - 500g","p":1.07,"u":"2,14 €/KG","img":"https://fd9-photos.leclercdrive.fr/image.ashx?id=2669723&use=l&cat=p&typeid=i","cat":284427},{"id":33256,"n":"Sachet cuisson Rustica Poulet herbes de provence - 34g","p":0.6,"u":"17,65 €/KG","img":"https://fd9-photos.leclercdrive.fr/image.ashx?id=1886674&use=l&cat=p&typeid=i","cat":288380},{"id":33258,"n":"Sachet cuisson Rustica Poulet ail et oignon - 36g","p":0.59,"u":"16,39 €/KG","img":"https://fd9-photos.leclercdrive.fr/image.ashx?id=1886680&use=l&cat=p&typeid=i","cat":288380},{"id":33259,"n":"Sachet cuisson Rustica Poulet paprika et tomates - 34g","p":0.67,"u":"19,71 €/KG","img":"https://fd9-photos.leclercdrive.fr/image.ashx?id=2578632&use=l&cat=p&typeid=i","cat":288380},{"id":33262,"n":"Céréales Corn Flakes Kellogg's 500g","p":2.51,"u":"5,02 €/KG","img":"https://fd9-photos.leclercdrive.fr/image.ashx?id=2522005&use=l&cat=p&typeid=i","cat":309513},{"id":33269,"n":"Pommes de terre Pom'lisse Grenaille - 450g","p":2.49,"u":"5,53 €/KG","img":"https://fd9-photos.leclercdrive.fr/image.ashx?id=2704708&use=l&cat=p&typeid=i","cat":319792},{"id":33274,"n":"Pâtes spaghetti Turini Les 3 min - 1kg","p":1.55,"u":"1,55 €/KG","img":"https://fd9-photos.leclercdrive.fr/image.ashx?id=2607533&use=l&cat=p&typeid=i","cat":284427},{"id":33287,"n":"Pâtes Torsettes Turini 3 min - 1kg","p":1.63,"u":"1,63 €/KG","img":"https://fd9-photos.leclercdrive.fr/image.ashx?id=2744237&use=l&cat=p&typeid=i","cat":284427},{"id":33297,"n":"Mini fondue Les Croisés Aux 3 fromages - 150g","p":2.25,"u":"15,00 €/KG","img":"https://fd9-photos.leclercdrive.fr/image.ashx?id=2969758&use=l&cat=p&typeid=i","cat":314037},{"id":33299,"n":"Sérum physiologique Mots d'Enfants 5ml x40","p":2.19,"u":"10,95 €/L","img":"https://fd9-photos.leclercdrive.fr/image.ashx?id=3014209&use=l&cat=p&typeid=i","cat":284741},{"id":33302,"n":"Pâtes cannelloni Turini 250g","p":0.99,"u":"3,96 €/KG","img":"https://fd9-photos.leclercdrive.fr/image.ashx?id=2980468&use=l&cat=p&typeid=i","cat":284427},{"id":33304,"n":"Soja cuisine Bio Village Fluide bio - 3x20cl","p":1.61,"u":"2,68 €/L","img":"https://fd9-photos.leclercdrive.fr/image.ashx?id=2493679&use=l&cat=p&typeid=i","cat":316069},{"id":33306,"n":"Sucre pure canne Bio Village En poudre bio - 500g","p":1.66,"u":"3,32 €/KG","img":"https://fd9-photos.leclercdrive.fr/image.ashx?id=2115878&use=l&cat=p&typeid=i","cat":284502},{"id":33309,"n":"Galettes de maïs Bio Village x19 - 130g","p":0.91,"u":"7,00 €/KG","img":"https://fd9-photos.leclercdrive.fr/image.ashx?id=1959490&use=l&cat=p&typeid=i","cat":318651},{"id":33335,"n":"Eau nettoyante Mots d'Enfants Hydratante - 750ml","p":3.15,"u":"4,20 €/L","img":"https://fd9-photos.leclercdrive.fr/image.ashx?id=3015075&use=l&cat=p&typeid=i","cat":284741},{"id":33336,"n":"Gel lavant bébé Mots d'Enfants Corps et cheveux - 750ml","p":3.15,"u":"4,20 €/L","img":"https://fd9-photos.leclercdrive.fr/image.ashx?id=3014224&use=l&cat=p&typeid=i","cat":284740},{"id":33399,"n":"Pâte d'amande 40% Vahiné Tricolore 150g","p":2.1,"u":"14,00 €/KG","img":"https://fd9-photos.leclercdrive.fr/image.ashx?id=2014370&use=l&cat=p&typeid=i","cat":284504},{"id":33442,"n":"Cocktail fruits de mer Escal 900g","p":9.92,"u":"11,02 €/KG","img":"https://fd9-photos.leclercdrive.fr/image.ashx?id=2438609&use=l&cat=p&typeid=i","cat":319787},{"id":33503,"n":"Salade & Cie Sodebo Antibes Thon riz - 320g","p":3.19,"u":"9,97 €/KG","img":"https://fd9-photos.leclercdrive.fr/image.ashx?id=2799431&use=l&cat=p&typeid=i","cat":333657},{"id":33575,"n":"Pain d'épices Labeyrie Spécial foie gras - 150g","p":4.23,"u":"28,20 €/KG","img":"https://fd9-photos.leclercdrive.fr/image.ashx?id=2923501&use=l&cat=p&typeid=i","cat":316008},{"id":33582,"n":"Fromage à tartiner Boursin Poivre - 150g","p":2.39,"u":"15,93 €/KG","img":"https://fd9-photos.leclercdrive.fr/image.ashx?id=2962284&use=l&cat=p&typeid=i","cat":314029},{"id":33583,"n":"Dés de fromage salade Boursin Figue et 3 noix - 120g","p":2.25,"u":"18,75 €/KG","img":"https://fd9-photos.leclercdrive.fr/image.ashx?id=2865668&use=l&cat=p&typeid=i","cat":314027},{"id":33595,"n":"Monster Munch Salé - 85g","p":0.99,"u":"11,65 €/KG","img":"https://fd9-photos.leclercdrive.fr/image.ashx?id=2971598&use=l&cat=p&typeid=i","cat":284449},{"id":33596,"n":"Monster Munch Jambon fromage - 85g","p":1.04,"u":"12,24 €/KG","img":"https://fd9-photos.leclercdrive.fr/image.ashx?id=2971604&use=l&cat=p&typeid=i","cat":284449},{"id":33600,"n":"Monster Munch Ketchup - 85g","p":1.07,"u":"12,59 €/KG","img":"https://fd9-photos.leclercdrive.fr/image.ashx?id=2996932&use=l&cat=p&typeid=i","cat":284449},{"id":33667,"n":"Crème de cassis Auguste Mugniot 15%vol. - 70cl","p":4.89,"u":"6,99 €/L","img":"https://fd9-photos.leclercdrive.fr/image.ashx?id=1211501&use=l&cat=p&typeid=i","cat":286032},{"id":33680,"n":"Croquettes grands chiens Lydog Boeuf Volaille - 14.5kg","p":18.5,"u":"1,28 €/KG","img":"https://fd9-photos.leclercdrive.fr/image.ashx?id=2054975&use=l&cat=p&typeid=i","cat":284672},{"id":33695,"n":"Coq'ailes Maître Coq Croustillante - 250g","p":3.51,"u":"14,04 €/KG","img":"https://fd9-photos.leclercdrive.fr/image.ashx?id=2848791&use=l&cat=p&typeid=i","cat":333685},{"id":33697,"n":"Cuisses de poulet Maître Coq 1.4kg","p":5.97,"u":"4,26 €/KG","img":"https://fd9-photos.leclercdrive.fr/image.ashx?id=2551126&use=l&cat=p&typeid=i","cat":284336},{"id":33745,"n":"IGP Pays d'Oc rosé Cinsault  Syrah Ormes de Cambras - BIB 5L","p":15.89,"u":"3,18 €/L","img":"https://fd9-photos.leclercdrive.fr/image.ashx?id=2445118&use=l&cat=p&typeid=i","cat":289560},{"id":33749,"n":"IGP Terres du Midi Listel Vin rosé 12% vol - BIB 3L","p":13.0,"u":"4,33 €/L","img":"https://fd9-photos.leclercdrive.fr/image.ashx?id=2883468&use=l&cat=p&typeid=i","cat":289560},{"id":33805,"n":"Lingettes désinfectantes Clair Anti-bactériennes x40","p":1.05,"u":"0,03 €/P","img":"https://fd9-photos.leclercdrive.fr/image.ashx?id=2768095&use=l&cat=p&typeid=i","cat":325358},{"id":33811,"n":"Pastis de Marseille 45%vol - 1L","p":16.35,"u":"16,35 €/L","img":"https://fd9-photos.leclercdrive.fr/image.ashx?id=2637817&use=l&cat=p&typeid=i","cat":284548},{"id":33820,"n":"Friandises chat Catisfactions Saumon - 60g","p":1.15,"u":"19,17 €/KG","img":"https://fd9-photos.leclercdrive.fr/image.ashx?id=2912605&use=l&cat=p&typeid=i","cat":285285},{"id":33824,"n":"Pur jus multifruits Jafaden  Orange Carotte Banane - 1L","p":2.29,"u":"2,29 €/L","img":"https://fd9-photos.leclercdrive.fr/image.ashx?id=2841157&use=l&cat=p&typeid=i","cat":284917},{"id":33837,"n":"Tripes à la tomate Bigard 500g","p":4.92,"u":"9,84 €/KG","img":"https://fd9-photos.leclercdrive.fr/image.ashx?id=2032135&use=l&cat=p&typeid=i","cat":333666},{"id":33847,"n":"Pur jus multifruits Jafaden Orange Ananas Mangue - 1L","p":2.29,"u":"2,29 €/L","img":"https://fd9-photos.leclercdrive.fr/image.ashx?id=2841160&use=l&cat=p&typeid=i","cat":284917},{"id":33849,"n":"Shampooing bio Bio naïa 250ml","p":1.8,"u":"7,20 €/L","img":"https://fd9-photos.leclercdrive.fr/image.ashx?id=2822117&use=l&cat=p&typeid=i","cat":284606},{"id":33850,"n":"Eponges multi-usage Mamison Vertes - X6","p":1.75,"u":"0,29 €/P","img":"https://fd9-photos.leclercdrive.fr/image.ashx?id=2175768&use=l&cat=p&typeid=i","cat":284667},{"id":33852,"n":"Cubes allume-feu Silex x72 cubes","p":3.05,"u":"0,04 €/P","img":"https://fd9-photos.leclercdrive.fr/image.ashx?id=1304486&use=l&cat=p&typeid=i","cat":300578},{"id":33882,"n":"Farfalle Bio Village Bio Au blé complet - 500g","p":1.95,"u":"3,90 €/KG","img":"https://fd9-photos.leclercdrive.fr/image.ashx?id=2625373&use=l&cat=p&typeid=i","cat":284427},{"id":33885,"n":"Olives noires  Rustica Dénoyautées - 180g","p":1.23,"u":"6,83 €/KG","img":"https://fd9-photos.leclercdrive.fr/image.ashx?id=1698893&use=l&cat=p&typeid=i","cat":284458},{"id":33887,"n":"Pains grillés complet Epi d'or 400g","p":1.57,"u":"3,93 €/KG","img":"https://fd9-photos.leclercdrive.fr/image.ashx?id=2982610&use=l&cat=p&typeid=i","cat":284479},{"id":33889,"n":"Pain précuit Epi d'or Petits pains x6 - 300g","p":0.99,"u":"3,30 €/KG","img":"https://fd9-photos.leclercdrive.fr/image.ashx?id=1905869&use=l&cat=p&typeid=i","cat":325069},{"id":33891,"n":"Paëlla royale Côté Table 300g","p":3.39,"u":"11,30 €/KG","img":"https://fd9-photos.leclercdrive.fr/image.ashx?id=2393872&use=l&cat=p&typeid=i","cat":284953},{"id":33892,"n":"Poule au riz Côté table 300g","p":2.31,"u":"7,70 €/KG","img":"https://fd9-photos.leclercdrive.fr/image.ashx?id=2393875&use=l&cat=p&typeid=i","cat":284953},{"id":33893,"n":"Penne Bio Village  Bio - 500g","p":0.89,"u":"1,78 €/KG","img":"https://fd9-photos.leclercdrive.fr/image.ashx?id=2625370&use=l&cat=p&typeid=i","cat":284427},{"id":33910,"n":"Biscuit Petit beurre P'tit Déli Chocolat noir pocket - 250g","p":2.39,"u":"9,56 €/KG","img":"https://fd9-photos.leclercdrive.fr/image.ashx?id=2523706&use=l&cat=p&typeid=i","cat":284488},{"id":33917,"n":"Thon entier Pêche Océan Huile d'olive - 160g","p":2.29,"u":"14,31 €/KG","img":"https://fd9-photos.leclercdrive.fr/image.ashx?id=2942199&use=l&cat=p&typeid=i","cat":303867},{"id":33918,"n":"Pâtes torsettes Turini Blé complet - 500g","p":0.99,"u":"1,98 €/KG","img":"https://fd9-photos.leclercdrive.fr/image.ashx?id=2607527&use=l&cat=p&typeid=i","cat":284427},{"id":33923,"n":"Filets d'Anchois Pêche Océan Marinés Nature - 100g","p":1.99,"u":"19,90 €/KG","img":"https://fd9-photos.leclercdrive.fr/image.ashx?id=2992513&use=l&cat=p&typeid=i","cat":285190},{"id":33924,"n":"Betterave Notre Jardin Rouge entière - 250g","p":0.65,"u":"2,60 €/KG","img":"https://fd9-photos.leclercdrive.fr/image.ashx?id=2587106&use=l&cat=p&typeid=i","cat":284352},{"id":33925,"n":"Hachés au thon Pêche Océan Albacore à la tomate - 200g","p":2.7,"u":"13,50 €/KG","img":"https://fd9-photos.leclercdrive.fr/image.ashx?id=2953629&use=l&cat=p&typeid=i","cat":284344},{"id":33959,"n":"Filet de harengs Pêche Océan MSC - Doux - 500g","p":3.95,"u":"7,90 €/KG","img":"https://fd9-photos.leclercdrive.fr/image.ashx?id=2992492&use=l&cat=p&typeid=i","cat":285190},{"id":33982,"n":"Soupe de poisson NRT à la Sétoise - 780g","p":3.99,"u":"5,12 €/KG","img":"https://fd9-photos.leclercdrive.fr/image.ashx?id=2834335&use=l&cat=p&typeid=i","cat":285192},{"id":33988,"n":"Bloc WC Syphon Activ' Effect Marine x1","p":1.58,"img":"https://fd9-photos.leclercdrive.fr/image.ashx?id=2302690&use=l&cat=p&typeid=i","cat":284662},{"id":33989,"n":"Coq au vin Côté Table 400g","p":2.54,"u":"6,35 €/KG","img":"https://fd9-photos.leclercdrive.fr/image.ashx?id=2977876&use=l&cat=p&typeid=i","cat":284441},{"id":34006,"n":"Boisson aux fruits Capri Sun Tropical - 10x20cl","p":3.38,"u":"1,69 €/L","img":"https://fd9-photos.leclercdrive.fr/image.ashx?id=2506399&use=l&cat=p&typeid=i","cat":295018},{"id":34007,"n":"Bâtonnets Dentastix Pedigree  Fresh Moyen chien x7 - 180g","p":2.54,"u":"14,11 €/KG","img":"https://fd9-photos.leclercdrive.fr/image.ashx?id=2850171&use=l&cat=p&typeid=i","cat":294527},{"id":34044,"n":"Brie Ermitage 800g","p":7.92,"u":"9,90 €/KG","img":"https://fd9-photos.leclercdrive.fr/image.ashx?id=2642453&use=l&cat=p&typeid=i","cat":314033},{"id":34106,"n":"Dosettes café Plantation  Classique - x36 - 250g","p":3.72,"u":"14,88 €/KG","img":"https://fd9-photos.leclercdrive.fr/image.ashx?id=2622109&use=l&cat=p&typeid=i","cat":293238},{"id":34107,"n":"Dosettes café Plantation  Corsé - x36 - 250g","p":3.72,"u":"14,88 €/KG","img":"https://fd9-photos.leclercdrive.fr/image.ashx?id=2622112&use=l&cat=p&typeid=i","cat":293238},{"id":34177,"n":"Effilés aux legumes Purina One Poulet / Boeufs - 4x85g","p":2.15,"u":"6,32 €/KG","img":"https://fd9-photos.leclercdrive.fr/image.ashx?id=2467483&use=l&cat=p&typeid=i","cat":285286},{"id":34183,"n":"Tortilla Tables du monde Oignons 500g","p":2.89,"u":"5,78 €/KG","img":"https://fd9-photos.leclercdrive.fr/image.ashx?id=1671946&use=l&cat=p&typeid=i","cat":333673},{"id":34186,"n":"Aiguillettes poulet Maitre coq Blanc - 450g","p":6.58,"u":"14,62 €/KG","img":"https://fd9-photos.leclercdrive.fr/image.ashx?id=2551162&use=l&cat=p&typeid=i","cat":284336},{"id":34187,"n":"Aiguillettes poulet Maitre coq Jaune - 450g","p":6.64,"u":"14,76 €/KG","img":"https://fd9-photos.leclercdrive.fr/image.ashx?id=2551165&use=l&cat=p&typeid=i","cat":284336},{"id":34241,"n":"Manchons de poulet Côté Croc Barbecue - 250g","p":2.49,"u":"9,96 €/KG","img":"https://fd9-photos.leclercdrive.fr/image.ashx?id=2560482&use=l&cat=p&typeid=i","cat":333685},{"id":34326,"n":"Dosettes café Plantation  Caramel - x10 - 70g","p":1.63,"u":"23,29 €/KG","img":"https://fd9-photos.leclercdrive.fr/image.ashx?id=2824277&use=l&cat=p&typeid=i","cat":293238},{"id":34327,"n":"Dosettes café Plantation Noisette - x10 - 70g","p":1.82,"u":"26,00 €/KG","img":"https://fd9-photos.leclercdrive.fr/image.ashx?id=2664578&use=l&cat=p&typeid=i","cat":293238},{"id":34333,"n":"Boisson à base de vin rosé Very Framboise - 75cl","p":3.22,"u":"4,29 €/L","img":"https://fd9-photos.leclercdrive.fr/image.ashx?id=2446632&use=l&cat=p&typeid=i","cat":304569},{"id":34334,"n":"Boisson à base de vin blanc  Very Pech'- Pêche - 75cl","p":3.06,"u":"4,08 €/L","img":"https://fd9-photos.leclercdrive.fr/image.ashx?id=2443874&use=l&cat=p&typeid=i","cat":304569},{"id":34350,"n":"Shampooing sec Vitanove Cheveux normaux - 150ml","p":1.87,"u":"12,47 €/L","img":"https://fd9-photos.leclercdrive.fr/image.ashx?id=2669720&use=l&cat=p&typeid=i","cat":289143},{"id":34361,"n":"Préparation pain Tablier Blanc Farine pour pain nature - 1kg","p":1.35,"u":"1,35 €/KG","img":"https://fd9-photos.leclercdrive.fr/image.ashx?id=2832951&use=l&cat=p&typeid=i","cat":284503},{"id":34406,"n":"Dosettes café Plantation  Décaféiné - x36 - 250g","p":3.99,"u":"15,96 €/KG","img":"https://fd9-photos.leclercdrive.fr/image.ashx?id=2824274&use=l&cat=p&typeid=i","cat":293238},{"id":34500,"n":"Dosettes café Plantation  Classique - x48 - 336g","p":4.95,"u":"14,73 €/KG","img":"https://fd9-photos.leclercdrive.fr/image.ashx?id=2824271&use=l&cat=p&typeid=i","cat":293238},{"id":34521,"n":"Bière blonde Falsbourg 4.2%vol. - 24x25cl","p":8.55,"u":"1,43 €/L","img":"https://fd9-photos.leclercdrive.fr/image.ashx?id=2637910&use=l&cat=p&typeid=i","cat":334873},{"id":34660,"n":"Pruneaux d'Agen Couleurs Vives Dénoyautés - 250g","p":2.99,"u":"11,96 €/KG","img":"https://fd9-photos.leclercdrive.fr/image.ashx?id=2093129&use=l&cat=p&typeid=i","cat":284357},{"id":34670,"n":"Oignons jaunes Filière Panier du Primeur Filet 1kg","p":1.99,"u":"1,99 €/KG","img":"https://fd9-photos.leclercdrive.fr/image.ashx?id=2953734&use=l&cat=p&typeid=i","cat":284352},{"id":34671,"n":"Echalote traditionnelle filière Panier du Primeur Filet 250g","p":0.99,"u":"3,96 €/KG","img":"https://fd9-photos.leclercdrive.fr/image.ashx?id=2965500&use=l&cat=p&typeid=i","cat":284352},{"id":34672,"n":"Ail blanc Panier du Primeur A mijoter et à confire x3","p":2.99,"u":"1,00 €/P","img":"https://fd9-photos.leclercdrive.fr/image.ashx?id=2958720&use=l&cat=p&typeid=i","cat":284352},{"id":34679,"n":"Eponges grattantes Mamison Couleurs pop x2","p":1.38,"u":"0,69 €/P","img":"https://fd9-photos.leclercdrive.fr/image.ashx?id=2207724&use=l&cat=p&typeid=i","cat":284667},{"id":34693,"n":"Briochettes pépites Epi d'Or Chocolat au lait x12 - 500g","p":2.44,"u":"4,88 €/KG","img":"https://fd9-photos.leclercdrive.fr/image.ashx?id=2867913&use=l&cat=p&typeid=i","cat":293505},{"id":34694,"n":"Briochettes pépites Epi d'Or Chocolat - x12 500g","p":2.79,"u":"5,58 €/KG","img":"https://fd9-photos.leclercdrive.fr/image.ashx?id=2867910&use=l&cat=p&typeid=i","cat":293505},{"id":34718,"n":"Épinards à cuire Panier Primeur 400g","p":1.99,"u":"4,98 €/KG","img":"https://fd9-photos.leclercdrive.fr/image.ashx?id=2715994&use=l&cat=p&typeid=i","cat":284353},{"id":34841,"n":"Rillettes Tradilège poulet rôti 220g","p":1.79,"u":"8,14 €/KG","img":"https://fd9-photos.leclercdrive.fr/image.ashx?id=2930924&use=l&cat=p&typeid=i","cat":316008},{"id":34845,"n":"IGP Vinaigre balsamique Maille 50cl","p":3.32,"u":"6,64 €/L","img":"https://fd9-photos.leclercdrive.fr/image.ashx?id=2866178&use=l&cat=p&typeid=i","cat":298543},{"id":34908,"n":"Fromage frais Petit Yoplait Nature 3.8%MG - 6x60g","p":1.38,"u":"3,83 €/KG","img":"https://fd9-photos.leclercdrive.fr/image.ashx?id=2811026&use=l&cat=p&typeid=i","cat":284409},{"id":34915,"n":"Fromage frais Petit Yoplait Nature 3.8%MG - 12x60g","p":1.91,"u":"2,65 €/KG","img":"https://fd9-photos.leclercdrive.fr/image.ashx?id=2811029&use=l&cat=p&typeid=i","cat":284409},{"id":34943,"n":"Blanc de poulet Fleury Michon rôti à la broche x4 - 120g","p":1.62,"u":"13,50 €/KG","img":"https://fd9-photos.leclercdrive.fr/image.ashx?id=2977288&use=l&cat=p&typeid=i","cat":316010},{"id":34952,"n":"Ratatouille à la Provençale NRT 650g","p":3.15,"u":"4,85 €/KG","img":"https://fd9-photos.leclercdrive.fr/image.ashx?id=2791105&use=l&cat=p&typeid=i","cat":312612},{"id":34973,"n":"Bière Trois Monts Grande réserve 9.5%vol. - 75cl","p":3.02,"u":"4,03 €/L","img":"https://fd9-photos.leclercdrive.fr/image.ashx?id=2548376&use=l&cat=p&typeid=i","cat":334852},{"id":34982,"n":"Bûche chèvre Soignon 200g","p":2.25,"u":"11,25 €/KG","img":"https://fd9-photos.leclercdrive.fr/image.ashx?id=2995325&use=l&cat=p&typeid=i","cat":314031},{"id":35008,"n":"Céréales Special K Kellogg's Nature - 750g","p":4.08,"u":"5,44 €/KG","img":"https://fd9-photos.leclercdrive.fr/image.ashx?id=2586288&use=l&cat=p&typeid=i","cat":309512},{"id":35022,"n":"Cordon bleu Le Gaulois Dinde x4 - 400g","p":4.01,"u":"10,03 €/KG","img":"https://fd9-photos.leclercdrive.fr/image.ashx?id=2860226&use=l&cat=p&typeid=i","cat":333683},{"id":35034,"n":"Eau minérale gazeuse Perrier  Canettes - 6x33cl","p":2.79,"u":"1,41 €/L","img":"https://fd9-photos.leclercdrive.fr/image.ashx?id=2672554&use=l&cat=p&typeid=i","cat":284536},{"id":35039,"n":"Dosettes café Plantation Corsé - x48 - 336g","p":4.95,"u":"14,73 €/KG","img":"https://fd9-photos.leclercdrive.fr/image.ashx?id=2622115&use=l&cat=p&typeid=i","cat":293238},{"id":35046,"n":"Sangria Festalie 7%vol. - 3L","p":3.65,"u":"1,22 €/L","img":"https://fd9-photos.leclercdrive.fr/image.ashx?id=2515497&use=l&cat=p&typeid=i","cat":286032},{"id":35108,"n":"Bière blonde Affligem 6,7%vol. - 12x25cl","p":9.53,"u":"3,18 €/L","img":"https://fd9-photos.leclercdrive.fr/image.ashx?id=2639405&use=l&cat=p&typeid=i","cat":334852},{"id":35138,"n":"Yaourt SMARTIES Vanille bonbons chocolat 4x120g","p":2.45,"u":"5,10 €/KG","img":"https://fd9-photos.leclercdrive.fr/image.ashx?id=2571038&use=l&cat=p&typeid=i","cat":284414},{"id":35141,"n":"Yaourts Mamie Nova Pêches du Roussillon - 2x150g","p":1.44,"u":"4,80 €/KG","img":"https://fd9-photos.leclercdrive.fr/image.ashx?id=2911972&use=l&cat=p&typeid=i","cat":284410},{"id":35146,"n":"Fromages râpé spécial Pizza  Les Croisés - 125g","p":1.62,"u":"12,96 €/KG","img":"https://fd9-photos.leclercdrive.fr/image.ashx?id=2946175&use=l&cat=p&typeid=i","cat":314035},{"id":35147,"n":"Fromage Cheddar Burger Les Croisés 20 Tranches - 340g","p":1.99,"u":"5,85 €/KG","img":"https://fd9-photos.leclercdrive.fr/image.ashx?id=2946844&use=l&cat=p&typeid=i","cat":314028},{"id":35148,"n":"Fromage Emmental Croque Les Croisés 20 Tranches - 340g","p":2.01,"u":"5,91 €/KG","img":"https://fd9-photos.leclercdrive.fr/image.ashx?id=2946850&use=l&cat=p&typeid=i","cat":314028},{"id":35155,"n":"Tablette de chocolat noir Lindt Fleur de sel - 100g","p":2.25,"u":"22,50 €/KG","img":"https://fd9-photos.leclercdrive.fr/image.ashx?id=2681595&use=l&cat=p&typeid=i","cat":284956},{"id":35159,"n":"Croco Haribo Sachet bonbons - 280g","p":1.27,"u":"4,54 €/KG","img":"https://fd9-photos.leclercdrive.fr/image.ashx?id=2446467&use=l&cat=p&typeid=i","cat":304250},{"id":35160,"n":"Croissants Pasquier x16 - 640g","p":3.75,"u":"5,86 €/KG","img":"https://fd9-photos.leclercdrive.fr/image.ashx?id=2853056&use=l&cat=p&typeid=i","cat":296366},{"id":35173,"n":"Joker Le Fruit Jus multifruits  1,5L","p":2.54,"u":"1,69 €/L","img":"https://fd9-photos.leclercdrive.fr/image.ashx?id=2785727&use=l&cat=p&typeid=i","cat":284917},{"id":35182,"n":"Boisson énergisante Monster Original - 50cl","p":1.35,"u":"2,70 €/L","img":"https://fd9-photos.leclercdrive.fr/image.ashx?id=2510163&use=l&cat=p&typeid=i","cat":284533},{"id":35183,"n":"Boisson énergisante Monster Original Canette - 4x50cl","p":5.38,"u":"2,69 €/L","img":"https://fd9-photos.leclercdrive.fr/image.ashx?id=2210242&use=l&cat=p&typeid=i","cat":284533},{"id":35185,"n":"Eau aromatisée Volvic Juicy Citronnade - 1,5L","p":1.48,"u":"0,99 €/L","img":"https://fd9-photos.leclercdrive.fr/image.ashx?id=3011008&use=l&cat=p&typeid=i","cat":284537},{"id":35262,"n":"yaourt aux fruits bifidus activia 0%mg - 12x125g","p":4.75,"u":"3,17 €/KG","img":"https://fd9-photos.leclercdrive.fr/image.ashx?id=2741697&use=l&cat=p&typeid=i","cat":315000},{"id":35274,"n":"Cervelas Supérieur Herta 200g","p":1.64,"u":"8,20 €/KG","img":"https://fd9-photos.leclercdrive.fr/image.ashx?id=2310281&use=l&cat=p&typeid=i","cat":316012},{"id":35308,"n":"Beurre Tendre Elle&Vire Demi-Sel - 80% MG - 250g","p":2.81,"u":"11,24 €/KG","img":"https://fd9-photos.leclercdrive.fr/image.ashx?id=2604773&use=l&cat=p&typeid=i","cat":284379},{"id":35309,"n":"Beurre Tendre Elle&Vire Doux - 82% MG - 250g","p":2.81,"u":"11,24 €/KG","img":"https://fd9-photos.leclercdrive.fr/image.ashx?id=2765629&use=l&cat=p&typeid=i","cat":284379},{"id":35398,"n":"Eau Micellaire Garnier Peaux Sensibles - 400ml","p":2.8,"u":"7,00 €/L","img":"https://fd9-photos.leclercdrive.fr/image.ashx?id=2926593&use=l&cat=p&typeid=i","cat":284603},{"id":35479,"n":"Déodorant Bille Femme Nivea Black&White Original - 50ml","p":1.89,"u":"37,80 €/L","img":"https://fd9-photos.leclercdrive.fr/image.ashx?id=2985471&use=l&cat=p&typeid=i","cat":284595},{"id":35517,"n":"Laque Cheveux L'Oréal Paris Elnett Fixation Forte - 150ml","p":4.96,"u":"33,07 €/L","img":"https://fd9-photos.leclercdrive.fr/image.ashx?id=2056008&use=l&cat=p&typeid=i","cat":284609},{"id":35643,"n":"Lasagne à la bolognaise Marie 2x300g","p":6.75,"u":"11,25 €/KG","img":"https://fd9-photos.leclercdrive.fr/image.ashx?id=2331816&use=l&cat=p&typeid=i","cat":333665},{"id":35647,"n":"Bière blonde Falsbourg Canette - 4.2%vol. - 6x33cl","p":2.69,"u":"1,36 €/L","img":"https://fd9-photos.leclercdrive.fr/image.ashx?id=2637913&use=l&cat=p&typeid=i","cat":334853},{"id":35649,"n":"Petits boudins créole Tradilège Au piment de Cayenne - 300g","p":3.44,"u":"11,47 €/KG","img":"https://fd9-photos.leclercdrive.fr/image.ashx?id=2651810&use=l&cat=p&typeid=i","cat":316012},{"id":35650,"n":"Minis boudins blancs Tradilège Noix de muscade et porto - 300g","p":3.99,"u":"13,30 €/KG","img":"https://fd9-photos.leclercdrive.fr/image.ashx?id=2821007&use=l&cat=p&typeid=i","cat":316012},{"id":35716,"n":"Gourdes Goûters lactés Délisse Vanille - 4x85g","p":1.81,"u":"5,32 €/KG","img":"https://fd9-photos.leclercdrive.fr/image.ashx?id=2681427&use=l&cat=p&typeid=i","cat":284506},{"id":35727,"n":"Spécialité au soja nature Nat & Vie - 6x100g","p":1.62,"u":"4,05 €/P","img":"https://fd9-photos.leclercdrive.fr/image.ashx?id=2901452&use=l&cat=p&typeid=i","cat":316071},{"id":35728,"n":"Spécialité au soja Nat & Vie Framboise-passion 4x100g","p":1.42,"u":"3,55 €/KG","img":"https://fd9-photos.leclercdrive.fr/image.ashx?id=2901455&use=l&cat=p&typeid=i","cat":316071},{"id":35729,"n":"Tiramisu Délisse Au café - 4x80g","p":2.49,"u":"7,78 €/KG","img":"https://fd9-photos.leclercdrive.fr/image.ashx?id=2711604&use=l&cat=p&typeid=i","cat":284419},{"id":35730,"n":"Crème dessert Délisse Vanille Billes 3 chocolats 4x117g","p":2.15,"u":"4,59 €/KG","img":"https://fd9-photos.leclercdrive.fr/image.ashx?id=2965503&use=l&cat=p&typeid=i","cat":285041},{"id":35731,"n":"Crème dessert Chocolat Délisse Mix'n croc color 4x120g","p":2.09,"u":"4,35 €/KG","img":"https://fd9-photos.leclercdrive.fr/image.ashx?id=2965506&use=l&cat=p&typeid=i","cat":285041},{"id":35760,"n":"Céréales Miel Pops Kellogg's 620g","p":3.41,"u":"5,50 €/KG","img":"https://fd9-photos.leclercdrive.fr/image.ashx?id=2596952&use=l&cat=p&typeid=i","cat":309513},{"id":35761,"n":"Céréales Frosties Kellogg's 620g","p":3.4,"u":"5,48 €/KG","img":"https://fd9-photos.leclercdrive.fr/image.ashx?id=2589768&use=l&cat=p&typeid=i","cat":309513},{"id":35766,"n":"Petits pots bébé NATURNES Pdt tomate bœuf 6M+ - 2x200g","p":2.1,"u":"5,25 €/KG","img":"https://fd9-photos.leclercdrive.fr/image.ashx?id=2525666&use=l&cat=p&typeid=i","cat":312236},{"id":35788,"n":"Café Soluble Nescafé 200g","p":5.61,"u":"28,05 €/KG","img":"https://fd9-photos.leclercdrive.fr/image.ashx?id=2810627&use=l&cat=p&typeid=i","cat":284843},{"id":35815,"n":"Matière grasse St Hubert  Omega 3 - 52% MG - 255g","p":2.09,"u":"8,20 €/KG","img":"https://fd9-photos.leclercdrive.fr/image.ashx?id=2734093&use=l&cat=p&typeid=i","cat":315229},{"id":35816,"n":"Matière grasse St Hubert Omega3 52% MG - demi-sel - 255g","p":2.13,"u":"8,35 €/KG","img":"https://fd9-photos.leclercdrive.fr/image.ashx?id=2734096&use=l&cat=p&typeid=i","cat":315229},{"id":35817,"n":"Mélange de matières grasses Le Fleurier - 53%mg - 510g","p":3.83,"u":"7,51 €/KG","img":"https://fd9-photos.leclercdrive.fr/image.ashx?id=2978023&use=l&cat=p&typeid=i","cat":315229},{"id":35820,"n":"Liquide pour cuisson Rustica végétal - 500ml","p":2.09,"u":"4,18 €/L","img":"https://fd9-photos.leclercdrive.fr/image.ashx?id=2903950&use=l&cat=p&typeid=i","cat":315229},{"id":35824,"n":"Fromage à tartiner Les Croisés Allégé Nature - 150g","p":1.24,"u":"8,27 €/KG","img":"https://fd9-photos.leclercdrive.fr/image.ashx?id=2366307&use=l&cat=p&typeid=i","cat":314029},{"id":35825,"n":"Fromage Pavé d'Affinois Original - 200g","p":2.5,"u":"12,50 €/KG","img":"https://fd9-photos.leclercdrive.fr/image.ashx?id=3002078&use=l&cat=p&typeid=i","cat":314033},{"id":35830,"n":"Yaourt La Laitière   Fruits panachés - 8x125g","p":3.79,"u":"3,79 €/KG","img":"https://fd9-photos.leclercdrive.fr/image.ashx?id=2744590&use=l&cat=p&typeid=i","cat":286006},{"id":35833,"n":"Yaourt La Laitière Citron - 4x125g","p":1.94,"u":"3,88 €/KG","img":"https://fd9-photos.leclercdrive.fr/image.ashx?id=2904065&use=l&cat=p&typeid=i","cat":286006},{"id":35846,"n":"Yaourt à boire Délisse Vanille - 850g","p":1.49,"u":"1,75 €/KG","img":"https://fd9-photos.leclercdrive.fr/image.ashx?id=2775890&use=l&cat=p&typeid=i","cat":284415},{"id":35847,"n":"Yaourt à boire Délisse Framboise - 850g","p":1.35,"u":"1,59 €/KG","img":"https://fd9-photos.leclercdrive.fr/image.ashx?id=2777797&use=l&cat=p&typeid=i","cat":284415},{"id":35848,"n":"Yaourt à boire Délisse Fraise - 850g","p":1.49,"u":"1,75 €/P","img":"https://fd9-photos.leclercdrive.fr/image.ashx?id=2796529&use=l&cat=p&typeid=i","cat":284415},{"id":35906,"n":"Gourdes Goûters lactés Délisse Chocolat - 4x85g","p":1.75,"u":"5,15 €/KG","img":"https://fd9-photos.leclercdrive.fr/image.ashx?id=2681424&use=l&cat=p&typeid=i","cat":284506},{"id":35907,"n":"Cassoulet mitonné   William Saurin - 840g","p":2.89,"u":"3,44 €/KG","img":"https://fd9-photos.leclercdrive.fr/image.ashx?id=2890148&use=l&cat=p&typeid=i","cat":284440},{"id":35908,"n":"Cassoulet mitonné   William Saurin - 420g","p":1.87,"u":"4,45 €/KG","img":"https://fd9-photos.leclercdrive.fr/image.ashx?id=2890151&use=l&cat=p&typeid=i","cat":284441},{"id":35918,"n":"Jus de pomme Jafaden A base de concentré - 6x20cl","p":1.32,"u":"1,10 €/L","img":"https://fd9-photos.leclercdrive.fr/image.ashx?id=2366881&use=l&cat=p&typeid=i","cat":284524},{"id":35919,"n":"Jus de raisin Jafaden Briquettes - 6x20cl","p":2.46,"u":"2,05 €/L","img":"https://fd9-photos.leclercdrive.fr/image.ashx?id=2989935&use=l&cat=p&typeid=i","cat":284915},{"id":35921,"n":"Pur jus de pomme Jafaden 1,5L","p":1.48,"u":"0,99 €/L","img":"https://fd9-photos.leclercdrive.fr/image.ashx?id=1936641&use=l&cat=p&typeid=i","cat":284522},{"id":35922,"n":"Bière blonde Forte Extra Strong Canette - 10%vol - 50cl","p":1.19,"u":"2,38 €/L","img":"https://fd9-photos.leclercdrive.fr/image.ashx?id=2928004&use=l&cat=p&typeid=i","cat":334853},{"id":35955,"n":"Magret de canard Périgord Nos Régions ont du Talent 410g","p":8.99,"u":"21,93 €/KG","img":"https://fd9-photos.leclercdrive.fr/image.ashx?id=2753517&use=l&cat=p&typeid=i","cat":284339},{"id":36009,"n":"Bâtonnets Trium Vanille Amandes x4 - 314g","p":2.05,"u":"6,53 €/KG","img":"https://fd9-photos.leclercdrive.fr/image.ashx?id=2931775&use=l&cat=p&typeid=i","cat":284265},{"id":36010,"n":"Bâtonnets Trium Vanille chocolat blanc x4 -308g","p":2.59,"u":"8,41 €/KG","img":"https://fd9-photos.leclercdrive.fr/image.ashx?id=2920776&use=l&cat=p&typeid=i","cat":284265},{"id":36037,"n":"Crème UHT Elle&Vire Fluide Entière - 30% MG - 3x20cl","p":3.15,"u":"5,25 €/L","img":"https://fd9-photos.leclercdrive.fr/image.ashx?id=3008551&use=l&cat=p&typeid=i","cat":284381},{"id":36039,"n":"Crème légère fluide UHT Délisse 12%mg - 3x20cl","p":1.84,"u":"3,07 €/L","img":"https://fd9-photos.leclercdrive.fr/image.ashx?id=2905904&use=l&cat=p&typeid=i","cat":284381},{"id":36040,"n":"Spécialité laitière UHT Délisse Semi-épaisse 4%mg - 3x20cl","p":2.21,"u":"3,68 €/L","img":"https://fd9-photos.leclercdrive.fr/image.ashx?id=3002599&use=l&cat=p&typeid=i","cat":284381},{"id":36041,"n":"Crème semi-épaisse entière UHT Délisse 30%mg - 3x20cl","p":3.5,"u":"5,83 €/L","img":"https://fd9-photos.leclercdrive.fr/image.ashx?id=2494099&use=l&cat=p&typeid=i","cat":284381},{"id":36115,"n":"Carré fondant Rians Au chocolat - 2x110g","p":2.36,"u":"10,73 €/KG","img":"https://fd9-photos.leclercdrive.fr/image.ashx?id=2495701&use=l&cat=p&typeid=i","cat":284419},{"id":36124,"n":"Haricots blancs Notre Jardin - 500g","p":1.03,"u":"2,06 €/KG","img":"https://fd9-photos.leclercdrive.fr/image.ashx?id=2988072&use=l&cat=p&typeid=i","cat":312606},{"id":36125,"n":"Haricots blancs Notre Jardin 250g","p":0.85,"u":"3,40 €/KG","img":"https://fd9-photos.leclercdrive.fr/image.ashx?id=3002602&use=l&cat=p&typeid=i","cat":312606},{"id":36186,"n":"Bâtonnets surimi Coraya Grands x24 - 374g","p":4.32,"u":"11,55 €/KG","img":"https://fd9-photos.leclercdrive.fr/image.ashx?id=1906702&use=l&cat=p&typeid=i","cat":285189},{"id":36191,"n":"Allumettes fumées Tradilège VPF 2x75g","p":1.55,"u":"10,33 €/KG","img":"https://fd9-photos.leclercdrive.fr/image.ashx?id=2943680&use=l&cat=p&typeid=i","cat":316011},{"id":36193,"n":"Dés de jambon Tradilège -25% de sel - 2x75g","p":1.5,"u":"10,00 €/KG","img":"https://fd9-photos.leclercdrive.fr/image.ashx?id=2984191&use=l&cat=p&typeid=i","cat":316011},{"id":36194,"n":"Dés de jambon Tradilège Maxi format 2x125g","p":2.47,"u":"9,88 €/KG","img":"https://fd9-photos.leclercdrive.fr/image.ashx?id=2970465&use=l&cat=p&typeid=i","cat":316011},{"id":36198,"n":"Lardons supérieurs Tradilège Fumés maxi format 2x200g","p":3.39,"u":"8,48 €/KG","img":"https://fd9-photos.leclercdrive.fr/image.ashx?id=2921381&use=l&cat=p&typeid=i","cat":316011},{"id":36200,"n":"Coton Démaquillant Eco+ Prédécoupé - 200g","p":1.57,"u":"7,85 €/KG","img":"https://fd9-photos.leclercdrive.fr/image.ashx?id=2724535&use=l&cat=p&typeid=i","cat":285593},{"id":36202,"n":"Recharge crème lavante Eco+ Amande miel - 750ml","p":1.11,"u":"1,48 €/L","img":"https://fd9-photos.leclercdrive.fr/image.ashx?id=2933295&use=l&cat=p&typeid=i","cat":284597},{"id":36203,"n":"Gel douche Eco+ Peaux sensibles - 500ml","p":0.99,"u":"1,98 €/L","img":"https://fd9-photos.leclercdrive.fr/image.ashx?id=2174660&use=l&cat=p&typeid=i","cat":284594},{"id":36206,"n":"Mousse à raser hydratante Eco+ Peaux normales - 300ml","p":0.85,"u":"2,83 €/L","img":"https://fd9-photos.leclercdrive.fr/image.ashx?id=2422683&use=l&cat=p&typeid=i","cat":284617},{"id":36268,"n":"Soufflés ExtraTerrestres Tokapi Jambon fromage - 80g","p":0.84,"u":"10,50 €/KG","img":"https://fd9-photos.leclercdrive.fr/image.ashx?id=2922929&use=l&cat=p&typeid=i","cat":284449},{"id":36270,"n":"Soufflés ExtraTerrestres Tokapi Salé - 80g","p":0.79,"u":"9,88 €/KG","img":"https://fd9-photos.leclercdrive.fr/image.ashx?id=1932960&use=l&cat=p&typeid=i","cat":284449},{"id":36308,"n":"Shampooing Nateïs Camomille abricot - 250ml","p":1.39,"u":"5,56 €/L","img":"https://fd9-photos.leclercdrive.fr/image.ashx?id=2626790&use=l&cat=p&typeid=i","cat":284606},{"id":36310,"n":"Shampooing Nateïs Argile Pamplemousse - 250ml","p":1.39,"u":"5,56 €/L","img":"https://fd9-photos.leclercdrive.fr/image.ashx?id=2358697&use=l&cat=p&typeid=i","cat":284606},{"id":36311,"n":"Shampooing Nateïs Huile d'argan - 250ml","p":1.29,"u":"5,16 €/L","img":"https://fd9-photos.leclercdrive.fr/image.ashx?id=2652906&use=l&cat=p&typeid=i","cat":284606},{"id":36314,"n":"Shampooing Nateïs Fleur de tilleul pomme verte - 250ml","p":1.27,"u":"5,08 €/L","img":"https://fd9-photos.leclercdrive.fr/image.ashx?id=2369645&use=l&cat=p&typeid=i","cat":284606},{"id":36346,"n":"Rondelé au Bleu d'Aveyron 125g","p":1.69,"u":"13,52 €/KG","img":"https://fd9-photos.leclercdrive.fr/image.ashx?id=2877751&use=l&cat=p&typeid=i","cat":314029},{"id":36347,"n":"Rondelé aux Noix 125g","p":1.65,"u":"13,20 €/KG","img":"https://fd9-photos.leclercdrive.fr/image.ashx?id=2967732&use=l&cat=p&typeid=i","cat":314029},{"id":36348,"n":"Papier aluminium Alfapac Gaufré - Rouleau 20m","p":3.21,"img":"https://fd9-photos.leclercdrive.fr/image.ashx?id=2870446&use=l&cat=p&typeid=i","cat":334134},{"id":36388,"n":"Bière ambrée corse Pietra 6° - 6x25cl","p":8.34,"u":"5,56 €/L","img":"https://fd9-photos.leclercdrive.fr/image.ashx?id=3011464&use=l&cat=p&typeid=i","cat":334872},{"id":36394,"n":"Yaourt aromatisé aux Fruits Panachés Frulos - 16x125g","p":3.2,"u":"1,60 €/KG","img":"https://fd9-photos.leclercdrive.fr/image.ashx?id=2799895&use=l&cat=p&typeid=i","cat":286006},{"id":36396,"n":"Gâteau fourré Mini BN Chocolat 175g","p":1.87,"u":"10,69 €/KG","img":"https://fd9-photos.leclercdrive.fr/image.ashx?id=2746854&use=l&cat=p&typeid=i","cat":284488},{"id":36397,"n":"Biscuits Mini BN Goûter à la fraise - 175g","p":1.89,"u":"10,80 €/KG","img":"https://fd9-photos.leclercdrive.fr/image.ashx?id=2748212&use=l&cat=p&typeid=i","cat":284489},{"id":36399,"n":"Pizza La Pizz Sodebo Chèvre lardons - 470g","p":3.54,"u":"7,53 €/KG","img":"https://fd9-photos.leclercdrive.fr/image.ashx?id=2851494&use=l&cat=p&typeid=i","cat":333679},{"id":36400,"n":"Pizza La Pizz Sodebo 4 fromages - 470g","p":3.39,"u":"7,21 €/KG","img":"https://fd9-photos.leclercdrive.fr/image.ashx?id=2905366&use=l&cat=p&typeid=i","cat":333679},{"id":36401,"n":"Pizza Dolce Sodebo 4 fromaggi - 380g","p":4.26,"u":"11,21 €/KG","img":"https://fd9-photos.leclercdrive.fr/image.ashx?id=2921636&use=l&cat=p&typeid=i","cat":333679},{"id":36402,"n":"Pizza Dolce Sodebo Prosciutto Jambon Mozza - 400g","p":3.51,"u":"8,78 €/KG","img":"https://fd9-photos.leclercdrive.fr/image.ashx?id=2919277&use=l&cat=p&typeid=i","cat":333679},{"id":36403,"n":"Pizza Dolce Sodebo Campanella Jambon Speck - 380g","p":3.78,"u":"9,95 €/KG","img":"https://fd9-photos.leclercdrive.fr/image.ashx?id=2921639&use=l&cat=p&typeid=i","cat":333679},{"id":36404,"n":"Pizza Dolce Sodebo Regina Jambon Champignons 400g","p":3.9,"u":"9,75 €/KG","img":"https://fd9-photos.leclercdrive.fr/image.ashx?id=3008251&use=l&cat=p&typeid=i","cat":333679},{"id":36412,"n":"Compote Douceur du Verger Coupelle pomme - 16x100g","p":3.09,"u":"1,93 €/KG","img":"https://fd9-photos.leclercdrive.fr/image.ashx?id=2663512&use=l&cat=p&typeid=i","cat":284508},{"id":36414,"n":"Compote Douceur du Verger Coupelle pomme - 8x100g","p":1.89,"u":"2,36 €/KG","img":"https://fd9-photos.leclercdrive.fr/image.ashx?id=2663506&use=l&cat=p&typeid=i","cat":284508},{"id":36416,"n":"Compote Douceur du Verger Coupelle pomme rhubarbe -4x100g","p":1.3,"u":"3,25 €/KG","img":"https://fd9-photos.leclercdrive.fr/image.ashx?id=2663521&use=l&cat=p&typeid=i","cat":284508},{"id":36417,"n":"Compote Douceur du Verger Gourdes multivariétés - 4x90g","p":1.69,"u":"4,69 €/KG","img":"https://fd9-photos.leclercdrive.fr/image.ashx?id=2805030&use=l&cat=p&typeid=i","cat":284508},{"id":36418,"n":"Compote Douceur du Verger Gourdes Pomme Poire - 4x90g","p":1.49,"u":"4,14 €/KG","img":"https://fd9-photos.leclercdrive.fr/image.ashx?id=2837054&use=l&cat=p&typeid=i","cat":284508},{"id":36419,"n":"Compote Douceur du Verger Coupelle pomme - 4x100g","p":0.99,"u":"2,48 €/KG","img":"https://fd9-photos.leclercdrive.fr/image.ashx?id=2663524&use=l&cat=p&typeid=i","cat":284508},{"id":36421,"n":"Fromage Petit Livarot NRT AOP  250g","p":4.99,"u":"19,96 €/KG","img":"https://fd9-photos.leclercdrive.fr/image.ashx?id=2070440&use=l&cat=p&typeid=i","cat":329558},{"id":36437,"n":"Friandises pour chien Lydog Assortiment sticks - x15 126g","p":1.33,"u":"10,56 €/KG","img":"https://fd9-photos.leclercdrive.fr/image.ashx?id=1947271&use=l&cat=p&typeid=i","cat":294527},{"id":36438,"n":"Sticks dentaires Lydog Petit chien - x7 110g","p":0.99,"u":"9,00 €/KG","img":"https://fd9-photos.leclercdrive.fr/image.ashx?id=1878604&use=l&cat=p&typeid=i","cat":294527},{"id":36440,"n":"Sticks dentaires Lydog Grand chien - x7 - 270g","p":2.09,"u":"7,74 €/KG","img":"https://fd9-photos.leclercdrive.fr/image.ashx?id=1947274&use=l&cat=p&typeid=i","cat":294527},{"id":36441,"n":"Aiguillettes poulet Tradilège Rôti - 2x75g","p":2.02,"u":"13,47 €/KG","img":"https://fd9-photos.leclercdrive.fr/image.ashx?id=2930781&use=l&cat=p&typeid=i","cat":316011},{"id":36445,"n":"Râpé de jambon Tradilège Fumé - 150g","p":1.79,"u":"11,93 €/KG","img":"https://fd9-photos.leclercdrive.fr/image.ashx?id=2970468&use=l&cat=p&typeid=i","cat":316011},{"id":36454,"n":"Pastilles NRT  Du Bassin de Vichy - 230g","p":0.98,"u":"4,26 €/KG","img":"https://fd9-photos.leclercdrive.fr/image.ashx?id=2771079&use=l&cat=p&typeid=i","cat":304252},{"id":36475,"n":"Thé glacé Fresh Tea Pêche - 6x25cl","p":2.88,"u":"1,92 €/L","img":"https://fd9-photos.leclercdrive.fr/image.ashx?id=2622263&use=l&cat=p&typeid=i","cat":295019},{"id":36504,"n":"Pizza La Pizz Sodebo Jambon emmental - 470g","p":2.92,"u":"6,21 €/KG","img":"https://fd9-photos.leclercdrive.fr/image.ashx?id=2886786&use=l&cat=p&typeid=i","cat":333679},{"id":36633,"n":"Glace Cône Nestlé Extrême Crème brulée x6 - 426g","p":3.62,"u":"8,50 €/KG","img":"https://fd9-photos.leclercdrive.fr/image.ashx?id=2831672&use=l&cat=p&typeid=i","cat":284264},{"id":36656,"n":"Soupe liquide Liebig  Velouté 10 légumes - Brique 1L","p":1.68,"u":"1,68 €/L","img":"https://fd9-photos.leclercdrive.fr/image.ashx?id=2892133&use=l&cat=p&typeid=i","cat":284462},{"id":36658,"n":"Soupe liquide Liebig  Mouliné 10 légumes - Brique 1L","p":1.74,"u":"1,74 €/L","img":"https://fd9-photos.leclercdrive.fr/image.ashx?id=2651396&use=l&cat=p&typeid=i","cat":284462},{"id":36704,"n":"Sucre en morceaux Daddy Demi-morceaux rond - 750g","p":1.73,"u":"2,31 €/KG","img":"https://fd9-photos.leclercdrive.fr/image.ashx?id=2907947&use=l&cat=p&typeid=i","cat":284502},{"id":36710,"n":"Sucre canne Béghin Say Pure - en morceaux - 750g","p":2.47,"u":"3,29 €/KG","img":"https://fd9-photos.leclercdrive.fr/image.ashx?id=2948830&use=l&cat=p&typeid=i","cat":284502},{"id":36711,"n":"Sucre cassonade Béghin Say En poudre - 750g","p":2.37,"u":"3,16 €/KG","img":"https://fd9-photos.leclercdrive.fr/image.ashx?id=2949928&use=l&cat=p&typeid=i","cat":284502},{"id":36720,"n":"Haricots blancs à la tomate 400 g","p":0.75,"u":"1,88 €/KG","img":"https://fd9-photos.leclercdrive.fr/image.ashx?id=2988078&use=l&cat=p&typeid=i","cat":312606},{"id":36721,"n":"Lait chat et chaton Whiskas 3x200ml","p":2.69,"u":"4,48 €/L","img":"https://fd9-photos.leclercdrive.fr/image.ashx?id=2759670&use=l&cat=p&typeid=i","cat":285285},{"id":36756,"n":"Haricots Blancs à la tomate 800g","p":1.08,"u":"1,35 €/KG","img":"https://fd9-photos.leclercdrive.fr/image.ashx?id=2988075&use=l&cat=p&typeid=i","cat":312606},{"id":36811,"n":"Chewing-gum Freedent Fraise 5x10 dragées 70g","p":2.4,"u":"34,29 €/KG","img":"https://fd9-photos.leclercdrive.fr/image.ashx?id=2325485&use=l&cat=p&typeid=i","cat":304251},{"id":36814,"n":"Chewing-gum Freedent Menthe verte boîte 84g","p":2.39,"u":"28,45 €/KG","img":"https://fd9-photos.leclercdrive.fr/image.ashx?id=2024402&use=l&cat=p&typeid=i","cat":304251},{"id":36821,"n":"Biscuits M&M's  x10 - 198g","p":2.14,"u":"10,81 €/KG","img":"https://fd9-photos.leclercdrive.fr/image.ashx?id=2148416&use=l&cat=p&typeid=i","cat":284488},{"id":36919,"n":"Rillettes de thon blanc NRT Au sel de Guérande - 125g","p":2.19,"u":"17,52 €/KG","img":"https://fd9-photos.leclercdrive.fr/image.ashx?id=2775451&use=l&cat=p&typeid=i","cat":303867},{"id":36920,"n":"Protège-slips Doulys Ultra-mince - Large - x30","p":0.82,"u":"0,03 €/P","img":"https://fd9-photos.leclercdrive.fr/image.ashx?id=2847967&use=l&cat=p&typeid=i","cat":284625},{"id":37030,"n":"Farine suprême Francine 1kg","p":1.71,"u":"1,71 €/KG","img":"https://fd9-photos.leclercdrive.fr/image.ashx?id=2902654&use=l&cat=p&typeid=i","cat":284503},{"id":37033,"n":"Douceur Crème balsamique  Rustica - 25cl","p":1.79,"u":"7,16 €/L","img":"https://fd9-photos.leclercdrive.fr/image.ashx?id=2781877&use=l&cat=p&typeid=i","cat":284456},{"id":37049,"n":"Sauce Samourai Amora 255g","p":1.61,"u":"7,16 €/KG","img":"https://fd9-photos.leclercdrive.fr/image.ashx?id=2893838&use=l&cat=p&typeid=i","cat":318431},{"id":37053,"n":"Sucre pure canne Beghin Say Petits morceaux - 1kg","p":3.19,"u":"3,19 €/KG","img":"https://fd9-photos.leclercdrive.fr/image.ashx?id=2949922&use=l&cat=p&typeid=i","cat":284502},{"id":37054,"n":"Sucre pure canne Beghin Say Morceaux - 1kg","p":2.51,"u":"2,51 €/KG","img":"https://fd9-photos.leclercdrive.fr/image.ashx?id=2978688&use=l&cat=p&typeid=i","cat":284502},{"id":37107,"n":"Gel lavant mains Manava Spécial cuisine - 300ml","p":0.99,"u":"3,30 €/L","img":"https://fd9-photos.leclercdrive.fr/image.ashx?id=2935495&use=l&cat=p&typeid=i","cat":284597},{"id":37120,"n":"Sauce Soja sucrée Kikkoman 250ml","p":4.57,"u":"18,28 €/L","img":"https://fd9-photos.leclercdrive.fr/image.ashx?id=2536296&use=l&cat=p&typeid=i","cat":288992},{"id":37149,"n":"Cookies Méga pépites P'tit Déli Chocolat noisettes 184g","p":1.51,"u":"8,21 €/KG","img":"https://fd9-photos.leclercdrive.fr/image.ashx?id=2116149&use=l&cat=p&typeid=i","cat":325066},{"id":37281,"n":"Bonbons Longfizz Lutti 200g","p":1.34,"u":"6,70 €/KG","img":"https://fd9-photos.leclercdrive.fr/image.ashx?id=2962173&use=l&cat=p&typeid=i","cat":304250},{"id":37286,"n":"Paëlla royale Marie 900g","p":4.69,"u":"5,21 €/KG","img":"https://fd9-photos.leclercdrive.fr/image.ashx?id=2996770&use=l&cat=p&typeid=i","cat":284254},{"id":37403,"n":"Sachet fraîcheur chien Pedigree  Mixte en sauce - 12x100g","p":5.2,"u":"4,33 €/KG","img":"https://fd9-photos.leclercdrive.fr/image.ashx?id=2870242&use=l&cat=p&typeid=i","cat":284673},{"id":37405,"n":"Foie de morue Connétable MSC Nature - 121g","p":2.24,"u":"18,51 €/KG","img":"https://fd9-photos.leclercdrive.fr/image.ashx?id=2918718&use=l&cat=p&typeid=i","cat":305147},{"id":37436,"n":"Brosse à dents enfant Dentamyl Clignotante - Multicoloris x1","p":1.99,"img":"https://fd9-photos.leclercdrive.fr/image.ashx?id=1953648&use=l&cat=p&typeid=i","cat":288897},{"id":37438,"n":"Papier cuisson Elembal Rouleau 15m","p":1.79,"img":"https://fd9-photos.leclercdrive.fr/image.ashx?id=2158218&use=l&cat=p&typeid=i","cat":334134},{"id":37452,"n":"Lardons de volaille Tradilège Nature 2x75g","p":1.75,"u":"11,67 €/KG","img":"https://fd9-photos.leclercdrive.fr/image.ashx?id=2882355&use=l&cat=p&typeid=i","cat":316011},{"id":37453,"n":"Lardons de volaille Tradilège Fumés 2x75g","p":1.75,"u":"11,67 €/KG","img":"https://fd9-photos.leclercdrive.fr/image.ashx?id=2882358&use=l&cat=p&typeid=i","cat":316011},{"id":37456,"n":"Saucisse fumée Tradilège VPF x3 375g","p":3.18,"u":"8,48 €/KG","img":"https://fd9-photos.leclercdrive.fr/image.ashx?id=2659085&use=l&cat=p&typeid=i","cat":316012},{"id":37457,"n":"Yaourt bio Les 2 Vaches brassé nature - 4x115g","p":1.39,"u":"3,02 €/KG","img":"https://fd9-photos.leclercdrive.fr/image.ashx?id=2571545&use=l&cat=p&typeid=i","cat":284409},{"id":37467,"n":"Infusion Tiséa Fruits rouges 25 sachets 40g","p":0.92,"u":"23,00 €/KG","img":"https://fd9-photos.leclercdrive.fr/image.ashx?id=2757930&use=l&cat=p&typeid=i","cat":293234},{"id":37468,"n":"Jambon cru Fine Fondante Aoste Sans conservateur - x6 - 100g","p":3.59,"u":"35,90 €/KG","img":"https://fd9-photos.leclercdrive.fr/image.ashx?id=2937172&use=l&cat=p&typeid=i","cat":316007},{"id":37540,"n":"Compote bébé Bio Village Bio Pomme vanille 4 mois 4x100g","p":1.99,"u":"4,98 €/KG","img":"https://fd9-photos.leclercdrive.fr/image.ashx?id=2704750&use=l&cat=p&typeid=i","cat":312387},{"id":37542,"n":"Compote bébé Bio Village bio Poire williams - 4 mois -4x100g","p":1.89,"u":"4,73 €/KG","img":"https://fd9-photos.leclercdrive.fr/image.ashx?id=2704747&use=l&cat=p&typeid=i","cat":312387},{"id":37580,"n":"Soupe Régal Soupe Légumes et vermicelles - 1L","p":1.84,"u":"1,84 €/L","img":"https://fd9-photos.leclercdrive.fr/image.ashx?id=2607539&use=l&cat=p&typeid=i","cat":284462},{"id":37593,"n":"Snacks chats Tous mes amis Poulet fromage - 60g","p":0.84,"u":"14,00 €/KG","img":"https://fd9-photos.leclercdrive.fr/image.ashx?id=1947280&use=l&cat=p&typeid=i","cat":285285},{"id":37594,"n":"Snacks chats Tous mes amis Boeuf - 60g","p":0.94,"u":"15,67 €/KG","img":"https://fd9-photos.leclercdrive.fr/image.ashx?id=2046107&use=l&cat=p&typeid=i","cat":285285},{"id":37595,"n":"Snacks chats Tous mes amis Saumon - 60g","p":0.89,"u":"14,83 €/KG","img":"https://fd9-photos.leclercdrive.fr/image.ashx?id=1938588&use=l&cat=p&typeid=i","cat":285285},{"id":37596,"n":"Snacks chats Tous mes amis Contre les boules de poils- 60g","p":0.99,"u":"16,50 €/KG","img":"https://fd9-photos.leclercdrive.fr/image.ashx?id=1947277&use=l&cat=p&typeid=i","cat":285285},{"id":37615,"n":"Rasoirs jetables Eco+ x10","p":0.71,"u":"0,07 €/P","img":"https://fd9-photos.leclercdrive.fr/image.ashx?id=2913642&use=l&cat=p&typeid=i","cat":284616},{"id":37712,"n":"Haricots Verts Cassegrain Extra Fins Cueillis main 390g","p":3.07,"u":"7,87 €/KG","img":"https://fd9-photos.leclercdrive.fr/image.ashx?id=2913025&use=l&cat=p&typeid=i","cat":312606},{"id":37778,"n":"Lait corps Inell Réparateur - 250ml","p":2.33,"u":"9,32 €/L","img":"https://fd9-photos.leclercdrive.fr/image.ashx?id=2691664&use=l&cat=p&typeid=i","cat":325349},{"id":37842,"n":"Thé glacé zéro Fresh Tea  Pêche - 1,5L","p":1.28,"u":"0,85 €/L","img":"https://fd9-photos.leclercdrive.fr/image.ashx?id=2622266&use=l&cat=p&typeid=i","cat":295019},{"id":37843,"n":"100% Pur jus d'orange Jafaden Sans pulpe - 2L","p":3.54,"u":"1,77 €/L","img":"https://fd9-photos.leclercdrive.fr/image.ashx?id=2796052&use=l&cat=p&typeid=i","cat":284521},{"id":37862,"n":"Couches Bébé Eco+ T5 - x52 changes","p":6.94,"u":"0,13 €/P","img":"https://fd9-photos.leclercdrive.fr/image.ashx?id=2842450&use=l&cat=p&typeid=i","cat":284737},{"id":37867,"n":"Rillettes Tradilège poulet 110g","p":1.39,"u":"12,64 €/KG","img":"https://fd9-photos.leclercdrive.fr/image.ashx?id=2683586&use=l&cat=p&typeid=i","cat":316008},{"id":38022,"n":"Barquette allégée Elle&Vire Doux - 20% MG - 250g","p":1.83,"u":"7,32 €/KG","img":"https://fd9-photos.leclercdrive.fr/image.ashx?id=2763460&use=l&cat=p&typeid=i","cat":284379},{"id":38100,"n":"Chocolat en poudre Nesquik Boîte 490g","p":3.69,"u":"7,53 €/KG","img":"https://fd9-photos.leclercdrive.fr/image.ashx?id=3005305&use=l&cat=p&typeid=i","cat":293235},{"id":38230,"n":"Mouchoirs blancs 4 plis Caresse Pock kid mouchoirs papier x10","p":1.12,"u":"0,11 €/P","img":"https://fd9-photos.leclercdrive.fr/image.ashx?id=2856687&use=l&cat=p&typeid=i","cat":284638},{"id":38232,"n":"Mouchoirs blancs 3 plis Caresse Boîte décor aléatoire Kids -x60","p":1.75,"u":"0,03 €/P","img":"https://fd9-photos.leclercdrive.fr/image.ashx?id=2814432&use=l&cat=p&typeid=i","cat":284638},{"id":38234,"n":"Dessert - P'tit Brassé Nestlé Banane - dès 6 mois - 4x100g","p":1.91,"u":"4,78 €/KG","img":"https://fd9-photos.leclercdrive.fr/image.ashx?id=2615131&use=l&cat=p&typeid=i","cat":312392},{"id":38235,"n":"Dessert - P'tit Brassé Nestlé Framboise - dès 6 mois - 4x100g","p":1.69,"u":"4,23 €/KG","img":"https://fd9-photos.leclercdrive.fr/image.ashx?id=2604876&use=l&cat=p&typeid=i","cat":312392},{"id":38236,"n":"Dessert - P'tit Brassé Nestlé Abricot - dès 6 mois - 4x100g","p":1.69,"u":"4,23 €/KG","img":"https://fd9-photos.leclercdrive.fr/image.ashx?id=2600569&use=l&cat=p&typeid=i","cat":312392},{"id":38237,"n":"Dessert - P'tit Brassé Nestlé Poire - dès 6 mois - 4x100g","p":1.81,"u":"4,53 €/KG","img":"https://fd9-photos.leclercdrive.fr/image.ashx?id=2615756&use=l&cat=p&typeid=i","cat":312392},{"id":38238,"n":"Dessert - P'tit Brassé Nestlé Fraise - dès 6 mois - 4x100g","p":1.69,"u":"4,23 €/KG","img":"https://fd9-photos.leclercdrive.fr/image.ashx?id=2510187&use=l&cat=p&typeid=i","cat":312392},{"id":38239,"n":"Dessert - P'tit Brassé Nestlé Myrtille - dès 6 mois - 4x100g","p":1.85,"u":"4,63 €/KG","img":"https://fd9-photos.leclercdrive.fr/image.ashx?id=2583235&use=l&cat=p&typeid=i","cat":312392},{"id":38298,"n":"Matière grasse St Hubert Omega 3 - 52%mg - doux - 510g","p":3.39,"u":"6,65 €/KG","img":"https://fd9-photos.leclercdrive.fr/image.ashx?id=2734108&use=l&cat=p&typeid=i","cat":315229},{"id":38304,"n":"Taboulé Pierre Martinet Au poulet - 300g","p":1.74,"u":"5,80 €/KG","img":"https://fd9-photos.leclercdrive.fr/image.ashx?id=2990529&use=l&cat=p&typeid=i","cat":333657},{"id":38322,"n":"Compote Douceur du Verger Gourdes multivariétés - 20x90g","p":5.95,"u":"3,31 €/KG","img":"https://fd9-photos.leclercdrive.fr/image.ashx?id=2837060&use=l&cat=p&typeid=i","cat":284508},{"id":38379,"n":"Shampooing Manava Aux oeufs 500ml","p":1.0,"u":"2,00 €/L","img":"https://fd9-photos.leclercdrive.fr/image.ashx?id=2852243&use=l&cat=p&typeid=i","cat":284606},{"id":38380,"n":"Rasoir Gillette Proglide Flexball manuel x1","p":10.62,"img":"https://fd9-photos.leclercdrive.fr/image.ashx?id=2682394&use=l&cat=p&typeid=i","cat":284616},{"id":38510,"n":"Shampooing 2en1 Manava Lait amande douce - 500ml","p":1.0,"u":"2,00 €/L","img":"https://fd9-photos.leclercdrive.fr/image.ashx?id=1903860&use=l&cat=p&typeid=i","cat":284606},{"id":38524,"n":"Tendres perles Blé Tipiak Prêt en 5 min - 350g","p":1.62,"u":"4,63 €/KG","img":"https://fd9-photos.leclercdrive.fr/image.ashx?id=2640614&use=l&cat=p&typeid=i","cat":284429},{"id":38562,"n":"Cône Nestlé Extrême  Vanille de Madagascar x6 - 426g","p":3.49,"u":"8,19 €/KG","img":"https://fd9-photos.leclercdrive.fr/image.ashx?id=3000432&use=l&cat=p&typeid=i","cat":284264},{"id":38563,"n":"Cône Extrême Nestlé Chocolat intense 6x71g","p":3.5,"u":"8,22 €/KG","img":"https://fd9-photos.leclercdrive.fr/image.ashx?id=2353089&use=l&cat=p&typeid=i","cat":284264},{"id":38705,"n":"Chocolat Pâtissier Nestlé Dessert - 2x205g","p":5.86,"u":"14,29 €/KG","img":"https://fd9-photos.leclercdrive.fr/image.ashx?id=2959491&use=l&cat=p&typeid=i","cat":285562},{"id":38709,"n":"Fromage apéritif Apéricube Bella Italia 48 cubes","p":4.47,"u":"0,09 €/P","img":"https://fd9-photos.leclercdrive.fr/image.ashx?id=2882668&use=l&cat=p&typeid=i","cat":314027},{"id":38735,"n":"Lait de douche Manava Lait et miel - 250ml","p":0.94,"u":"3,76 €/L","img":"https://fd9-photos.leclercdrive.fr/image.ashx?id=2618338&use=l&cat=p&typeid=i","cat":284594},{"id":38764,"n":"Cidre artisanal Les Goelleries Brut 5,5% - 75cl","p":2.49,"u":"3,32 €/L","img":"https://fd9-photos.leclercdrive.fr/image.ashx?id=2842301&use=l&cat=p&typeid=i","cat":334880},{"id":38765,"n":"Soda Jean's Cola Cherry Bouteille - 1,5L","p":1.49,"u":"0,99 €/L","img":"https://fd9-photos.leclercdrive.fr/image.ashx?id=2637916&use=l&cat=p&typeid=i","cat":284530},{"id":38773,"n":"Pur jus d'orange Jafaden Avec pulpe - 1,5L","p":3.0,"u":"2,00 €/L","img":"https://fd9-photos.leclercdrive.fr/image.ashx?id=2796058&use=l&cat=p&typeid=i","cat":284521},{"id":38780,"n":"Shampooing Manava Anti-pelliculaire 500ml","p":1.0,"u":"2,00 €/L","img":"https://fd9-photos.leclercdrive.fr/image.ashx?id=1903863&use=l&cat=p&typeid=i","cat":284606},{"id":38781,"n":"Mouchoirs blancs 4 plis Caresse Boîte mouchoirs papier - x80","p":1.1,"u":"0,01 €/P","img":"https://fd9-photos.leclercdrive.fr/image.ashx?id=2801049&use=l&cat=p&typeid=i","cat":284638},{"id":38802,"n":"Déodorant spray Manava Pierre d'alun/Aloe Vera - 100ml","p":1.44,"u":"14,40 €/L","img":"https://fd9-photos.leclercdrive.fr/image.ashx?id=3013609&use=l&cat=p&typeid=i","cat":284595},{"id":38812,"n":"Pains au lait Pasquier x10 - 350g","p":1.4,"u":"4,00 €/KG","img":"https://fd9-photos.leclercdrive.fr/image.ashx?id=2576940&use=l&cat=p&typeid=i","cat":293505},{"id":38857,"n":"Fromage Boursin cuisine Ail & fines herbes - 240g","p":2.47,"u":"10,29 €/KG","img":"https://fd9-photos.leclercdrive.fr/image.ashx?id=2615418&use=l&cat=p&typeid=i","cat":314029},{"id":38868,"n":"Chips ondulées Pom'Lisse Poulet rôti - 135g","p":1.03,"u":"7,63 €/KG","img":"https://fd9-photos.leclercdrive.fr/image.ashx?id=2919625&use=l&cat=p&typeid=i","cat":284447},{"id":38938,"n":"Le Bleu Président  145g","p":2.22,"u":"15,31 €/KG","img":"https://fd9-photos.leclercdrive.fr/image.ashx?id=1555906&use=l&cat=p&typeid=i","cat":314032},{"id":38985,"n":"Beurre Grand Fermage  Demi-sel - 80% MG - 250g","p":2.63,"u":"10,52 €/KG","img":"https://fd9-photos.leclercdrive.fr/image.ashx?id=2915569&use=l&cat=p&typeid=i","cat":284379},{"id":39003,"n":"Actifidus Délisse Fruits panachés - 16x125g","p":5.15,"u":"2,58 €/KG","img":"https://fd9-photos.leclercdrive.fr/image.ashx?id=2440724&use=l&cat=p&typeid=i","cat":315000},{"id":39051,"n":"AOC Buzet rosé L'Excellence - 75cl","p":5.8,"u":"7,73 €/L","img":"https://fd9-photos.leclercdrive.fr/image.ashx?id=2833420&use=l&cat=p&typeid=i","cat":289558},{"id":39061,"n":"Film étirable Alfapac Rouleau 35m x 29cm","p":1.55,"img":"https://fd9-photos.leclercdrive.fr/image.ashx?id=2918268&use=l&cat=p&typeid=i","cat":334134},{"id":39067,"n":"Tablettes lave vaisselle Sun Classic x60 - 570g","p":7.16,"u":"12,56 €/KG","img":"https://fd9-photos.leclercdrive.fr/image.ashx?id=2775745&use=l&cat=p&typeid=i","cat":284656},{"id":39107,"n":"Gel lavant Manava Savon de Marseille - 300ml","p":1.06,"u":"3,53 €/L","img":"https://fd9-photos.leclercdrive.fr/image.ashx?id=2935498&use=l&cat=p&typeid=i","cat":284597},{"id":39120,"n":"Eau minérale naturelle Vittel Bouchon sport - 6x75cl","p":2.78,"u":"0,62 €/L","img":"https://fd9-photos.leclercdrive.fr/image.ashx?id=2774478&use=l&cat=p&typeid=i","cat":284535},{"id":39122,"n":"Fromage de chèvre Soignon Bûche Sainte Maure - 300g","p":3.24,"u":"10,80 €/KG","img":"https://fd9-photos.leclercdrive.fr/image.ashx?id=2963331&use=l&cat=p&typeid=i","cat":314031},{"id":39145,"n":"Mouchoirs blancs 4 plis Caresse Etuis x15 - Mentholés","p":1.98,"u":"0,13 €/P","img":"https://fd9-photos.leclercdrive.fr/image.ashx?id=2572996&use=l&cat=p&typeid=i","cat":284638},{"id":39155,"n":"Chips La classique Vico Nature - 6x27,5g","p":1.75,"u":"10,61 €/KG","img":"https://fd9-photos.leclercdrive.fr/image.ashx?id=2917813&use=l&cat=p&typeid=i","cat":284447},{"id":39172,"n":"AOP Cabernet d'Anjou vin rosé Les Caractères - 75cl","p":3.99,"u":"5,32 €/L","img":"https://fd9-photos.leclercdrive.fr/image.ashx?id=2908846&use=l&cat=p&typeid=i","cat":289558},{"id":39204,"n":"Tartinable Ronde des Mers Saumon fumé - 120g","p":2.49,"u":"20,75 €/KG","img":"https://fd9-photos.leclercdrive.fr/image.ashx?id=2631435&use=l&cat=p&typeid=i","cat":285191},{"id":39205,"n":"Tartinable Ronde des Mers Thon - 120g","p":1.84,"u":"15,33 €/KG","img":"https://fd9-photos.leclercdrive.fr/image.ashx?id=2631441&use=l&cat=p&typeid=i","cat":285191},{"id":39206,"n":"Tartinable Ronde des Mers Surimi-crabe - 120g","p":1.69,"u":"14,08 €/KG","img":"https://fd9-photos.leclercdrive.fr/image.ashx?id=2631438&use=l&cat=p&typeid=i","cat":285191},{"id":39270,"n":"AOP Touraine Sauvignon vin Blanc - Les Caractères - 75cl","p":4.99,"u":"6,65 €/L","img":"https://fd9-photos.leclercdrive.fr/image.ashx?id=2699693&use=l&cat=p&typeid=i","cat":289557},{"id":39331,"n":"Shampooing Manava Beurre de karité 500ml","p":1.35,"u":"2,70 €/L","img":"https://fd9-photos.leclercdrive.fr/image.ashx?id=1884643&use=l&cat=p&typeid=i","cat":284606},{"id":39332,"n":"Shampooing Manava Cheveux normaux à gras 500ml","p":1.28,"u":"2,56 €/L","img":"https://fd9-photos.leclercdrive.fr/image.ashx?id=1885059&use=l&cat=p&typeid=i","cat":284606},{"id":39338,"n":"Moutarde Savora Amora 385g","p":2.28,"u":"5,92 €/KG","img":"https://fd9-photos.leclercdrive.fr/image.ashx?id=2775685&use=l&cat=p&typeid=i","cat":288850},{"id":39339,"n":"Moutarde Amora Fine & douce - 190g","p":1.63,"u":"8,58 €/KG","img":"https://fd9-photos.leclercdrive.fr/image.ashx?id=2738791&use=l&cat=p&typeid=i","cat":288850},{"id":39376,"n":"Pur jus d'orange Tropicana Sans pulpe - 1,5L","p":3.31,"u":"2,21 €/L","img":"https://fd9-photos.leclercdrive.fr/image.ashx?id=2509637&use=l&cat=p&typeid=i","cat":284521},{"id":39388,"n":"Haricots verts Bio Village Bio - 360g","p":1.89,"u":"5,25 €/KG","img":"https://fd9-photos.leclercdrive.fr/image.ashx?id=3002659&use=l&cat=p&typeid=i","cat":312606},{"id":39403,"n":"Joker Pur Jus Engagé Orange  sans pulpe - 1L","p":2.63,"u":"2,63 €/L","img":"https://fd9-photos.leclercdrive.fr/image.ashx?id=2984982&use=l&cat=p&typeid=i","cat":284521},{"id":39414,"n":"yaourt aux fruits danone recette crémeuse - 16x125g","p":4.87,"u":"2,44 €/KG","img":"https://fd9-photos.leclercdrive.fr/image.ashx?id=2611967&use=l&cat=p&typeid=i","cat":284410},{"id":39417,"n":"Boisson Sunny Delight Florida - 1,25L","p":2.21,"u":"1,77 €/L","img":"https://fd9-photos.leclercdrive.fr/image.ashx?id=2309960&use=l&cat=p&typeid=i","cat":285435},{"id":39418,"n":"Boisson Sunny Delight Doux California - 1,25L","p":2.19,"u":"1,75 €/L","img":"https://fd9-photos.leclercdrive.fr/image.ashx?id=2309963&use=l&cat=p&typeid=i","cat":285435},{"id":39421,"n":"Jus innocent pomme 900ml","p":2.73,"u":"3,03 €/L","img":"https://fd9-photos.leclercdrive.fr/image.ashx?id=2891703&use=l&cat=p&typeid=i","cat":284354},{"id":39444,"n":"Jus innocent orange avec pulpe 900ml","p":2.76,"u":"3,07 €/L","img":"https://fd9-photos.leclercdrive.fr/image.ashx?id=2891700&use=l&cat=p&typeid=i","cat":285435},{"id":39472,"n":"Mousse aux oeufs Bonne Maman Chocolat au lait - 4x50g","p":2.38,"u":"11,90 €/KG","img":"https://fd9-photos.leclercdrive.fr/image.ashx?id=2571512&use=l&cat=p&typeid=i","cat":284417},{"id":39480,"n":"Chips ondulées Pom'Lisse Nature - 6x30g","p":1.55,"u":"8,61 €/KG","img":"https://fd9-photos.leclercdrive.fr/image.ashx?id=2728246&use=l&cat=p&typeid=i","cat":284447},{"id":39482,"n":"Brownie P'tit Déli Chocolat noisette - 240g","p":1.83,"u":"7,63 €/KG","img":"https://fd9-photos.leclercdrive.fr/image.ashx?id=2891779&use=l&cat=p&typeid=i","cat":294776},{"id":39485,"n":"Barre chocolatée Balisto Miel amande - x10 barres - 185g","p":2.96,"u":"16,00 €/KG","img":"https://fd9-photos.leclercdrive.fr/image.ashx?id=1930977&use=l&cat=p&typeid=i","cat":284498},{"id":39491,"n":"Coq Maître Coq Poulet Fromage - 1kg","p":7.68,"u":"7,68 €/KG","img":"https://fd9-photos.leclercdrive.fr/image.ashx?id=2877820&use=l&cat=p&typeid=i","cat":333683},{"id":39497,"n":"Barre chocolatée P'tit Déli Bille de riz - 162g","p":1.5,"u":"9,26 €/KG","img":"https://fd9-photos.leclercdrive.fr/image.ashx?id=2529599&use=l&cat=p&typeid=i","cat":284488},{"id":39498,"n":"Biscottes Epi d'Or Gout brioché x36 - 300g","p":1.51,"u":"5,03 €/KG","img":"https://fd9-photos.leclercdrive.fr/image.ashx?id=2684028&use=l&cat=p&typeid=i","cat":284479},{"id":39502,"n":"Biscuits Cookies P'tit Déli Coeur fondant noisette - 200g","p":1.44,"u":"7,20 €/KG","img":"https://fd9-photos.leclercdrive.fr/image.ashx?id=2577296&use=l&cat=p&typeid=i","cat":325066},{"id":39503,"n":"Chocolat Pâtissier Tablette dOr Praliné - 200g","p":2.15,"u":"10,75 €/KG","img":"https://fd9-photos.leclercdrive.fr/image.ashx?id=2565619&use=l&cat=p&typeid=i","cat":285562},{"id":39514,"n":"Soupe Velouté Regal Soupe Cèpes et bolets - 1L","p":2.25,"u":"2,25 €/L","img":"https://fd9-photos.leclercdrive.fr/image.ashx?id=2607545&use=l&cat=p&typeid=i","cat":284462},{"id":39515,"n":"Friandises pour chien Lydog Sticks au poulet - x5 - 42g","p":0.92,"u":"21,90 €/KG","img":"https://fd9-photos.leclercdrive.fr/image.ashx?id=1947268&use=l&cat=p&typeid=i","cat":294527},{"id":39517,"n":"Thé vert Twinings Citron x25 sachets -50g","p":2.28,"u":"45,60 €/KG","img":"https://fd9-photos.leclercdrive.fr/image.ashx?id=2893012&use=l&cat=p&typeid=i","cat":293233},{"id":39521,"n":"Cacahuètes enrobées Tokapi Salées - 150g","p":0.85,"u":"5,67 €/KG","img":"https://fd9-photos.leclercdrive.fr/image.ashx?id=1957812&use=l&cat=p&typeid=i","cat":284448},{"id":39522,"n":"Cacahuètes enrobées Tokapi Bacon - 150g","p":0.85,"u":"5,67 €/KG","img":"https://fd9-photos.leclercdrive.fr/image.ashx?id=1951858&use=l&cat=p&typeid=i","cat":284448},{"id":39523,"n":"Cacahuètes enrobées Tokapi Paprika - 150g","p":0.97,"u":"6,47 €/KG","img":"https://fd9-photos.leclercdrive.fr/image.ashx?id=2790531&use=l&cat=p&typeid=i","cat":284448},{"id":39529,"n":"Jus de citron Rustica Sicile - 50cl","p":1.67,"u":"3,34 €/L","img":"https://fd9-photos.leclercdrive.fr/image.ashx?id=2974804&use=l&cat=p&typeid=i","cat":288383},{"id":39545,"n":"Soupe Poule au pot Régal Soupe  Déshydratée - 72g","p":0.84,"u":"11,67 €/KG","img":"https://fd9-photos.leclercdrive.fr/image.ashx?id=2656381&use=l&cat=p&typeid=i","cat":284463},{"id":39547,"n":"Duo Haricots verts et beurre Notre Jardin - 225g","p":1.03,"u":"4,58 €/KG","img":"https://fd9-photos.leclercdrive.fr/image.ashx?id=2988060&use=l&cat=p&typeid=i","cat":312606},{"id":39548,"n":"Haricots verts Notre Jardin Extra fins - 3x110g","p":1.83,"u":"5,55 €/KG","img":"https://fd9-photos.leclercdrive.fr/image.ashx?id=2472514&use=l&cat=p&typeid=i","cat":312606},{"id":39551,"n":"Tablettes pour chien Lydog Boeuf, poulet, agneau - 104g","p":1.22,"u":"11,73 €/KG","img":"https://fd9-photos.leclercdrive.fr/image.ashx?id=1947265&use=l&cat=p&typeid=i","cat":294527},{"id":39556,"n":"Gaufres liégeoises P'tit Déli Sucrées - 550g","p":2.69,"u":"4,89 €/KG","img":"https://fd9-photos.leclercdrive.fr/image.ashx?id=2430219&use=l&cat=p&typeid=i","cat":294777},{"id":39558,"n":"Croquettes chat Tous mes amis Stérilisés - 2kg","p":3.24,"u":"1,62 €/KG","img":"https://fd9-photos.leclercdrive.fr/image.ashx?id=2301490&use=l&cat=p&typeid=i","cat":284680},{"id":39559,"n":"Céréales Jordans Spécial Muesli Fruits et Noix - 750g","p":3.55,"u":"4,73 €/KG","img":"https://fd9-photos.leclercdrive.fr/image.ashx?id=2966770&use=l&cat=p&typeid=i","cat":309512},{"id":39560,"n":"Duo Haricots verts et beurre Notre Jardin - 455g","p":1.99,"u":"4,37 €/KG","img":"https://fd9-photos.leclercdrive.fr/image.ashx?id=2291408&use=l&cat=p&typeid=i","cat":312606},{"id":39569,"n":"Céréales Jordans Country Crisp Chocolat Noir 70% - 550g","p":3.61,"u":"6,56 €/KG","img":"https://fd9-photos.leclercdrive.fr/image.ashx?id=3000836&use=l&cat=p&typeid=i","cat":309512},{"id":39570,"n":"Céréales Jordans Country Crisp 4 Noix - 550g","p":3.08,"u":"5,60 €/KG","img":"https://fd9-photos.leclercdrive.fr/image.ashx?id=2973487&use=l&cat=p&typeid=i","cat":309512},{"id":39616,"n":"Sirop Moulin de Valdonne Fraise - 70cl","p":3.31,"u":"4,73 €/L","img":"https://fd9-photos.leclercdrive.fr/image.ashx?id=2170559&use=l&cat=p&typeid=i","cat":295020},{"id":39617,"n":"Sirop Moulin de Valdonne Menthe - 70cl","p":3.01,"u":"4,30 €/L","img":"https://fd9-photos.leclercdrive.fr/image.ashx?id=2170550&use=l&cat=p&typeid=i","cat":295020},{"id":39621,"n":"Boisson énergisante Red Bull 4x355ml","p":6.21,"u":"4,37 €/L","img":"https://fd9-photos.leclercdrive.fr/image.ashx?id=3011983&use=l&cat=p&typeid=i","cat":284533},{"id":39686,"n":"Protection incontinence Chorys Homme - Normal - x20","p":5.32,"u":"0,27 €/P","img":"https://fd9-photos.leclercdrive.fr/image.ashx?id=2158215&use=l&cat=p&typeid=i","cat":291514},{"id":39708,"n":"Recharge de gaz Butagaz Butane - Cube - 6kg","p":24.75,"u":"4,13 €/KG","img":"https://fd9-photos.leclercdrive.fr/image.ashx?id=1759303&use=l&cat=p&typeid=i","cat":335916},{"id":39709,"n":"Recharge de gaz Butagaz Viseo Butane 10kg","p":33.4,"u":"3,34 €/KG","img":"https://fd9-photos.leclercdrive.fr/image.ashx?id=1752364&use=l&cat=p&typeid=i","cat":335916},{"id":39710,"n":"Recharge de gaz Butagaz Butane - 13kg","p":40.85,"u":"3,14 €/KG","img":"https://fd9-photos.leclercdrive.fr/image.ashx?id=1752358&use=l&cat=p&typeid=i","cat":335916},{"id":39711,"n":"Recharge de gaz Butagaz Propane - Cube - 5kg","p":24.75,"u":"4,95 €/KG","img":"https://fd9-photos.leclercdrive.fr/image.ashx?id=1759306&use=l&cat=p&typeid=i","cat":335916},{"id":39712,"n":"Recharge de gaz Butagaz Propane - 13kg","p":40.85,"u":"3,14 €/KG","img":"https://fd9-photos.leclercdrive.fr/image.ashx?id=1752361&use=l&cat=p&typeid=i","cat":335916},{"id":39770,"n":"Edulcorant Canderel Pot, poudre 80g","p":2.29,"u":"28,63 €/KG","img":"https://fd9-photos.leclercdrive.fr/image.ashx?id=2811020&use=l&cat=p&typeid=i","cat":324846},{"id":39777,"n":"AOP Crémant d'Alsace Blanc Brut Arthur Metz - 75cl","p":6.9,"u":"9,20 €/L","img":"https://fd9-photos.leclercdrive.fr/image.ashx?id=2422926&use=l&cat=p&typeid=i","cat":284544},{"id":39783,"n":"Liqueur Malibu Coco 18% vol - 1L","p":15.45,"u":"15,45 €/L","img":"https://fd9-photos.leclercdrive.fr/image.ashx?id=2396881&use=l&cat=p&typeid=i","cat":284551},{"id":39856,"n":"Sirop Frucci  Citron vert - 75cl","p":3.29,"u":"4,39 €/L","img":"https://fd9-photos.leclercdrive.fr/image.ashx?id=2842307&use=l&cat=p&typeid=i","cat":295020},{"id":39858,"n":"Sirop Frucci Fruits exotiques - 75cl","p":2.65,"u":"3,53 €/L","img":"https://fd9-photos.leclercdrive.fr/image.ashx?id=2842313&use=l&cat=p&typeid=i","cat":295020},{"id":39894,"n":"Bière blanche Hilbörg 4,5%vol. -  6x25cl","p":3.45,"u":"2,30 €/L","img":"https://fd9-photos.leclercdrive.fr/image.ashx?id=2913706&use=l&cat=p&typeid=i","cat":334878},{"id":39903,"n":"Pâté de campagne à l'Andouille NRT -180g","p":1.98,"u":"11,00 €/KG","img":"https://fd9-photos.leclercdrive.fr/image.ashx?id=2560512&use=l&cat=p&typeid=i","cat":305149},{"id":39934,"n":"Yaourts à la Grecque Délisse Nature - 8x125g","p":2.15,"u":"2,15 €/KG","img":"https://fd9-photos.leclercdrive.fr/image.ashx?id=2699480&use=l&cat=p&typeid=i","cat":314999},{"id":39941,"n":"Laque Fixation Forte 24h Dop Vivelle - 250ml","p":3.7,"u":"14,80 €/L","img":"https://fd9-photos.leclercdrive.fr/image.ashx?id=2457239&use=l&cat=p&typeid=i","cat":284609},{"id":39943,"n":"Laque fixation Extra-Forte Dop Vivelle - 250ml","p":3.77,"u":"15,08 €/L","img":"https://fd9-photos.leclercdrive.fr/image.ashx?id=2457236&use=l&cat=p&typeid=i","cat":284609},{"id":39944,"n":"Laque Cheveux L'Oréal Paris Elnett Fixation Forte - 300ml","p":6.65,"u":"22,17 €/L","img":"https://fd9-photos.leclercdrive.fr/image.ashx?id=2285354&use=l&cat=p&typeid=i","cat":284609},{"id":39950,"n":"Yaourts Lait de brebis Délisse Nature - 4x125g","p":2.19,"u":"4,38 €/KG","img":"https://fd9-photos.leclercdrive.fr/image.ashx?id=1872007&use=l&cat=p&typeid=i","cat":314998},{"id":39951,"n":"Crème dessert Délisse Pistache - 4x125g","p":0.89,"u":"1,78 €/KG","img":"https://fd9-photos.leclercdrive.fr/image.ashx?id=2441333&use=l&cat=p&typeid=i","cat":285041},{"id":39953,"n":"crème dessert chocolat danette pop billes 3 chocolats - 4x117g","p":2.49,"u":"5,32 €/KG","img":"https://fd9-photos.leclercdrive.fr/image.ashx?id=2926230&use=l&cat=p&typeid=i","cat":285041},{"id":39954,"n":"Crème dessert vanille Danette  Billes 3 chocolats - 4x117g","p":2.52,"u":"5,38 €/KG","img":"https://fd9-photos.leclercdrive.fr/image.ashx?id=2926227&use=l&cat=p&typeid=i","cat":285041},{"id":39961,"n":"Emiettés de sardines Gastromer Citron - 150g","p":2.41,"u":"16,07 €/KG","img":"https://fd9-photos.leclercdrive.fr/image.ashx?id=1605758&use=l&cat=p&typeid=i","cat":285191},{"id":39970,"n":"Poivre noir moulu Ducros N°8 - 38g","p":2.15,"u":"56,58 €/KG","img":"https://fd9-photos.leclercdrive.fr/image.ashx?id=2311051&use=l&cat=p&typeid=i","cat":284457},{"id":39972,"n":"Basilic Ducros 11g","p":1.21,"u":"110,00 €/KG","img":"https://fd9-photos.leclercdrive.fr/image.ashx?id=2559469&use=l&cat=p&typeid=i","cat":298297},{"id":39973,"n":"Plat bébé Blédina 12 mois  Boulghour tomate saumon -2x200g","p":2.8,"u":"7,00 €/KG","img":"https://fd9-photos.leclercdrive.fr/image.ashx?id=2975083&use=l&cat=p&typeid=i","cat":312237},{"id":39974,"n":"Plat bébé Blédina 6 mois  Purée butternut poulet - 2x200g","p":3.08,"u":"7,70 €/KG","img":"https://fd9-photos.leclercdrive.fr/image.ashx?id=2975080&use=l&cat=p&typeid=i","cat":312236},{"id":39988,"n":"Crème de douche Manava Douceur de crème - 250ml","p":1.05,"u":"4,20 €/L","img":"https://fd9-photos.leclercdrive.fr/image.ashx?id=2699282&use=l&cat=p&typeid=i","cat":284594},{"id":39989,"n":"Savon douceur Manava 1/4 de crème 100g","p":0.93,"u":"9,30 €/KG","img":"https://fd9-photos.leclercdrive.fr/image.ashx?id=2331318&use=l&cat=p&typeid=i","cat":284597},{"id":39992,"n":"Gel douche Manava Monoï de Polynésie 250ml","p":1.15,"u":"4,60 €/L","img":"https://fd9-photos.leclercdrive.fr/image.ashx?id=2626805&use=l&cat=p&typeid=i","cat":284594},{"id":39994,"n":"Lait douche Manava Fleur d'oranger 250ml","p":1.29,"u":"5,16 €/L","img":"https://fd9-photos.leclercdrive.fr/image.ashx?id=2618335&use=l&cat=p&typeid=i","cat":284594},{"id":39995,"n":"Recharge gel lavant Manava Savon de Marseil. Olive - 250ml","p":0.66,"u":"2,64 €/L","img":"https://fd9-photos.leclercdrive.fr/image.ashx?id=2935501&use=l&cat=p&typeid=i","cat":284597},{"id":40003,"n":"Saucisson Justin Bridou La Juste Sèche - 275g","p":3.76,"u":"13,67 €/KG","img":"https://fd9-photos.leclercdrive.fr/image.ashx?id=2756927&use=l&cat=p&typeid=i","cat":316006},{"id":40010,"n":"Emiettés de thon chorizo  Gastromer - 150g","p":2.4,"u":"16,00 €/KG","img":"https://fd9-photos.leclercdrive.fr/image.ashx?id=2049910&use=l&cat=p&typeid=i","cat":285191},{"id":40033,"n":"Yaourt nature sucré Yoplait - 16x125g","p":3.28,"u":"1,64 €/KG","img":"https://fd9-photos.leclercdrive.fr/image.ashx?id=2796821&use=l&cat=p&typeid=i","cat":284409},{"id":40034,"n":"Menthe Pastille Giffard 24%vol - 70cl","p":12.02,"u":"17,17 €/L","img":"https://fd9-photos.leclercdrive.fr/image.ashx?id=2529903&use=l&cat=p&typeid=i","cat":286032},{"id":40081,"n":"Rillettes de canard Tradilège 220g","p":2.75,"u":"12,50 €/KG","img":"https://fd9-photos.leclercdrive.fr/image.ashx?id=2560575&use=l&cat=p&typeid=i","cat":316008},{"id":40089,"n":"Gel douche Manava Cranberry myrtille - 250ml","p":1.15,"u":"4,60 €/L","img":"https://fd9-photos.leclercdrive.fr/image.ashx?id=2626802&use=l&cat=p&typeid=i","cat":284594},{"id":40090,"n":"Lait corps Inell Nourrissant - 250ml","p":2.33,"u":"9,32 €/L","img":"https://fd9-photos.leclercdrive.fr/image.ashx?id=2691661&use=l&cat=p&typeid=i","cat":325349},{"id":40101,"n":"Saucisson Saint-Azay  Fuet Catalan - 170 g","p":2.09,"u":"12,29 €/KG","img":"https://fd9-photos.leclercdrive.fr/image.ashx?id=2856302&use=l&cat=p&typeid=i","cat":316006},{"id":40106,"n":"Aiguillettes poulet blanc Volandrie - 210g","p":2.95,"u":"14,05 €/KG","img":"https://fd9-photos.leclercdrive.fr/image.ashx?id=2647883&use=l&cat=p&typeid=i","cat":284336},{"id":40122,"n":"AOP Côtes de Provence vin rosé Terres Ocrées - 75cl - 13%","p":4.99,"u":"6,65 €/L","img":"https://fd9-photos.leclercdrive.fr/image.ashx?id=2709689&use=l&cat=p&typeid=i","cat":289558},{"id":40133,"n":"Gaufrettes Paille d'Or LU Framboise - 170g","p":1.85,"u":"10,88 €/KG","img":"https://fd9-photos.leclercdrive.fr/image.ashx?id=2883753&use=l&cat=p&typeid=i","cat":284489},{"id":40135,"n":"Biscottes Heudebert  Nature - 300g","p":1.3,"u":"4,33 €/KG","img":"https://fd9-photos.leclercdrive.fr/image.ashx?id=2368291&use=l&cat=p&typeid=i","cat":284479},{"id":40137,"n":"Biscuits Pocket Petit Ecolier  LU Chocolat au lait - 250g","p":3.02,"u":"12,08 €/KG","img":"https://fd9-photos.leclercdrive.fr/image.ashx?id=3005326&use=l&cat=p&typeid=i","cat":284488},{"id":40138,"n":"Biscuits Petit Ecolier Chocolat au lait - 150g","p":1.68,"u":"11,20 €/KG","img":"https://fd9-photos.leclercdrive.fr/image.ashx?id=2323844&use=l&cat=p&typeid=i","cat":284488},{"id":40142,"n":"Compote Douceur du Verger Coupelle multivariétés -16x100g","p":3.99,"u":"2,49 €/KG","img":"https://fd9-photos.leclercdrive.fr/image.ashx?id=2663533&use=l&cat=p&typeid=i","cat":284508},{"id":40173,"n":"Préfou Paso Tomate basilic - 350g","p":3.55,"img":"https://fd9-photos.leclercdrive.fr/image.ashx?id=2676765&use=l&cat=p&typeid=i","cat":316003},{"id":40215,"n":"Petit pot soir Babybio Bio P.pois maïs riz, 6 mois 2x200g","p":2.55,"u":"6,38 €/KG","img":"https://fd9-photos.leclercdrive.fr/image.ashx?id=2827476&use=l&cat=p&typeid=i","cat":312239},{"id":40246,"n":"Tournedos de dinde Volandrie x2 - 250g","p":3.99,"u":"15,96 €/KG","img":"https://fd9-photos.leclercdrive.fr/image.ashx?id=2595936&use=l&cat=p&typeid=i","cat":284337},{"id":40277,"n":"Barres glacées Bounty  Chocolat & Noix de Coco x6 235g","p":2.43,"u":"10,34 €/KG","img":"https://fd9-photos.leclercdrive.fr/image.ashx?id=1935069&use=l&cat=p&typeid=i","cat":284264},{"id":40278,"n":"Barres glacées Twix  Caramel & Biscuit x6 - 205g","p":2.76,"u":"13,46 €/KG","img":"https://fd9-photos.leclercdrive.fr/image.ashx?id=2906742&use=l&cat=p&typeid=i","cat":284264},{"id":40279,"n":"Jus innocent orange sans pulpe 900ml","p":2.47,"u":"2,74 €/L","img":"https://fd9-photos.leclercdrive.fr/image.ashx?id=2736583&use=l&cat=p&typeid=i","cat":285435},{"id":40303,"n":"Coton Duo Démaquillants Inell Ovale - Aloé véra - Disques x60","p":1.69,"img":"https://fd9-photos.leclercdrive.fr/image.ashx?id=1926957&use=l&cat=p&typeid=i","cat":285593},{"id":40313,"n":"Madeleines marbrées P'tit Déli Chocolat 400g","p":2.15,"u":"5,38 €/KG","img":"https://fd9-photos.leclercdrive.fr/image.ashx?id=2646065&use=l&cat=p&typeid=i","cat":284492},{"id":40329,"n":"Chocolat en poudre Equador Pur Cacao non sucré - 250g","p":3.28,"u":"13,12 €/KG","img":"https://fd9-photos.leclercdrive.fr/image.ashx?id=2120290&use=l&cat=p&typeid=i","cat":284504},{"id":40332,"n":"Bière aromatisée Desperados 5.9%vol. - 20x25cl","p":18.23,"u":"3,65 €/L","img":"https://fd9-photos.leclercdrive.fr/image.ashx?id=2977300&use=l&cat=p&typeid=i","cat":334878},{"id":40336,"n":"Bière blonde Heineken 12x33cl","p":12.28,"u":"3,10 €/L","img":"https://fd9-photos.leclercdrive.fr/image.ashx?id=3008110&use=l&cat=p&typeid=i","cat":334873},{"id":40342,"n":"Serviette Tena Lady - Maxi Night - x12","p":6.09,"u":"0,51 €/P","img":"https://fd9-photos.leclercdrive.fr/image.ashx?id=2597232&use=l&cat=p&typeid=i","cat":284628},{"id":40345,"n":"Cotons Démaquillants Demak'Up Original ovale x70","p":1.82,"u":"0,03 €/P","img":"https://fd9-photos.leclercdrive.fr/image.ashx?id=2791458&use=l&cat=p&typeid=i","cat":285593},{"id":40412,"n":"Thon entier Petit Navire Huile de tournesol - 160g","p":1.92,"u":"12,00 €/KG","img":"https://fd9-photos.leclercdrive.fr/image.ashx?id=2523846&use=l&cat=p&typeid=i","cat":303867},{"id":40430,"n":"Plat bébé soir Blédiner 8 mois  Patate douce carotte - 2x200g","p":2.27,"u":"5,68 €/KG","img":"https://fd9-photos.leclercdrive.fr/image.ashx?id=2902969&use=l&cat=p&typeid=i","cat":312239},{"id":40490,"n":"Compote Andros Pomme abricot - 8x100g","p":3.46,"u":"4,33 €/KG","img":"https://fd9-photos.leclercdrive.fr/image.ashx?id=2968097&use=l&cat=p&typeid=i","cat":284416},{"id":40491,"n":"Compotes Andros Pomme poire 8x100g","p":2.76,"u":"3,45 €/KG","img":"https://fd9-photos.leclercdrive.fr/image.ashx?id=2883943&use=l&cat=p&typeid=i","cat":284416},{"id":40516,"n":"Compote Douceur du Verger Gourdes multivariétés - 12x90g","p":4.09,"u":"3,79 €/KG","img":"https://fd9-photos.leclercdrive.fr/image.ashx?id=2837051&use=l&cat=p&typeid=i","cat":284508},{"id":40518,"n":"Kit burritos Old El Paso extra doux - 491g","p":4.72,"u":"9,61 €/KG","img":"https://fd9-photos.leclercdrive.fr/image.ashx?id=2759496&use=l&cat=p&typeid=i","cat":288993},{"id":40519,"n":"Kit fajitas Old El Paso extra doux - 478g","p":5.2,"u":"10,88 €/KG","img":"https://fd9-photos.leclercdrive.fr/image.ashx?id=2765405&use=l&cat=p&typeid=i","cat":288993},{"id":40573,"n":"Tablette chocolat Milka Chocolat lait/Noisette - 2x100g","p":3.41,"u":"17,05 €/KG","img":"https://fd9-photos.leclercdrive.fr/image.ashx?id=2832422&use=l&cat=p&typeid=i","cat":284497},{"id":40574,"n":"Tablette chocolat Milka Chocolat lait/Riz - 2x100g","p":3.05,"u":"15,25 €/KG","img":"https://fd9-photos.leclercdrive.fr/image.ashx?id=2400448&use=l&cat=p&typeid=i","cat":284497},{"id":40586,"n":"Glaces Yéti Best Of - 8 bâtonnets - 360g","p":3.28,"u":"9,11 €/KG","img":"https://fd9-photos.leclercdrive.fr/image.ashx?id=1921194&use=l&cat=p&typeid=i","cat":285250},{"id":40610,"n":"Pérail Lou Pérac Fromage de brebis - 100g","p":2.17,"u":"21,70 €/KG","img":"https://fd9-photos.leclercdrive.fr/image.ashx?id=2848545&use=l&cat=p&typeid=i","cat":314031},{"id":40612,"n":"Fromage de Brebis Etorki  180g","p":3.43,"u":"19,06 €/KG","img":"https://fd9-photos.leclercdrive.fr/image.ashx?id=2702816&use=l&cat=p&typeid=i","cat":329184},{"id":40631,"n":"Levure Chimique Alsacienne alsa 8 sachets - 88g","p":0.68,"u":"7,73 €/KG","img":"https://fd9-photos.leclercdrive.fr/image.ashx?id=3009335&use=l&cat=p&typeid=i","cat":294686},{"id":40633,"n":"IGP Var rosé Restanques - 75cl","p":2.78,"u":"3,71 €/L","img":"https://fd9-photos.leclercdrive.fr/image.ashx?id=2753070&use=l&cat=p&typeid=i","cat":289558},{"id":40649,"n":"Pansement Primoplast Transparents x40","p":0.99,"u":"0,02 €/P","img":"https://fd9-photos.leclercdrive.fr/image.ashx?id=2832957&use=l&cat=p&typeid=i","cat":284630},{"id":40656,"n":"Gel douche Manava Surgras - 500ml","p":1.85,"u":"3,70 €/L","img":"https://fd9-photos.leclercdrive.fr/image.ashx?id=2799239&use=l&cat=p&typeid=i","cat":284594},{"id":40657,"n":"Gel douche Manava Hypoallergenique - 500ml","p":1.85,"u":"3,70 €/L","img":"https://fd9-photos.leclercdrive.fr/image.ashx?id=2799165&use=l&cat=p&typeid=i","cat":284594},{"id":40666,"n":"Antiseptique Primoplast Spray - 100ml","p":2.35,"u":"23,50 €/L","img":"https://fd9-photos.leclercdrive.fr/image.ashx?id=2856522&use=l&cat=p&typeid=i","cat":284630},{"id":40708,"n":"IGP Gard vin rosé Rives & Terrasses 12% vol - BIB 5L","p":13.99,"u":"2,80 €/L","img":"https://fd9-photos.leclercdrive.fr/image.ashx?id=2882325&use=l&cat=p&typeid=i","cat":289560},{"id":40723,"n":"Fromage à tartiner Les Croisés Echalote et Ciboulette - 150g","p":1.66,"u":"11,07 €/KG","img":"https://fd9-photos.leclercdrive.fr/image.ashx?id=2959221&use=l&cat=p&typeid=i","cat":314029},{"id":40736,"n":"Saumon fumé Labeyrie Norvège 2 tranches - 75g","p":4.71,"u":"62,80 €/KG","img":"https://fd9-photos.leclercdrive.fr/image.ashx?id=2729905&use=l&cat=p&typeid=i","cat":285188},{"id":40774,"n":"Lingettes nettoyantes La Croix Désinfectant Javel - x 25","p":1.53,"u":"0,06 €/P","img":"https://fd9-photos.leclercdrive.fr/image.ashx?id=2540106&use=l&cat=p&typeid=i","cat":325358},{"id":40776,"n":"Détachant avant lavage K2R  Tâche incrustée mousse  - 400mL","p":2.77,"u":"6,93 €/L","img":"https://fd9-photos.leclercdrive.fr/image.ashx?id=2101177&use=l&cat=p&typeid=i","cat":284651},{"id":40789,"n":"Yaourts à boire Délisse Fraise - 8x100g","p":1.95,"u":"2,44 €/KG","img":"https://fd9-photos.leclercdrive.fr/image.ashx?id=2762504&use=l&cat=p&typeid=i","cat":284415},{"id":40794,"n":"Rôti de poulet Tradilège Supérieur 4tr - 160g","p":2.25,"u":"14,06 €/KG","img":"https://fd9-photos.leclercdrive.fr/image.ashx?id=2986119&use=l&cat=p&typeid=i","cat":316010},{"id":40796,"n":"Rôti de porc Tradilège Supérieur Maxiformat 8tr- 240 g","p":3.17,"u":"13,21 €/KG","img":"https://fd9-photos.leclercdrive.fr/image.ashx?id=2930763&use=l&cat=p&typeid=i","cat":316009},{"id":40870,"n":"Purée de courgettes Florette 2x200g","p":2.99,"u":"7,48 €/KG","img":"https://fd9-photos.leclercdrive.fr/image.ashx?id=2790006&use=l&cat=p&typeid=i","cat":333665},{"id":40872,"n":"Ecrasé de légumes Florette Pomme de terre carottes 2x200g","p":2.99,"u":"7,48 €/KG","img":"https://fd9-photos.leclercdrive.fr/image.ashx?id=2767696&use=l&cat=p&typeid=i","cat":333665},{"id":40904,"n":"Pesto rosso Turini 190g","p":1.68,"u":"8,84 €/KG","img":"https://fd9-photos.leclercdrive.fr/image.ashx?id=2546257&use=l&cat=p&typeid=i","cat":287599},{"id":40908,"n":"Sauce pizza Tomapizza Panzani aux tomates et origan - 390g","p":1.36,"u":"3,49 €/KG","img":"https://fd9-photos.leclercdrive.fr/image.ashx?id=2744626&use=l&cat=p&typeid=i","cat":288384},{"id":40967,"n":"AOP Bourgogne Aligoté vin blanc Antoine Barrier - 75cl","p":6.49,"u":"8,65 €/L","img":"https://fd9-photos.leclercdrive.fr/image.ashx?id=2883011&use=l&cat=p&typeid=i","cat":289557},{"id":40988,"n":"Détachant Ace Délicat Système 8+ 2L","p":4.43,"u":"2,22 €/L","img":"https://fd9-photos.leclercdrive.fr/image.ashx?id=2559152&use=l&cat=p&typeid=i","cat":284651},{"id":41002,"n":"Repas fraicheur pour chat Sheba Volaille en sauce - 6x50g","p":2.56,"u":"8,53 €/KG","img":"https://fd9-photos.leclercdrive.fr/image.ashx?id=2888097&use=l&cat=p&typeid=i","cat":285286},{"id":41004,"n":"Bâtonnets Dentastix Pedigree  Fresh Petit chien x7 - 110g","p":2.16,"u":"19,64 €/KG","img":"https://fd9-photos.leclercdrive.fr/image.ashx?id=2850168&use=l&cat=p&typeid=i","cat":294527},{"id":41006,"n":"Biscuits chien Pedigree Markies fourrés - 500g","p":1.74,"u":"3,48 €/KG","img":"https://fd9-photos.leclercdrive.fr/image.ashx?id=2254319&use=l&cat=p&typeid=i","cat":294527},{"id":41016,"n":"Sachet fraîcheur chat Sheba Poissons en sauce - 4x85g","p":2.13,"u":"6,26 €/KG","img":"https://fd9-photos.leclercdrive.fr/image.ashx?id=2759625&use=l&cat=p&typeid=i","cat":285286},{"id":41018,"n":"Pur jus d'ananas Jafaden Bouteille 1L","p":1.99,"u":"1,99 €/L","img":"https://fd9-photos.leclercdrive.fr/image.ashx?id=2956729&use=l&cat=p&typeid=i","cat":284916},{"id":41020,"n":"Pur jus Jafaden Clémentine - 1L","p":1.91,"u":"1,91 €/L","img":"https://fd9-photos.leclercdrive.fr/image.ashx?id=2895786&use=l&cat=p&typeid=i","cat":284915},{"id":41022,"n":"Sachet fraicheur chat Sheba Thon cabillaud en sauce - 6x50g","p":2.58,"u":"8,60 €/KG","img":"https://fd9-photos.leclercdrive.fr/image.ashx?id=2347128&use=l&cat=p&typeid=i","cat":285286},{"id":41063,"n":"Anchois Fumeries Occitanes A la crème d'ail - 200g","p":3.65,"u":"18,25 €/KG","img":"https://fd9-photos.leclercdrive.fr/image.ashx?id=1912736&use=l&cat=p&typeid=i","cat":285190},{"id":41117,"n":"Vinaigre de nettoyage Clair Citron - 750ml","p":1.95,"u":"2,60 €/L","img":"https://fd9-photos.leclercdrive.fr/image.ashx?id=2949188&use=l&cat=p&typeid=i","cat":325365},{"id":41147,"n":"Bain de bouche Dentamyl Expert Sensitive - 500ml","p":1.89,"u":"3,78 €/L","img":"https://fd9-photos.leclercdrive.fr/image.ashx?id=2594570&use=l&cat=p&typeid=i","cat":284613},{"id":41188,"n":"Captain Morgan Original Spiced Boisson à base de rhum- 70cl","p":12.69,"u":"18,13 €/L","img":"https://fd9-photos.leclercdrive.fr/image.ashx?id=2518403&use=l&cat=p&typeid=i","cat":284551},{"id":41190,"n":"Liqueur de Whisky Jack Daniel's Honey 70cL","p":21.46,"u":"30,66 €/L","img":"https://fd9-photos.leclercdrive.fr/image.ashx?id=2973982&use=l&cat=p&typeid=i","cat":286032},{"id":41236,"n":"Beurre gastronomique Président Demi-sel - 80% MG - 250g","p":2.83,"u":"11,32 €/KG","img":"https://fd9-photos.leclercdrive.fr/image.ashx?id=2962257&use=l&cat=p&typeid=i","cat":284379},{"id":41237,"n":"Beurre La Motte Président Doux - 82%mg - 250g","p":3.5,"u":"14,00 €/KG","img":"https://fd9-photos.leclercdrive.fr/image.ashx?id=2896955&use=l&cat=p&typeid=i","cat":284379},{"id":41268,"n":"Croquettes chat  Eco+ Viandes légumes-  2kg","p":2.33,"u":"1,17 €/KG","img":"https://fd9-photos.leclercdrive.fr/image.ashx?id=2303000&use=l&cat=p&typeid=i","cat":284680},{"id":41269,"n":"Croquettes chat Eco+ Poisson, céréales, légumes 2kg","p":2.48,"u":"1,24 €/KG","img":"https://fd9-photos.leclercdrive.fr/image.ashx?id=2046980&use=l&cat=p&typeid=i","cat":284680},{"id":41270,"n":"Croquettes chiens Fido Adulte - Boeuf - 3kg","p":7.08,"u":"2,36 €/KG","img":"https://fd9-photos.leclercdrive.fr/image.ashx?id=2973291&use=l&cat=p&typeid=i","cat":284672},{"id":41275,"n":"Croquettes chat Purina One Sterilisé - Poulet - 1,5kg","p":6.96,"u":"4,64 €/KG","img":"https://fd9-photos.leclercdrive.fr/image.ashx?id=2488046&use=l&cat=p&typeid=i","cat":284680},{"id":41278,"n":"Croquettes chiens Eco+ Adulte - Viande -  4kg","p":3.93,"u":"0,98 €/KG","img":"https://fd9-photos.leclercdrive.fr/image.ashx?id=2046986&use=l&cat=p&typeid=i","cat":284672},{"id":41283,"n":"Sachets pour chats Gourmet Multivariétés - 12x85g","p":5.6,"u":"5,49 €/KG","img":"https://fd9-photos.leclercdrive.fr/image.ashx?id=2902343&use=l&cat=p&typeid=i","cat":285286},{"id":41285,"n":"Croquettes chaton Purina One  Junior -Poulet/Céréales - 1,5kg","p":7.34,"u":"4,89 €/KG","img":"https://fd9-photos.leclercdrive.fr/image.ashx?id=2433563&use=l&cat=p&typeid=i","cat":284680},{"id":41286,"n":"Croquettes chat Purina One  Stérilisé Adulte-Saumon/Blé-3kg","p":13.3,"u":"4,43 €/KG","img":"https://fd9-photos.leclercdrive.fr/image.ashx?id=2488049&use=l&cat=p&typeid=i","cat":284680},{"id":41287,"n":"Croquettes chiens Purina One Minis chiens adultes -  1,5kg","p":5.39,"u":"3,59 €/KG","img":"https://fd9-photos.leclercdrive.fr/image.ashx?id=2899674&use=l&cat=p&typeid=i","cat":294526},{"id":41289,"n":"Croquettes chat Purina One Urinary care - Poulet - 450g","p":2.7,"u":"6,00 €/KG","img":"https://fd9-photos.leclercdrive.fr/image.ashx?id=2459940&use=l&cat=p&typeid=i","cat":284680},{"id":41291,"n":"Croquettes chat Purina One Stérilisé Adulte-Boeuf/blé -3kg","p":13.17,"u":"4,39 €/KG","img":"https://fd9-photos.leclercdrive.fr/image.ashx?id=2488043&use=l&cat=p&typeid=i","cat":284680},{"id":41293,"n":"Sachets repas chats Purina One Stérilisés - Saumon Dinde 4x85g","p":2.07,"u":"6,09 €/KG","img":"https://fd9-photos.leclercdrive.fr/image.ashx?id=2902349&use=l&cat=p&typeid=i","cat":285286},{"id":41333,"n":"Lait céréales Blédidej 9 mois Caramel - 4x250ml","p":3.61,"u":"14,44 €/L","img":"https://fd9-photos.leclercdrive.fr/image.ashx?id=2921061&use=l&cat=p&typeid=i","cat":312226},{"id":41337,"n":"Lait céréales Blédidej 9 mois Madeleine - 4x250ml","p":3.58,"u":"3,58 €/L","img":"https://fd9-photos.leclercdrive.fr/image.ashx?id=2921052&use=l&cat=p&typeid=i","cat":312226},{"id":41357,"n":"Steak *** Charal 130g","p":3.41,"u":"26,23 €/KG","img":"https://fd9-photos.leclercdrive.fr/image.ashx?id=1893005&use=l&cat=p&typeid=i","cat":284328},{"id":41358,"n":"Tournedos *** Charal 280g","p":13.33,"u":"47,61 €/KG","img":"https://fd9-photos.leclercdrive.fr/image.ashx?id=2421159&use=l&cat=p&typeid=i","cat":284328},{"id":41359,"n":"Bavette d'Aloyau *** Charal 260g","p":10.37,"u":"39,88 €/KG","img":"https://fd9-photos.leclercdrive.fr/image.ashx?id=1889183&use=l&cat=p&typeid=i","cat":284328},{"id":41364,"n":"Cordon bleu Côté Croc Comté - 200g","p":2.05,"u":"10,25 €/KG","img":"https://fd9-photos.leclercdrive.fr/image.ashx?id=2800240&use=l&cat=p&typeid=i","cat":333683},{"id":41366,"n":"Nuggets de poulet Côté Croc Croustillant - 200g","p":1.79,"u":"8,95 €/KG","img":"https://fd9-photos.leclercdrive.fr/image.ashx?id=2462257&use=l&cat=p&typeid=i","cat":333684},{"id":41420,"n":"Quiche Lorraine  Qualité Traiteur - 2x140g","p":4.5,"u":"16,07 €/KG","img":"https://fd9-photos.leclercdrive.fr/image.ashx?id=2856380&use=l&cat=p&typeid=i","cat":333680},{"id":41422,"n":"Fromage à Tartiner St Môret  Nature - 300g","p":3.26,"u":"10,87 €/KG","img":"https://fd9-photos.leclercdrive.fr/image.ashx?id=2755465&use=l&cat=p&typeid=i","cat":314029},{"id":41447,"n":"Fromage fruité bloc Les Croisés 220g","p":2.75,"u":"12,50 €/KG","img":"https://fd9-photos.leclercdrive.fr/image.ashx?id=1961168&use=l&cat=p&typeid=i","cat":314034},{"id":41460,"n":"Pain de mie 100% Mie Harrys Complet sans croûte - 500g","p":1.82,"u":"3,64 €/KG","img":"https://fd9-photos.leclercdrive.fr/image.ashx?id=2731864&use=l&cat=p&typeid=i","cat":284477},{"id":41463,"n":"Autocollants Insectivor Anti-mouches - x4","p":2.54,"u":"0,64 €/P","img":"https://fd9-photos.leclercdrive.fr/image.ashx?id=2606828&use=l&cat=p&typeid=i","cat":298368},{"id":41464,"n":"Purée de tomates Turini Brique 500g","p":0.75,"u":"1,50 €/KG","img":"https://fd9-photos.leclercdrive.fr/image.ashx?id=2729287&use=l&cat=p&typeid=i","cat":288384},{"id":41465,"n":"Cotons Inell Maxi confort x80","p":1.78,"img":"https://fd9-photos.leclercdrive.fr/image.ashx?id=1926969&use=l&cat=p&typeid=i","cat":284636},{"id":41466,"n":"Coton carré bébé Mots d'Enfants Aloe vera x50","p":1.67,"u":"0,03 €/P","img":"https://fd9-photos.leclercdrive.fr/image.ashx?id=3014236&use=l&cat=p&typeid=i","cat":284739},{"id":41478,"n":"Mouchoirs blancs 3 plis Univert Boîte mouchoirs en papier -x100","p":1.55,"u":"0,02 €/P","img":"https://fd9-photos.leclercdrive.fr/image.ashx?id=1960038&use=l&cat=p&typeid=i","cat":284638},{"id":41488,"n":"Sachets Insectivor Anti-mites anti-acariens - x24","p":2.89,"u":"0,12 €/P","img":"https://fd9-photos.leclercdrive.fr/image.ashx?id=2852952&use=l&cat=p&typeid=i","cat":298368},{"id":41492,"n":"Tartines croustillantes Wasa Fibres - 230g","p":1.54,"u":"6,70 €/KG","img":"https://fd9-photos.leclercdrive.fr/image.ashx?id=3011854&use=l&cat=p&typeid=i","cat":284479},{"id":41517,"n":"Couches bébé Mots d'Enfants T6 Douceur - 16kg+ - x58 changes","p":12.75,"img":"https://fd9-photos.leclercdrive.fr/image.ashx?id=2904577&use=l&cat=p&typeid=i","cat":284737},{"id":41534,"n":"Déodorant Spray Homme Nivea Men Black&White Original - 200ml","p":2.39,"u":"11,95 €/L","img":"https://fd9-photos.leclercdrive.fr/image.ashx?id=3005218&use=l&cat=p&typeid=i","cat":284618},{"id":41551,"n":"Soda Schweppes Saveur Citron - 1,5L","p":1.95,"u":"1,30 €/L","img":"https://fd9-photos.leclercdrive.fr/image.ashx?id=2852417&use=l&cat=p&typeid=i","cat":284532},{"id":41556,"n":"Boisson aux fruits Oasis Orange - 2L","p":2.5,"u":"1,25 €/L","img":"https://fd9-photos.leclercdrive.fr/image.ashx?id=2688653&use=l&cat=p&typeid=i","cat":295018},{"id":41647,"n":"AOP Alsace Gewurztraminer   vin blanc Rebmann - 75 cl","p":5.99,"u":"7,99 €/L","img":"https://fd9-photos.leclercdrive.fr/image.ashx?id=2623446&use=l&cat=p&typeid=i","cat":289557},{"id":41691,"n":"AOP Cabernet d'Anjou BIO vin  rosé Les Caractères - 75cl","p":4.99,"u":"6,65 €/L","img":"https://fd9-photos.leclercdrive.fr/image.ashx?id=2816484&use=l&cat=p&typeid=i","cat":289558},{"id":41700,"n":"Sauce Tomate Cuisinée Heinz Ail & Oignon - 520g","p":1.37,"u":"2,63 €/KG","img":"https://fd9-photos.leclercdrive.fr/image.ashx?id=2950849&use=l&cat=p&typeid=i","cat":288384},{"id":41706,"n":"Soupe déshydratée Yum yum Nouilles/boeuf - 60g","p":0.48,"u":"8,00 €/KG","img":"https://fd9-photos.leclercdrive.fr/image.ashx?id=2917130&use=l&cat=p&typeid=i","cat":288992},{"id":41710,"n":"Soupe déshydratée Yum yum Nouilles/poulet - 60g","p":0.49,"u":"8,17 €/KG","img":"https://fd9-photos.leclercdrive.fr/image.ashx?id=2966315&use=l&cat=p&typeid=i","cat":288992},{"id":41800,"n":"Mayonnaise Fine & Douce Lesieur 475g","p":2.25,"u":"4,74 €/KG","img":"https://fd9-photos.leclercdrive.fr/image.ashx?id=2918541&use=l&cat=p&typeid=i","cat":298295},{"id":41804,"n":"Asperges vertes d'aucy  37cl","p":3.34,"u":"18,05 €/KG","img":"https://fd9-photos.leclercdrive.fr/image.ashx?id=2665901&use=l&cat=p&typeid=i","cat":312611},{"id":41819,"n":"Sauce Andalouse Heinz - 220g","p":1.73,"u":"7,86 €/KG","img":"https://fd9-photos.leclercdrive.fr/image.ashx?id=2973327&use=l&cat=p&typeid=i","cat":318431},{"id":41832,"n":"Saucisse Strasbourg Stoeffler Cuites et fumées 6x40g","p":2.4,"u":"10,00 €/KG","img":"https://fd9-photos.leclercdrive.fr/image.ashx?id=2767534&use=l&cat=p&typeid=i","cat":316012},{"id":41841,"n":"AOP Bordeaux vin rouge Chantet Blanet - 75cl","p":2.89,"u":"3,85 €/L","img":"https://fd9-photos.leclercdrive.fr/image.ashx?id=2741285&use=l&cat=p&typeid=i","cat":289556},{"id":41845,"n":"Génoise fourrée Kinder Pingui Lait et cacao x8 - 240g","p":2.24,"u":"9,33 €/KG","img":"https://fd9-photos.leclercdrive.fr/image.ashx?id=2855352&use=l&cat=p&typeid=i","cat":284420},{"id":41846,"n":"Compotes Andros Panachés 16x100g","p":4.83,"u":"3,02 €/KG","img":"https://fd9-photos.leclercdrive.fr/image.ashx?id=2921343&use=l&cat=p&typeid=i","cat":284416},{"id":41852,"n":"Sauce pomme frite Amora 260g","p":1.71,"u":"6,58 €/KG","img":"https://fd9-photos.leclercdrive.fr/image.ashx?id=2957776&use=l&cat=p&typeid=i","cat":318431},{"id":41858,"n":"Yaourt SMARTIES Fraise bonbons chocolat 4x120g","p":2.47,"u":"5,15 €/KG","img":"https://fd9-photos.leclercdrive.fr/image.ashx?id=2890046&use=l&cat=p&typeid=i","cat":284414},{"id":41861,"n":"AOC Luberon Rosé Rives & Terrasses - 75cl","p":3.49,"u":"4,65 €/L","img":"https://fd9-photos.leclercdrive.fr/image.ashx?id=2891893&use=l&cat=p&typeid=i","cat":289558},{"id":41883,"n":"Steaks Hachés Charolais Charal Pur Bœuf 12%MG - 10x100g - 1kg","p":14.47,"u":"14,47 €/KG","img":"https://fd9-photos.leclercdrive.fr/image.ashx?id=2741943&use=l&cat=p&typeid=i","cat":319778},{"id":41884,"n":"AOP Coteaux Bourguignons vin  rouge Antoine Barrier - 75cl","p":5.49,"u":"7,32 €/L","img":"https://fd9-photos.leclercdrive.fr/image.ashx?id=2800246&use=l&cat=p&typeid=i","cat":289556},{"id":41903,"n":"Jus de pomme Jafaden A base de concentré - 2L","p":1.85,"u":"0,93 €/L","img":"https://fd9-photos.leclercdrive.fr/image.ashx?id=2470240&use=l&cat=p&typeid=i","cat":284522},{"id":41912,"n":"Sirop fraise de Plougastel NRT 70cl","p":3.2,"u":"4,57 €/L","img":"https://fd9-photos.leclercdrive.fr/image.ashx?id=2590481&use=l&cat=p&typeid=i","cat":295020},{"id":41915,"n":"AOP Morgon vin rouge Antoine Barrier - 75cl","p":6.99,"u":"9,32 €/L","img":"https://fd9-photos.leclercdrive.fr/image.ashx?id=2919640&use=l&cat=p&typeid=i","cat":289556},{"id":41923,"n":"Vin d'Union Européenne rosé Adrien Champaud 11% vol BIB 5L","p":8.49,"u":"1,70 €/L","img":"https://fd9-photos.leclercdrive.fr/image.ashx?id=2959707&use=l&cat=p&typeid=i","cat":289560},{"id":41924,"n":"Vin d'Union Européenne rouge Adrien Champaud 12% vol BIB 5L","p":8.49,"u":"1,70 €/L","img":"https://fd9-photos.leclercdrive.fr/image.ashx?id=2959710&use=l&cat=p&typeid=i","cat":289560},{"id":42042,"n":"Purée de potiron Florette 2x200g","p":2.99,"u":"7,48 €/KG","img":"https://fd9-photos.leclercdrive.fr/image.ashx?id=2832062&use=l&cat=p&typeid=i","cat":333665},{"id":42044,"n":"Noix de cajou Maître Prunille Sans sel, grillé, sachet 200g","p":4.57,"u":"22,85 €/KG","img":"https://fd9-photos.leclercdrive.fr/image.ashx?id=1750478&use=l&cat=p&typeid=i","cat":284357},{"id":42045,"n":"Amande grillée Maître Prunille Décortiquée sans sel 250g","p":4.1,"u":"16,40 €/KG","img":"https://fd9-photos.leclercdrive.fr/image.ashx?id=1750481&use=l&cat=p&typeid=i","cat":284448},{"id":42046,"n":"Pruneaux d'Agen Maître Prunille IGP Dénoyautés - 500g","p":5.6,"u":"11,20 €/KG","img":"https://fd9-photos.leclercdrive.fr/image.ashx?id=2016029&use=l&cat=p&typeid=i","cat":284357},{"id":42057,"n":"Asperges blanches d'aucy  21,2cl","p":2.08,"u":"18,91 €/KG","img":"https://fd9-photos.leclercdrive.fr/image.ashx?id=2597720&use=l&cat=p&typeid=i","cat":312611},{"id":42063,"n":"Madeleines Saint Michel Oeufs de poule plein air - 500g","p":2.0,"u":"4,00 €/KG","img":"https://fd9-photos.leclercdrive.fr/image.ashx?id=2936191&use=l&cat=p&typeid=i","cat":284492},{"id":42067,"n":"Biscuits p'tit déjeuner BN Chocolat - 200g","p":1.59,"u":"7,95 €/KG","img":"https://fd9-photos.leclercdrive.fr/image.ashx?id=2603468&use=l&cat=p&typeid=i","cat":284491},{"id":42140,"n":"Sirop La Maison Guiot Grenadine - 70cl","p":3.06,"u":"4,37 €/L","img":"https://fd9-photos.leclercdrive.fr/image.ashx?id=2857195&use=l&cat=p&typeid=i","cat":295020},{"id":42218,"n":"Bloc WC Bref Power  Activ'Océan toilettes - 50g x1","p":1.42,"u":"28,40 €/KG","img":"https://fd9-photos.leclercdrive.fr/image.ashx?id=2789802&use=l&cat=p&typeid=i","cat":284662},{"id":42235,"n":"Galette Tipiak Jambon/fromage - 2x125g","p":3.03,"u":"12,12 €/KG","img":"https://fd9-photos.leclercdrive.fr/image.ashx?id=2819334&use=l&cat=p&typeid=i","cat":319776},{"id":42289,"n":"Huile pimentée pizza Cauvin A l'huile d'olive - 25cl","p":2.48,"u":"9,92 €/L","img":"https://fd9-photos.leclercdrive.fr/image.ashx?id=2539857&use=l&cat=p&typeid=i","cat":284453},{"id":42290,"n":"Huile de colza Eco + 1L","p":1.46,"u":"1,46 €/L","img":"https://fd9-photos.leclercdrive.fr/image.ashx?id=3002503&use=l&cat=p&typeid=i","cat":284453},{"id":42292,"n":"Vinaigrette allégée Eco + Nature - 1L","p":1.02,"u":"1,02 €/L","img":"https://fd9-photos.leclercdrive.fr/image.ashx?id=2900516&use=l&cat=p&typeid=i","cat":284456},{"id":42295,"n":"Vinaigrette bi-phase Rustica Vin rouge/échalote - 50cl","p":2.49,"u":"4,98 €/L","img":"https://fd9-photos.leclercdrive.fr/image.ashx?id=2142190&use=l&cat=p&typeid=i","cat":284456},{"id":42297,"n":"Sauce caesar Rustica 50cl","p":2.59,"u":"5,18 €/L","img":"https://fd9-photos.leclercdrive.fr/image.ashx?id=1972928&use=l&cat=p&typeid=i","cat":284456},{"id":42298,"n":"Boisson végétale Bio Village Avoine bio - 1l","p":1.39,"u":"1,39 €/L","img":"https://fd9-photos.leclercdrive.fr/image.ashx?id=2358096&use=l&cat=p&typeid=i","cat":316067},{"id":42325,"n":"Spray Nettoyant Menager Cif  Antibacterien - 750 ml","p":2.52,"u":"3,36 €/L","img":"https://fd9-photos.leclercdrive.fr/image.ashx?id=2813540&use=l&cat=p&typeid=i","cat":325357},{"id":42331,"n":"Saucisses Knacki Herta Poulet x10 - 350g","p":1.5,"u":"4,29 €/KG","img":"https://fd9-photos.leclercdrive.fr/image.ashx?id=2290431&use=l&cat=p&typeid=i","cat":316012},{"id":42341,"n":"Compotes Pom'Potes Gourdes  Multivariétés Inédits - 12x90g","p":5.59,"u":"5,18 €/KG","img":"https://fd9-photos.leclercdrive.fr/image.ashx?id=2864309&use=l&cat=p&typeid=i","cat":284508},{"id":42428,"n":"Pains au chocolat Pasquier x8 - 360g","p":2.23,"u":"6,19 €/KG","img":"https://fd9-photos.leclercdrive.fr/image.ashx?id=2863446&use=l&cat=p&typeid=i","cat":296366},{"id":42442,"n":"Moutarde forte Eco + 370g","p":0.73,"u":"1,97 €/KG","img":"https://fd9-photos.leclercdrive.fr/image.ashx?id=2954319&use=l&cat=p&typeid=i","cat":288850},{"id":42448,"n":"Capsules Nescafé Dolce Gusto  Ricoré Latte - x16","p":5.01,"u":"29,82 €/KG","img":"https://fd9-photos.leclercdrive.fr/image.ashx?id=2818085&use=l&cat=p&typeid=i","cat":293239},{"id":42460,"n":"Olives vertes entières Eco + 400g","p":1.07,"u":"2,68 €/KG","img":"https://fd9-photos.leclercdrive.fr/image.ashx?id=2609261&use=l&cat=p&typeid=i","cat":284458},{"id":42461,"n":"Olives vertes Eco + Dénoyautées - 320g","p":1.88,"u":"5,88 €/KG","img":"https://fd9-photos.leclercdrive.fr/image.ashx?id=2609264&use=l&cat=p&typeid=i","cat":284458},{"id":42552,"n":"Préfou chèvre 350g","p":3.89,"u":"11,11 €/KG","img":"https://fd9-photos.leclercdrive.fr/image.ashx?id=2676768&use=l&cat=p&typeid=i","cat":316003},{"id":42560,"n":"Jus innocent ananas passion 900ml","p":2.68,"u":"2,98 €/L","img":"https://fd9-photos.leclercdrive.fr/image.ashx?id=2861740&use=l&cat=p&typeid=i","cat":285435},{"id":42565,"n":"Vinaigre blanc d'alcool Eco +  - 1,5L","p":0.6,"u":"0,40 €/L","img":"https://fd9-photos.leclercdrive.fr/image.ashx?id=2954049&use=l&cat=p&typeid=i","cat":298543},{"id":42599,"n":"Manche bois brut Sillage x1","p":2.95,"img":"https://fd9-photos.leclercdrive.fr/image.ashx?id=815786&use=l&cat=p&typeid=i","cat":284669},{"id":42624,"n":"Pâtes coudes rayés Panzani 1kg","p":2.13,"u":"2,13 €/KG","img":"https://fd9-photos.leclercdrive.fr/image.ashx?id=2876029&use=l&cat=p&typeid=i","cat":284427},{"id":42649,"n":"Crème douche Manava Surgras - 250ml","p":0.94,"u":"3,76 €/L","img":"https://fd9-photos.leclercdrive.fr/image.ashx?id=2456147&use=l&cat=p&typeid=i","cat":284594},{"id":42665,"n":"Gel shampooing douche Fa Men Extreme cool flacon - 250ml","p":1.42,"u":"5,68 €/L","img":"https://fd9-photos.leclercdrive.fr/image.ashx?id=2995094&use=l&cat=p&typeid=i","cat":284621},{"id":42703,"n":"P'tit Basque Istara Fromage de brebis - 220g","p":5.32,"u":"24,18 €/KG","img":"https://fd9-photos.leclercdrive.fr/image.ashx?id=2759876&use=l&cat=p&typeid=i","cat":329184},{"id":42731,"n":"Fromage Roucoulons Arôme Noix Fromagerie Milleret - 125g","p":2.18,"u":"17,44 €/KG","img":"https://fd9-photos.leclercdrive.fr/image.ashx?id=2207247&use=l&cat=p&typeid=i","cat":329558},{"id":42757,"n":"Emmental rapé Eco + 30% MG - 500g","p":3.7,"u":"7,40 €/KG","img":"https://fd9-photos.leclercdrive.fr/image.ashx?id=2942172&use=l&cat=p&typeid=i","cat":314035},{"id":42788,"n":"Tranchettes de chèvre 32.4% MG Les Croisés - 200g","p":3.19,"u":"15,95 €/KG","img":"https://fd9-photos.leclercdrive.fr/image.ashx?id=2796061&use=l&cat=p&typeid=i","cat":314028},{"id":42789,"n":"Cheddar Les Croisés 32% MG Tranchettes - 200g","p":2.64,"u":"13,20 €/KG","img":"https://fd9-photos.leclercdrive.fr/image.ashx?id=2796064&use=l&cat=p&typeid=i","cat":314028},{"id":42799,"n":"Miel liquide Bio Squeezer Bio village - 250g","p":2.95,"u":"11,80 €/KG","img":"https://fd9-photos.leclercdrive.fr/image.ashx?id=2348268&use=l&cat=p&typeid=i","cat":287643},{"id":42809,"n":"Berlingots de javel Clair Eucalyptus - 3x250ml","p":1.3,"u":"1,73 €/L","img":"https://fd9-photos.leclercdrive.fr/image.ashx?id=2949194&use=l&cat=p&typeid=i","cat":284661},{"id":42846,"n":"Cacahuètes Menguy's Grillées et salées - 800g","p":5.46,"u":"6,83 €/KG","img":"https://fd9-photos.leclercdrive.fr/image.ashx?id=2979800&use=l&cat=p&typeid=i","cat":284448},{"id":42847,"n":"Pop corn salé Menguy's Micro-ondes - 3x90g","p":2.07,"u":"7,67 €/KG","img":"https://fd9-photos.leclercdrive.fr/image.ashx?id=2966023&use=l&cat=p&typeid=i","cat":284449},{"id":42872,"n":"Jus innocent pomme framboise 900ml","p":2.76,"u":"3,07 €/L","img":"https://fd9-photos.leclercdrive.fr/image.ashx?id=2862877&use=l&cat=p&typeid=i","cat":285435},{"id":42873,"n":"Jus innocent orange carotte 900ml","p":2.94,"u":"3,27 €/L","img":"https://fd9-photos.leclercdrive.fr/image.ashx?id=2892217&use=l&cat=p&typeid=i","cat":285435},{"id":42874,"n":"Jus innocent poire pêche 900ml","p":2.84,"u":"3,16 €/L","img":"https://fd9-photos.leclercdrive.fr/image.ashx?id=2893000&use=l&cat=p&typeid=i","cat":285435},{"id":42964,"n":"Os à mâcher Lydog Fourrés boeuf - 2x100g","p":2.26,"u":"11,30 €/KG","img":"https://fd9-photos.leclercdrive.fr/image.ashx?id=1947283&use=l&cat=p&typeid=i","cat":294527},{"id":42965,"n":"Pepites de chocolat au lait Tablier Blanc - 100g","p":2.03,"u":"20,30 €/KG","img":"https://fd9-photos.leclercdrive.fr/image.ashx?id=2723141&use=l&cat=p&typeid=i","cat":284504},{"id":42966,"n":"Haricots verts Notre Jardin Extra fins - 455g","p":1.97,"u":"4,33 €/KG","img":"https://fd9-photos.leclercdrive.fr/image.ashx?id=2988084&use=l&cat=p&typeid=i","cat":312606},{"id":43004,"n":"Crêpes apéritives Tokapi Roquefort - 65g","p":1.9,"u":"29,23 €/KG","img":"https://fd9-photos.leclercdrive.fr/image.ashx?id=2874693&use=l&cat=p&typeid=i","cat":297000},{"id":43006,"n":"Colorants alimentaires  Tablier Blanc - 3x6ml","p":1.24,"u":"68,89 €/L","img":"https://fd9-photos.leclercdrive.fr/image.ashx?id=2487470&use=l&cat=p&typeid=i","cat":284504},{"id":43009,"n":"Biscuits fourrés P'tit Deli Noisette - 225g","p":1.38,"u":"6,13 €/KG","img":"https://fd9-photos.leclercdrive.fr/image.ashx?id=2861419&use=l&cat=p&typeid=i","cat":284488},{"id":43016,"n":"Asperges blanches moyennes Notre Jardin - 205g","p":1.99,"u":"9,71 €/KG","img":"https://fd9-photos.leclercdrive.fr/image.ashx?id=2049058&use=l&cat=p&typeid=i","cat":312611},{"id":43017,"n":"Betterave en Dés Notre Jardin 265g","p":1.02,"u":"3,85 €/KG","img":"https://fd9-photos.leclercdrive.fr/image.ashx?id=1993203&use=l&cat=p&typeid=i","cat":312611},{"id":43019,"n":"Biscuits animaux P'tit Déli Nappés chocolat lait - 225g","p":1.64,"u":"7,29 €/KG","img":"https://fd9-photos.leclercdrive.fr/image.ashx?id=2529602&use=l&cat=p&typeid=i","cat":284488},{"id":43037,"n":"Consigne Butagaz Gaz : Butane - Cube 6kg","p":39.0,"img":"https://fd9-photos.leclercdrive.fr/image.ashx?id=1971758&use=l&cat=p&typeid=i","cat":335916},{"id":43049,"n":"Steak haché charolais Férial  15%mg x4 - 400g","p":6.39,"u":"15,98 €/KG","img":"https://fd9-photos.leclercdrive.fr/image.ashx?id=2823762&use=l&cat=p&typeid=i","cat":319778},{"id":43197,"n":"Tartine Grilletine de Pasquier Briochées - x18 - 242g","p":1.84,"u":"7,60 €/KG","img":"https://fd9-photos.leclercdrive.fr/image.ashx?id=2333054&use=l&cat=p&typeid=i","cat":284479},{"id":43229,"n":"Crème aux oeufs Delisse Coco lit caramel - 4x100g","p":2.4,"u":"6,00 €/KG","img":"https://fd9-photos.leclercdrive.fr/image.ashx?id=1792462&use=l&cat=p&typeid=i","cat":284419},{"id":43237,"n":"Lotion démaquillante Inell Douceur yeux - 150ml","p":1.55,"u":"10,33 €/L","img":"https://fd9-photos.leclercdrive.fr/image.ashx?id=1993197&use=l&cat=p&typeid=i","cat":284603},{"id":43247,"n":"Tuiles apéritives Tokapi Poulet braisé - 170g","p":1.55,"u":"9,12 €/KG","img":"https://fd9-photos.leclercdrive.fr/image.ashx?id=2815752&use=l&cat=p&typeid=i","cat":287899},{"id":43287,"n":"Dentifrice Dentamyl Blancheur extrême - 75ml","p":0.95,"u":"12,67 €/L","img":"https://fd9-photos.leclercdrive.fr/image.ashx?id=2613837&use=l&cat=p&typeid=i","cat":284612},{"id":43303,"n":"Panna Cotta Fruits rouges Rians 2x120g","p":2.58,"u":"10,75 €/KG","img":"https://fd9-photos.leclercdrive.fr/image.ashx?id=2555412&use=l&cat=p&typeid=i","cat":284419},{"id":43304,"n":"Semoule au lait La Laitière Nature - 4x115g","p":1.84,"u":"4,00 €/KG","img":"https://fd9-photos.leclercdrive.fr/image.ashx?id=2686543&use=l&cat=p&typeid=i","cat":284418},{"id":43308,"n":"Dessert fruits mixés Sojasun Citron - 4x100g","p":1.63,"u":"4,08 €/KG","img":"https://fd9-photos.leclercdrive.fr/image.ashx?id=2355674&use=l&cat=p&typeid=i","cat":316071},{"id":43309,"n":"Dessert végétal Sojasun  Chocolat - 6x100g","p":2.44,"u":"4,07 €/KG","img":"https://fd9-photos.leclercdrive.fr/image.ashx?id=2355692&use=l&cat=p&typeid=i","cat":316071},{"id":43310,"n":"Dessert végétal Sojasun Vanille - 6x100g","p":2.41,"u":"4,02 €/KG","img":"https://fd9-photos.leclercdrive.fr/image.ashx?id=2355695&use=l&cat=p&typeid=i","cat":316071},{"id":43330,"n":"Crème dessert chocolat Danette Pop billes magix - 4x120g","p":2.46,"u":"5,13 €/KG","img":"https://fd9-photos.leclercdrive.fr/image.ashx?id=2935717&use=l&cat=p&typeid=i","cat":285041},{"id":43350,"n":"Coriandre en feuilles Ducros 7g","p":1.62,"u":"231,43 €/KG","img":"https://fd9-photos.leclercdrive.fr/image.ashx?id=2486584&use=l&cat=p&typeid=i","cat":298297},{"id":43358,"n":"Sel fin Eco+ Boîte verseuse - 750g","p":0.53,"u":"0,71 €/KG","img":"https://fd9-photos.leclercdrive.fr/image.ashx?id=2974705&use=l&cat=p&typeid=i","cat":284457},{"id":43371,"n":"AOC Saint-Nicolas-de-Bourgueil vin rouge Les Caractères - 75cl","p":4.99,"u":"6,65 €/L","img":"https://fd9-photos.leclercdrive.fr/image.ashx?id=2894734&use=l&cat=p&typeid=i","cat":289556},{"id":43372,"n":"AOP Saumur-Champigny vin rouge Les Caractères - 75cl","p":4.99,"u":"6,65 €/L","img":"https://fd9-photos.leclercdrive.fr/image.ashx?id=2745478&use=l&cat=p&typeid=i","cat":289556},{"id":43381,"n":"Dessert liégeois Viennois  Chocolat - 12x100g","p":3.99,"u":"3,33 €/KG","img":"https://fd9-photos.leclercdrive.fr/image.ashx?id=2875987&use=l&cat=p&typeid=i","cat":285042},{"id":43398,"n":"Fusilli Tradizioni d'Italia N°140 - 500g","p":1.52,"u":"3,04 €/KG","img":"https://fd9-photos.leclercdrive.fr/image.ashx?id=2657307&use=l&cat=p&typeid=i","cat":284427},{"id":43551,"n":"Terrine Les terrines du Morvan Recette campagnarde 180g","p":2.44,"u":"13,56 €/KG","img":"https://fd9-photos.leclercdrive.fr/image.ashx?id=2890908&use=l&cat=p&typeid=i","cat":305149},{"id":43553,"n":"Terrine de foie Morvan porc à l' armagnac 180g","p":2.44,"u":"13,56 €/KG","img":"https://fd9-photos.leclercdrive.fr/image.ashx?id=801049&use=l&cat=p&typeid=i","cat":305149},{"id":43554,"n":"Terrine de foie Morvan volaille au porto 180g","p":2.72,"u":"15,11 €/KG","img":"https://fd9-photos.leclercdrive.fr/image.ashx?id=2890923&use=l&cat=p&typeid=i","cat":305149},{"id":43555,"n":"Terrine morvandelle Morvan au marc de Bourgogne 180g","p":2.92,"u":"16,22 €/KG","img":"https://fd9-photos.leclercdrive.fr/image.ashx?id=2890911&use=l&cat=p&typeid=i","cat":305149},{"id":43557,"n":"Terrine de canard Morvan 180g","p":2.96,"u":"16,44 €/KG","img":"https://fd9-photos.leclercdrive.fr/image.ashx?id=2890914&use=l&cat=p&typeid=i","cat":305149},{"id":43559,"n":"Terrine de lapin Morvan 180g","p":2.89,"u":"16,06 €/KG","img":"https://fd9-photos.leclercdrive.fr/image.ashx?id=801053&use=l&cat=p&typeid=i","cat":305149},{"id":43560,"n":"Rillettes de volaille Morvan 180g","p":3.66,"u":"20,33 €/KG","img":"https://fd9-photos.leclercdrive.fr/image.ashx?id=2890932&use=l&cat=p&typeid=i","cat":305149},{"id":43562,"n":"Terrine de sanglier Morvan au marc de Bourgogne 180g","p":2.97,"u":"16,50 €/KG","img":"https://fd9-photos.leclercdrive.fr/image.ashx?id=2890917&use=l&cat=p&typeid=i","cat":305149},{"id":43563,"n":"Terrine de chevreuil Morvan au vin de Bourgogne 180g","p":3.09,"u":"17,17 €/KG","img":"https://fd9-photos.leclercdrive.fr/image.ashx?id=2890920&use=l&cat=p&typeid=i","cat":305149},{"id":43564,"n":"Terrine de pintade Morvan aux raisins 180g","p":2.89,"u":"16,06 €/KG","img":"https://fd9-photos.leclercdrive.fr/image.ashx?id=2890929&use=l&cat=p&typeid=i","cat":305149},{"id":43565,"n":"Fromage de tête Morvan 350g","p":4.15,"u":"11,86 €/KG","img":"https://fd9-photos.leclercdrive.fr/image.ashx?id=2890938&use=l&cat=p&typeid=i","cat":305149},{"id":43617,"n":"Poivre gris moulu Ducros Classique - 36g","p":1.35,"u":"37,50 €/KG","img":"https://fd9-photos.leclercdrive.fr/image.ashx?id=2559475&use=l&cat=p&typeid=i","cat":284457},{"id":43618,"n":"Flocons d'avoine Quaker Oats 550g","p":1.76,"u":"3,20 €/KG","img":"https://fd9-photos.leclercdrive.fr/image.ashx?id=2140656&use=l&cat=p&typeid=i","cat":309512},{"id":43621,"n":"Liquide vaisselle Uni vert Ecologique PSS 500ml","p":1.15,"u":"2,30 €/L","img":"https://fd9-photos.leclercdrive.fr/image.ashx?id=2999508&use=l&cat=p&typeid=i","cat":284655},{"id":43693,"n":"Couches Mots d'Enfants Activ+ T3 : 4/9kg - x47 changes","p":14.35,"u":"0,31 €/P","img":"https://fd9-photos.leclercdrive.fr/image.ashx?id=2699486&use=l&cat=p&typeid=i","cat":284737},{"id":43718,"n":"Croquettes chat Whiskas Stérilisé saumon - 1,75kg","p":5.17,"u":"2,95 €/KG","img":"https://fd9-photos.leclercdrive.fr/image.ashx?id=2915597&use=l&cat=p&typeid=i","cat":284680},{"id":43719,"n":"Croquettes chat Whiskas Stérilisé poulet - 1.75kg","p":5.22,"u":"2,98 €/KG","img":"https://fd9-photos.leclercdrive.fr/image.ashx?id=2952872&use=l&cat=p&typeid=i","cat":284680},{"id":43758,"n":"AOP Brouilly vin rouge Antoine Barrier - 75cl","p":6.79,"u":"9,05 €/L","img":"https://fd9-photos.leclercdrive.fr/image.ashx?id=2728258&use=l&cat=p&typeid=i","cat":289556},{"id":43771,"n":"Spray démelant  200ml","p":2.55,"u":"12,75 €/L","img":"https://fd9-photos.leclercdrive.fr/image.ashx?id=2712986&use=l&cat=p&typeid=i","cat":284608},{"id":43778,"n":"Morceaux de thon Listao Eco+ 130g","p":0.99,"u":"7,62 €/KG","img":"https://fd9-photos.leclercdrive.fr/image.ashx?id=2698141&use=l&cat=p&typeid=i","cat":303867},{"id":43781,"n":"Céréales Extra Kellogg's Chocolat Noir Noisettes - 800g","p":4.82,"u":"6,03 €/KG","img":"https://fd9-photos.leclercdrive.fr/image.ashx?id=2775026&use=l&cat=p&typeid=i","cat":309512},{"id":43818,"n":"Pralines Raffaello Noix de coco amandes x30 - 300g","p":9.47,"u":"31,57 €/KG","img":"https://fd9-photos.leclercdrive.fr/image.ashx?id=2922197&use=l&cat=p&typeid=i","cat":327595},{"id":43844,"n":"Friandises chats Tous mes amis Sticks au Poulet - 3x5g - 15g","p":0.56,"u":"37,33 €/KG","img":"https://fd9-photos.leclercdrive.fr/image.ashx?id=2858986&use=l&cat=p&typeid=i","cat":285285},{"id":43845,"n":"Friandises chats Tous mes amis Sticks au Saumon  - 3x5g - 15g","p":0.56,"u":"37,33 €/KG","img":"https://fd9-photos.leclercdrive.fr/image.ashx?id=2858989&use=l&cat=p&typeid=i","cat":285285},{"id":43924,"n":"AOP Vin blanc italien  Prosecco Vilaveroni 75cl","p":7.29,"u":"9,72 €/L","img":"https://fd9-photos.leclercdrive.fr/image.ashx?id=2492351&use=l&cat=p&typeid=i","cat":289461},{"id":44081,"n":"Eau aromatisée Volvic Juicy Fraise - 1,5L","p":1.38,"u":"0,92 €/L","img":"https://fd9-photos.leclercdrive.fr/image.ashx?id=2964664&use=l&cat=p&typeid=i","cat":284537},{"id":44082,"n":"Eau aromatisée Volvic juicy Fruits exotiques - 1,5L","p":1.43,"u":"0,95 €/L","img":"https://fd9-photos.leclercdrive.fr/image.ashx?id=2964667&use=l&cat=p&typeid=i","cat":284537},{"id":44083,"n":"Eau gazeuse  Badoit verte finement pétillante - 6x1l","p":3.43,"u":"0,57 €/L","img":"https://fd9-photos.leclercdrive.fr/image.ashx?id=2919259&use=l&cat=p&typeid=i","cat":284536},{"id":44085,"n":"Petit quatre quarts Bonne Maman x10 - 300g","p":3.04,"u":"10,13 €/KG","img":"https://fd9-photos.leclercdrive.fr/image.ashx?id=2936149&use=l&cat=p&typeid=i","cat":284492},{"id":44090,"n":"AOP Monbazillac vin blanc Moelleux Terrasses d'Autan-75cl","p":6.99,"u":"9,32 €/L","img":"https://fd9-photos.leclercdrive.fr/image.ashx?id=2756873&use=l&cat=p&typeid=i","cat":289557},{"id":44095,"n":"Bière blonde Leffe 6,6% - 75cl","p":2.49,"u":"3,32 €/L","img":"https://fd9-photos.leclercdrive.fr/image.ashx?id=1720789&use=l&cat=p&typeid=i","cat":334852},{"id":44096,"n":"Fond pour rotis 110g","p":2.16,"u":"19,64 €/KG","img":"https://fd9-photos.leclercdrive.fr/image.ashx?id=2970453&use=l&cat=p&typeid=i","cat":288379},{"id":44168,"n":"Guacamole en pot 300g","p":1.75,"u":"5,83 €/KG","img":"https://fd9-photos.leclercdrive.fr/image.ashx?id=2466072&use=l&cat=p&typeid=i","cat":288993},{"id":44171,"n":"6 wraps de blé nature 370g","p":1.95,"u":"5,27 €/KG","img":"https://fd9-photos.leclercdrive.fr/image.ashx?id=2679741&use=l&cat=p&typeid=i","cat":288993},{"id":44174,"n":"Après-shampooing doux Nateis Cheveux secs - 250ml","p":1.35,"u":"5,40 €/KG","img":"https://fd9-photos.leclercdrive.fr/image.ashx?id=2626811&use=l&cat=p&typeid=i","cat":284607},{"id":44181,"n":"Poivrons grillés Florelli Antipasti - 280g","p":3.43,"u":"12,25 €/KG","img":"https://fd9-photos.leclercdrive.fr/image.ashx?id=2633091&use=l&cat=p&typeid=i","cat":289010},{"id":44183,"n":"Tortillas Old El Paso de blé nature x8 - 326g","p":2.46,"u":"7,55 €/KG","img":"https://fd9-photos.leclercdrive.fr/image.ashx?id=2737642&use=l&cat=p&typeid=i","cat":288993},{"id":44184,"n":"Kit fajitas Old El Paso Original doux - 500g","p":4.86,"u":"9,72 €/KG","img":"https://fd9-photos.leclercdrive.fr/image.ashx?id=2940576&use=l&cat=p&typeid=i","cat":288993},{"id":44185,"n":"Kit Burritos Old El Paso Original paprika doux - 510g","p":5.04,"u":"9,88 €/KG","img":"https://fd9-photos.leclercdrive.fr/image.ashx?id=2940579&use=l&cat=p&typeid=i","cat":288993},{"id":44195,"n":"Détachant avant lavage K2R  Action complète pistolet -750ml","p":3.14,"u":"4,19 €/L","img":"https://fd9-photos.leclercdrive.fr/image.ashx?id=2101180&use=l&cat=p&typeid=i","cat":284651},{"id":44197,"n":"Couches Activ+ Mots d'Enfants T4 : 7/18kg - x39 changes","p":12.89,"u":"0,33 €/P","img":"https://fd9-photos.leclercdrive.fr/image.ashx?id=2699489&use=l&cat=p&typeid=i","cat":284737},{"id":44278,"n":"Ravioli bolognaise Panzani - 400g","p":2.59,"u":"6,48 €/KG","img":"https://fd9-photos.leclercdrive.fr/image.ashx?id=2876059&use=l&cat=p&typeid=i","cat":284442},{"id":44279,"n":"Fromage apéritif Apericube Panier de campagne 24 cubes","p":2.39,"u":"19,12 €/KG","img":"https://fd9-photos.leclercdrive.fr/image.ashx?id=2882656&use=l&cat=p&typeid=i","cat":314027},{"id":44285,"n":"Thon cuisiné Saupiquet  sauce catalane 1/6 2x135g","p":2.2,"u":"8,15 €/KG","img":"https://fd9-photos.leclercdrive.fr/image.ashx?id=2731549&use=l&cat=p&typeid=i","cat":303867},{"id":44293,"n":"Emmental râpé  Entremont  français 160g","p":1.81,"u":"11,31 €/KG","img":"https://fd9-photos.leclercdrive.fr/image.ashx?id=2983153&use=l&cat=p&typeid=i","cat":314035},{"id":44296,"n":"Fromage Rouy 25%mg - 200g","p":3.17,"u":"15,85 €/KG","img":"https://fd9-photos.leclercdrive.fr/image.ashx?id=2450814&use=l&cat=p&typeid=i","cat":329558},{"id":44298,"n":"L'Ortolan familial  Fromagerie Milleret-  330g","p":3.28,"u":"9,94 €/KG","img":"https://fd9-photos.leclercdrive.fr/image.ashx?id=2226400&use=l&cat=p&typeid=i","cat":314033},{"id":44299,"n":"Fromage à Tartiner Tartare  Ail et fines herbes - 250g","p":2.78,"u":"11,12 €/KG","img":"https://fd9-photos.leclercdrive.fr/image.ashx?id=2903170&use=l&cat=p&typeid=i","cat":314029},{"id":44300,"n":"Mini bûches de chèvre Soignon x6 - 150g","p":2.91,"u":"19,40 €/KG","img":"https://fd9-photos.leclercdrive.fr/image.ashx?id=2646560&use=l&cat=p&typeid=i","cat":314030},{"id":44307,"n":"Fromage Tomme noire NRT IGP  des Pyrénées - 200g","p":2.45,"u":"12,25 €/KG","img":"https://fd9-photos.leclercdrive.fr/image.ashx?id=2849596&use=l&cat=p&typeid=i","cat":329184},{"id":44327,"n":"Vin Union Européenne rosé Le Tonnelier - BIB 5L","p":8.78,"u":"1,76 €/L","img":"https://fd9-photos.leclercdrive.fr/image.ashx?id=2107474&use=l&cat=p&typeid=i","cat":289560},{"id":44354,"n":"Préfou chorizo Paso 350g","p":4.09,"u":"11,69 €/KG","img":"https://fd9-photos.leclercdrive.fr/image.ashx?id=2332627&use=l&cat=p&typeid=i","cat":316003},{"id":44355,"n":"Sandwich Baguette Mega Viennois  Sodebo Poulet Œuf - 270g","p":1.7,"u":"6,30 €/KG","img":"https://fd9-photos.leclercdrive.fr/image.ashx?id=2732392&use=l&cat=p&typeid=i","cat":333658},{"id":44356,"n":"Sauce Beurre citronné Gastromer 200g","p":1.44,"u":"7,20 €/KG","img":"https://fd9-photos.leclercdrive.fr/image.ashx?id=2504656&use=l&cat=p&typeid=i","cat":284382},{"id":44357,"n":"Sauce Hollandaise Gastromer Gastronomie de la mer - 200g","p":1.41,"u":"7,05 €/KG","img":"https://fd9-photos.leclercdrive.fr/image.ashx?id=2504659&use=l&cat=p&typeid=i","cat":284382},{"id":44361,"n":"Chocolat Pâtissier Nestlé Dessert : Noir - 205g","p":3.01,"u":"14,68 €/KG","img":"https://fd9-photos.leclercdrive.fr/image.ashx?id=2938920&use=l&cat=p&typeid=i","cat":285562},{"id":44434,"n":"Nectar Bio Pressade Multifruits - 1,5L","p":2.27,"u":"1,51 €/L","img":"https://fd9-photos.leclercdrive.fr/image.ashx?id=2732533&use=l&cat=p&typeid=i","cat":284917},{"id":44445,"n":"Wraps Old El Paso de blé nature x6 - 350g","p":2.31,"u":"6,60 €/KG","img":"https://fd9-photos.leclercdrive.fr/image.ashx?id=2737645&use=l&cat=p&typeid=i","cat":288993},{"id":44469,"n":"Mousse de canard Tradilège 150g","p":1.52,"u":"10,13 €/KG","img":"https://fd9-photos.leclercdrive.fr/image.ashx?id=2840416&use=l&cat=p&typeid=i","cat":316008},{"id":44475,"n":"Saucisson ail fumé Tradilège au porc 16tranches 150g","p":2.21,"u":"14,73 €/KG","img":"https://fd9-photos.leclercdrive.fr/image.ashx?id=2933355&use=l&cat=p&typeid=i","cat":316006},{"id":44568,"n":"Oeufs frais De Nos Régions  Oméga 3 - Plein Air - x12","p":2.88,"u":"0,24 €/P","img":"https://fd9-photos.leclercdrive.fr/image.ashx?id=2969788&use=l&cat=p&typeid=i","cat":284378},{"id":44578,"n":"Madeleines Saint Michel Pépites chocolat 400g","p":1.98,"u":"4,95 €/KG","img":"https://fd9-photos.leclercdrive.fr/image.ashx?id=2936200&use=l&cat=p&typeid=i","cat":284492},{"id":44657,"n":"Bière blonde Leffe Rituel 9% - 12x25cl","p":9.22,"u":"3,07 €/L","img":"https://fd9-photos.leclercdrive.fr/image.ashx?id=2548288&use=l&cat=p&typeid=i","cat":334852},{"id":44706,"n":"Palets bretons P'tit Déli 2x125g","p":1.84,"u":"7,36 €/KG","img":"https://fd9-photos.leclercdrive.fr/image.ashx?id=2820134&use=l&cat=p&typeid=i","cat":284487},{"id":44732,"n":"Brunoise Notre Jardin méditerranéens 600g","p":3.41,"u":"5,68 €/KG","img":"https://fd9-photos.leclercdrive.fr/image.ashx?id=2873150&use=l&cat=p&typeid=i","cat":319823},{"id":44739,"n":"Choux fleurs Notre Jardin  cuits 750g","p":1.74,"u":"2,32 €/KG","img":"https://fd9-photos.leclercdrive.fr/image.ashx?id=1857621&use=l&cat=p&typeid=i","cat":319805},{"id":44745,"n":"Mini boulettes au boeuf Férial  x50 - 750g","p":6.99,"u":"9,32 €/KG","img":"https://fd9-photos.leclercdrive.fr/image.ashx?id=2966511&use=l&cat=p&typeid=i","cat":319779},{"id":44746,"n":"Glace Mystère Extrême Vanille Meringue x4 308.6g","p":5.44,"u":"17,61 €/KG","img":"https://fd9-photos.leclercdrive.fr/image.ashx?id=2878375&use=l&cat=p&typeid=i","cat":284266},{"id":44748,"n":"Purée de carottes Notre Jardin potirons 750g","p":2.62,"u":"3,49 €/KG","img":"https://fd9-photos.leclercdrive.fr/image.ashx?id=2856190&use=l&cat=p&typeid=i","cat":319805},{"id":44768,"n":"Fromage râpé spécial Gratin  Les Croisés - 150g","p":2.19,"u":"14,60 €/KG","img":"https://fd9-photos.leclercdrive.fr/image.ashx?id=2897796&use=l&cat=p&typeid=i","cat":314035},{"id":44770,"n":"Steak haché Férial  5%mg x4 - 400g","p":6.99,"u":"17,48 €/KG","img":"https://fd9-photos.leclercdrive.fr/image.ashx?id=3004663&use=l&cat=p&typeid=i","cat":319778},{"id":44865,"n":"Dessert fruits mixés Sojasun Abricot / Goyave - 4x100g","p":1.64,"u":"4,10 €/KG","img":"https://fd9-photos.leclercdrive.fr/image.ashx?id=2355668&use=l&cat=p&typeid=i","cat":316071},{"id":44884,"n":"Soupe Mouliné Bio Village Bio - Légumes variés - 1L","p":1.97,"u":"1,97 €/L","img":"https://fd9-photos.leclercdrive.fr/image.ashx?id=2376115&use=l&cat=p&typeid=i","cat":284462},{"id":44910,"n":"Crème dessert La Laitière Pot de crème chocolat - 8x100g","p":4.2,"u":"5,25 €/KG","img":"https://fd9-photos.leclercdrive.fr/image.ashx?id=2692116&use=l&cat=p&typeid=i","cat":285041},{"id":44911,"n":"Crème dessert La Laitière Pot de crème vanille - 8x100g","p":4.2,"u":"5,25 €/KG","img":"https://fd9-photos.leclercdrive.fr/image.ashx?id=2692119&use=l&cat=p&typeid=i","cat":285041},{"id":44934,"n":"Beurre Elle&Vire Condé sur Vire Doux - 82% MG - 500g","p":5.84,"u":"11,68 €/KG","img":"https://fd9-photos.leclercdrive.fr/image.ashx?id=2833648&use=l&cat=p&typeid=i","cat":284379},{"id":44947,"n":"Pâtes Tagliatelle Panzani Qualité Pâtes Fraîche - 400G","p":1.72,"u":"4,30 €/KG","img":"https://fd9-photos.leclercdrive.fr/image.ashx?id=2872856&use=l&cat=p&typeid=i","cat":284427},{"id":44953,"n":"Pâtes Sans gluten Barilla Spaghetti - 400g","p":1.89,"u":"4,73 €/KG","img":"https://fd9-photos.leclercdrive.fr/image.ashx?id=2647639&use=l&cat=p&typeid=i","cat":284427},{"id":44954,"n":"Pâtes Sans gluten Barilla Penne Rigate - 400g","p":1.91,"u":"4,78 €/KG","img":"https://fd9-photos.leclercdrive.fr/image.ashx?id=2975461&use=l&cat=p&typeid=i","cat":284427},{"id":44964,"n":"Alèses absorbantes Chorys 60x90cm - x16","p":6.99,"u":"0,44 €/P","img":"https://fd9-photos.leclercdrive.fr/image.ashx?id=2860076&use=l&cat=p&typeid=i","cat":284628},{"id":44967,"n":"Culottes bébé Mots d'Enfants  T5 : 12/18kg - x20 changes","p":5.45,"u":"0,27 €/P","img":"https://fd9-photos.leclercdrive.fr/image.ashx?id=2904580&use=l&cat=p&typeid=i","cat":290633},{"id":44968,"n":"Culottes bébé Mots d'Enfants  T6 : 16kg - x18 changes","p":4.99,"u":"0,28 €/P","img":"https://fd9-photos.leclercdrive.fr/image.ashx?id=2907201&use=l&cat=p&typeid=i","cat":290633},{"id":44980,"n":"Gel lave-vaisselle Visior Classique x75 - 1,5L","p":4.75,"u":"3,17 €/L","img":"https://fd9-photos.leclercdrive.fr/image.ashx?id=2939061&use=l&cat=p&typeid=i","cat":284656},{"id":44982,"n":"Papier toilette Lotus Just.1 Rouleaux blancs - x6","p":3.81,"u":"0,64 €/P","img":"https://fd9-photos.leclercdrive.fr/image.ashx?id=2842915&use=l&cat=p&typeid=i","cat":284634},{"id":45005,"n":"Fond de veau Rustica dégraissé 100g","p":2.18,"u":"21,80 €/KG","img":"https://fd9-photos.leclercdrive.fr/image.ashx?id=2979571&use=l&cat=p&typeid=i","cat":288379},{"id":45009,"n":"Cacahuètes grillées Tokapi salées 3x120g","p":1.49,"u":"4,14 €/KG","img":"https://fd9-photos.leclercdrive.fr/image.ashx?id=2799769&use=l&cat=p&typeid=i","cat":284448},{"id":45015,"n":"Biscuits P'tit Déli Pépites de chocolat 300g","p":2.49,"u":"8,30 €/KG","img":"https://fd9-photos.leclercdrive.fr/image.ashx?id=2390425&use=l&cat=p&typeid=i","cat":284487},{"id":45029,"n":"AOP Vin blanc Muscadet Sèvre & Maine sur Lie - 75cl","p":4.19,"u":"5,59 €/L","img":"https://fd9-photos.leclercdrive.fr/image.ashx?id=2750147&use=l&cat=p&typeid=i","cat":289557},{"id":45035,"n":"AOP Alsace Riesling vin blanc Rebmann - 75 cl","p":4.85,"u":"6,47 €/L","img":"https://fd9-photos.leclercdrive.fr/image.ashx?id=2754213&use=l&cat=p&typeid=i","cat":289557},{"id":45038,"n":"AOP Côtes du Rhône vin rouge Grégoire XI - 75 cl","p":2.99,"u":"3,99 €/L","img":"https://fd9-photos.leclercdrive.fr/image.ashx?id=2709701&use=l&cat=p&typeid=i","cat":289556},{"id":45050,"n":"AOP Bourgogne Pinot noir vin rouge Antoine Barrier - 75cl","p":7.99,"u":"10,65 €/L","img":"https://fd9-photos.leclercdrive.fr/image.ashx?id=2694106&use=l&cat=p&typeid=i","cat":289556},{"id":45052,"n":"Velouté Régal Soupe Potiron Châtaigne - 1L","p":2.46,"u":"2,46 €/L","img":"https://fd9-photos.leclercdrive.fr/image.ashx?id=2607569&use=l&cat=p&typeid=i","cat":284462},{"id":45101,"n":"Carrés de soin Mots d'Enfants Bébés - x100","p":1.99,"u":"0,02 €/P","img":"https://fd9-photos.leclercdrive.fr/image.ashx?id=3014245&use=l&cat=p&typeid=i","cat":284739},{"id":45102,"n":"Culottes bébé Mots d'Enfants  T4 : 8/15kg - x22 changes","p":5.35,"u":"0,24 €/P","img":"https://fd9-photos.leclercdrive.fr/image.ashx?id=2907198&use=l&cat=p&typeid=i","cat":290633},{"id":45138,"n":"Biscuits Bio Bjorg complets P'tit nature - 200g","p":1.62,"u":"8,10 €/KG","img":"https://fd9-photos.leclercdrive.fr/image.ashx?id=2906157&use=l&cat=p&typeid=i","cat":284487},{"id":45197,"n":"Quinoa boulghour  Céréal Bio  à l'Indienne bio -220g","p":2.34,"u":"10,64 €/KG","img":"https://fd9-photos.leclercdrive.fr/image.ashx?id=2574068&use=l&cat=p&typeid=i","cat":287600},{"id":45217,"n":"Galette  Céréal Bio  Bio riz légumes Colombo x2 200g","p":3.0,"u":"15,00 €/KG","img":"https://fd9-photos.leclercdrive.fr/image.ashx?id=2573510&use=l&cat=p&typeid=i","cat":284953},{"id":45319,"n":"Pineau blanc Charentes NRT  17% vol - 75cl","p":7.95,"u":"10,60 €/L","img":"https://fd9-photos.leclercdrive.fr/image.ashx?id=2679804&use=l&cat=p&typeid=i","cat":284913},{"id":45340,"n":"Tartine  Céréal Bio  Bio multicéréales - 145g","p":1.55,"u":"10,69 €/KG","img":"https://fd9-photos.leclercdrive.fr/image.ashx?id=2810795&use=l&cat=p&typeid=i","cat":284479},{"id":45355,"n":"Thé vert Bio Clipper Au Citron - 20 sachets - 35g","p":2.19,"u":"62,57 €/KG","img":"https://fd9-photos.leclercdrive.fr/image.ashx?id=2922089&use=l&cat=p&typeid=i","cat":293233},{"id":45382,"n":"Déodorant Spray Femme Nivea Protect & Care - 200ml","p":2.69,"u":"13,45 €/L","img":"https://fd9-photos.leclercdrive.fr/image.ashx?id=2869188&use=l&cat=p&typeid=i","cat":284595},{"id":45452,"n":"Pâtes Spaghetti plat Panzani 1kg","p":2.04,"u":"2,04 €/KG","img":"https://fd9-photos.leclercdrive.fr/image.ashx?id=2876071&use=l&cat=p&typeid=i","cat":284427},{"id":45457,"n":"Mogette sèche IGP NRT De Vendée - 500g","p":3.09,"u":"6,18 €/KG","img":"https://fd9-photos.leclercdrive.fr/image.ashx?id=2771411&use=l&cat=p&typeid=i","cat":284430},{"id":45480,"n":"Nettoyant menthe Dentamyl Appareils dentaires x36","p":2.19,"img":"https://fd9-photos.leclercdrive.fr/image.ashx?id=2486802&use=l&cat=p&typeid=i","cat":285158},{"id":45483,"n":"Pastilles javel Clair Parfum Menthe x42 - 168g","p":1.44,"u":"8,57 €/KG","img":"https://fd9-photos.leclercdrive.fr/image.ashx?id=2631447&use=l&cat=p&typeid=i","cat":284661},{"id":45498,"n":"Sacs poubelle 30L Elembal Ultra resist - x20","p":3.25,"u":"0,16 €/P","img":"https://fd9-photos.leclercdrive.fr/image.ashx?id=2958729&use=l&cat=p&typeid=i","cat":285168},{"id":45499,"n":"Sacs poubelle 50L Elembal Ultra résist - x15","p":3.9,"u":"0,26 €/P","img":"https://fd9-photos.leclercdrive.fr/image.ashx?id=2958732&use=l&cat=p&typeid=i","cat":285168},{"id":45500,"n":"Sacs poubelle 100L Elembal Ultra résist - x10","p":3.73,"u":"0,37 €/P","img":"https://fd9-photos.leclercdrive.fr/image.ashx?id=2958735&use=l&cat=p&typeid=i","cat":285168},{"id":45540,"n":"Pizza l'Ovale Sodebo Jambon et fromages - 200g","p":1.44,"u":"7,20 €/KG","img":"https://fd9-photos.leclercdrive.fr/image.ashx?id=2407211&use=l&cat=p&typeid=i","cat":333679},{"id":45541,"n":"Pizza l'Ovale Sodebo 3 fromages fondants - 200g","p":1.39,"u":"6,95 €/KG","img":"https://fd9-photos.leclercdrive.fr/image.ashx?id=2723644&use=l&cat=p&typeid=i","cat":333679},{"id":45576,"n":"Fromage raclette Les Croisés  Nature et fumé 400g","p":5.34,"u":"13,35 €/KG","img":"https://fd9-photos.leclercdrive.fr/image.ashx?id=2793233&use=l&cat=p&typeid=i","cat":314037},{"id":45642,"n":"Ratatouille Cuisinée Cassegrain à la Provençale 185g","p":1.84,"u":"9,95 €/KG","img":"https://fd9-photos.leclercdrive.fr/image.ashx?id=2913007&use=l&cat=p&typeid=i","cat":312612},{"id":45708,"n":"Yaourt à boire Mini Yop Aromatisé Fraise - 8x100g","p":2.3,"u":"2,88 €/KG","img":"https://fd9-photos.leclercdrive.fr/image.ashx?id=2985159&use=l&cat=p&typeid=i","cat":284415},{"id":45710,"n":"Fromage Burger cheddar/emmental Président - 20 tranches - 340g","p":2.62,"u":"7,71 €/KG","img":"https://fd9-photos.leclercdrive.fr/image.ashx?id=2628239&use=l&cat=p&typeid=i","cat":314028},{"id":45711,"n":"Fromage Croque emmental Président - 20 tranches - 340g","p":2.88,"u":"8,47 €/KG","img":"https://fd9-photos.leclercdrive.fr/image.ashx?id=2838163&use=l&cat=p&typeid=i","cat":314028},{"id":45715,"n":"Mimolette Isigny Ste Mère Demi-vieille - 210g","p":3.31,"u":"15,76 €/KG","img":"https://fd9-photos.leclercdrive.fr/image.ashx?id=1745234&use=l&cat=p&typeid=i","cat":314034},{"id":45723,"n":"Langue de porc Jean Brient 3 tranches - 200g","p":4.94,"u":"24,70 €/KG","img":"https://fd9-photos.leclercdrive.fr/image.ashx?id=2510858&use=l&cat=p&typeid=i","cat":284331},{"id":45826,"n":"Brosse à dents pro Dentamyl Médium x2","p":0.65,"u":"0,33 €/P","img":"https://fd9-photos.leclercdrive.fr/image.ashx?id=2790982&use=l&cat=p&typeid=i","cat":284614},{"id":45867,"n":"Crème dessert Mont Blanc Coupelles Chocolat - 4x125g","p":3.23,"u":"6,46 €/KG","img":"https://fd9-photos.leclercdrive.fr/image.ashx?id=2961104&use=l&cat=p&typeid=i","cat":284506},{"id":45868,"n":"Crème dessert Mont Blanc Coupelles Vanille - 4x125g","p":3.24,"u":"6,48 €/KG","img":"https://fd9-photos.leclercdrive.fr/image.ashx?id=2967301&use=l&cat=p&typeid=i","cat":284506},{"id":45870,"n":"Vinaigre ménager Clair 100% naturel - 1L","p":1.08,"u":"1,08 €/L","img":"https://fd9-photos.leclercdrive.fr/image.ashx?id=2779199&use=l&cat=p&typeid=i","cat":325365},{"id":45889,"n":"Nouilles Chinoises aux légumes Tradition d'Asie - 400g","p":4.26,"u":"10,65 €/KG","img":"https://fd9-photos.leclercdrive.fr/image.ashx?id=2504467&use=l&cat=p&typeid=i","cat":333673},{"id":45908,"n":"Biscuits fourrés Prince Chocolat - 3x300g","p":3.67,"u":"4,08 €/KG","img":"https://fd9-photos.leclercdrive.fr/image.ashx?id=3014641&use=l&cat=p&typeid=i","cat":284488},{"id":45909,"n":"Whisky Ballantine's 12 ans Blended Scotch 40% vol - 70cl","p":27.55,"u":"39,36 €/L","img":"https://fd9-photos.leclercdrive.fr/image.ashx?id=2957659&use=l&cat=p&typeid=i","cat":284547},{"id":45914,"n":"Caramel beurre salé NRT De Guérande -200g","p":3.29,"u":"16,45 €/KG","img":"https://fd9-photos.leclercdrive.fr/image.ashx?id=2771408&use=l&cat=p&typeid=i","cat":284481},{"id":45965,"n":"Saucisses Knacki Herta Poulet x6 - 210g","p":1.61,"u":"7,67 €/KG","img":"https://fd9-photos.leclercdrive.fr/image.ashx?id=2290428&use=l&cat=p&typeid=i","cat":316012},{"id":46000,"n":"Jus innocent  orange avec pulpe 1.35L","p":2.95,"u":"2,19 €/L","img":"https://fd9-photos.leclercdrive.fr/image.ashx?id=2888527&use=l&cat=p&typeid=i","cat":285435},{"id":46001,"n":"Jus innocent  orange sans pulpe 1.35L","p":3.41,"u":"2,53 €/L","img":"https://fd9-photos.leclercdrive.fr/image.ashx?id=2891238&use=l&cat=p&typeid=i","cat":285435},{"id":46016,"n":"Chocolat Pâtissier Tablette dOr Chocolat Noir - 3x200g","p":5.35,"u":"8,92 €/KG","img":"https://fd9-photos.leclercdrive.fr/image.ashx?id=2958519&use=l&cat=p&typeid=i","cat":285562},{"id":46028,"n":"IGP Pays d'Oc Rosé Grenache Cinsault JP Chenet 12.5% BIB 3L","p":10.42,"u":"3,47 €/L","img":"https://fd9-photos.leclercdrive.fr/image.ashx?id=2941715&use=l&cat=p&typeid=i","cat":289560},{"id":46037,"n":"Biscottes Toast Pelletier  Goût brioché - 150g","p":1.34,"u":"8,93 €/KG","img":"https://fd9-photos.leclercdrive.fr/image.ashx?id=1888023&use=l&cat=p&typeid=i","cat":284479},{"id":46047,"n":"Sirop d'érable  250g","p":3.3,"u":"13,20 €/KG","img":"https://fd9-photos.leclercdrive.fr/image.ashx?id=2480298&use=l&cat=p&typeid=i","cat":287643},{"id":46051,"n":"Menus chat Tous mes amis Viande menus gourmands 24x100g","p":6.95,"u":"2,90 €/KG","img":"https://fd9-photos.leclercdrive.fr/image.ashx?id=2027607&use=l&cat=p&typeid=i","cat":285286},{"id":46052,"n":"Gelée pour chat Tous mes amis Poisson menus gourmands 24x100g","p":6.95,"u":"2,90 €/KG","img":"https://fd9-photos.leclercdrive.fr/image.ashx?id=2027604&use=l&cat=p&typeid=i","cat":285286},{"id":46166,"n":"Crackers bio Bio Village 3 graines - 200g","p":2.69,"u":"13,45 €/KG","img":"https://fd9-photos.leclercdrive.fr/image.ashx?id=2310504&use=l&cat=p&typeid=i","cat":297000},{"id":46224,"n":"Friandises chien Pedigree Récompense bœuf fromage - 140g","p":1.72,"u":"12,29 €/KG","img":"https://fd9-photos.leclercdrive.fr/image.ashx?id=2256203&use=l&cat=p&typeid=i","cat":294527},{"id":46462,"n":"Mini coudes Turini 500g","p":0.99,"u":"1,98 €/KG","img":"https://fd9-photos.leclercdrive.fr/image.ashx?id=2607566&use=l&cat=p&typeid=i","cat":284427},{"id":46473,"n":"Rhum blanc Trois Rivières 40% vol - 70cl","p":12.16,"u":"17,37 €/L","img":"https://fd9-photos.leclercdrive.fr/image.ashx?id=2766334&use=l&cat=p&typeid=i","cat":284550},{"id":46525,"n":"Brosse à dents pro Dentamyl Souple x1","p":1.32,"img":"https://fd9-photos.leclercdrive.fr/image.ashx?id=2790985&use=l&cat=p&typeid=i","cat":284614},{"id":46667,"n":"Monster Munch Salé - 135g","p":1.37,"u":"10,15 €/KG","img":"https://fd9-photos.leclercdrive.fr/image.ashx?id=2996935&use=l&cat=p&typeid=i","cat":284449},{"id":46703,"n":"Spray désodorisant Airwick  Pure Douceur de Coton - 250ml","p":2.86,"u":"11,44 €/L","img":"https://fd9-photos.leclercdrive.fr/image.ashx?id=2858600&use=l&cat=p&typeid=i","cat":311626},{"id":46848,"n":"Emmental Président Sel réduit 30% - 200g","p":3.06,"u":"15,30 €/KG","img":"https://fd9-photos.leclercdrive.fr/image.ashx?id=2833363&use=l&cat=p&typeid=i","cat":314034},{"id":46901,"n":"Paella Valenciana 1,2kg","p":10.84,"u":"9,03 €/KG","img":"https://fd9-photos.leclercdrive.fr/image.ashx?id=1925138&use=l&cat=p&typeid=i","cat":333666},{"id":46907,"n":"Chipolatas Socopa Façon charcutière x12 - 660g","p":7.23,"u":"10,95 €/KG","img":"https://fd9-photos.leclercdrive.fr/image.ashx?id=2655835&use=l&cat=p&typeid=i","cat":284334},{"id":46982,"n":"Cookies gros éclats Granola Chocolat - 276g","p":2.2,"u":"7,97 €/KG","img":"https://fd9-photos.leclercdrive.fr/image.ashx?id=3005335&use=l&cat=p&typeid=i","cat":325066},{"id":46984,"n":"Café et Chicorée Soluble Ricoré  Original Recharge - 180g","p":3.75,"u":"20,83 €/KG","img":"https://fd9-photos.leclercdrive.fr/image.ashx?id=2980112&use=l&cat=p&typeid=i","cat":284843},{"id":47036,"n":"Litière chats Tranquille Végétale assainissant - 4L","p":5.05,"u":"1,26 €/L","img":"https://fd9-photos.leclercdrive.fr/image.ashx?id=2421868&use=l&cat=p&typeid=i","cat":284683},{"id":47080,"n":"Cordons Bleu poulet Le Gaulois 400g","p":3.71,"u":"9,28 €/KG","img":"https://fd9-photos.leclercdrive.fr/image.ashx?id=2860232&use=l&cat=p&typeid=i","cat":333683},{"id":47084,"n":"Croq pizza Le Gaulois x2 - 200g","p":2.5,"u":"12,50 €/KG","img":"https://fd9-photos.leclercdrive.fr/image.ashx?id=2342836&use=l&cat=p&typeid=i","cat":333683},{"id":47127,"n":"Bière Red Desperados 5.9%vol. - 6x33cl","p":9.19,"u":"4,64 €/L","img":"https://fd9-photos.leclercdrive.fr/image.ashx?id=2766229&use=l&cat=p&typeid=i","cat":334878},{"id":47128,"n":"Vin Union Européenne rouge Le Tonnelier - BIB 5L","p":8.78,"u":"1,76 €/L","img":"https://fd9-photos.leclercdrive.fr/image.ashx?id=2107468&use=l&cat=p&typeid=i","cat":289560},{"id":47132,"n":"IGP Pays d'Oc blanc Les Ormes De Cambras Sauvignon 12% BIB 5L","p":16.42,"u":"3,28 €/L","img":"https://fd9-photos.leclercdrive.fr/image.ashx?id=2192389&use=l&cat=p&typeid=i","cat":289557},{"id":47169,"n":"Sacs poubelle 10L Elembal Salle de bain - x20","p":0.8,"u":"0,04 €/P","img":"https://fd9-photos.leclercdrive.fr/image.ashx?id=2793239&use=l&cat=p&typeid=i","cat":285168},{"id":47171,"n":"Papier toilette Eco+ x4","p":1.3,"u":"0,33 €/P","img":"https://fd9-photos.leclercdrive.fr/image.ashx?id=2408507&use=l&cat=p&typeid=i","cat":284634},{"id":47176,"n":"Déodorant Spray Femme Nivea Black&White Original - 200ml","p":2.65,"u":"13,25 €/L","img":"https://fd9-photos.leclercdrive.fr/image.ashx?id=2980031&use=l&cat=p&typeid=i","cat":284595},{"id":47180,"n":"Gel douche enfant Tahiti Fruits exotiques - 300ml","p":1.92,"u":"6,40 €/L","img":"https://fd9-photos.leclercdrive.fr/image.ashx?id=2687332&use=l&cat=p&typeid=i","cat":284594},{"id":47181,"n":"Essuie-tout compact 3=9 Eco+ x3","p":2.27,"u":"0,76 €/P","img":"https://fd9-photos.leclercdrive.fr/image.ashx?id=2741282&use=l&cat=p&typeid=i","cat":284635},{"id":47254,"n":"Pâtes Coudes Rayés Turini 1kg","p":1.73,"u":"1,73 €/KG","img":"https://fd9-photos.leclercdrive.fr/image.ashx?id=2980809&use=l&cat=p&typeid=i","cat":284427},{"id":47255,"n":"Pâtes linguine Turini  500g","p":0.91,"u":"1,82 €/KG","img":"https://fd9-photos.leclercdrive.fr/image.ashx?id=2607554&use=l&cat=p&typeid=i","cat":284427},{"id":47256,"n":"Pâtes Farfalles Turini  1kg","p":1.2,"u":"1,20 €/KG","img":"https://fd9-photos.leclercdrive.fr/image.ashx?id=2665574&use=l&cat=p&typeid=i","cat":284427},{"id":47258,"n":"Pâtes coquillettes Turini Blé complet  - 500g","p":1.09,"u":"2,18 €/KG","img":"https://fd9-photos.leclercdrive.fr/image.ashx?id=2607563&use=l&cat=p&typeid=i","cat":284427},{"id":47358,"n":"Sandwich Mega Club  Complet Jambon Emmental - 230g","p":2.13,"u":"9,26 €/KG","img":"https://fd9-photos.leclercdrive.fr/image.ashx?id=2959928&use=l&cat=p&typeid=i","cat":333658},{"id":47359,"n":"Sandwich Mega Club Sodebo  Pain Complet Poulet Mayo - 230g","p":1.86,"u":"8,09 €/KG","img":"https://fd9-photos.leclercdrive.fr/image.ashx?id=2960156&use=l&cat=p&typeid=i","cat":333658},{"id":47360,"n":"Fromage à tartiner Madame Loïk Fouetté Ail Fines Herbes - 150g","p":1.78,"u":"11,87 €/KG","img":"https://fd9-photos.leclercdrive.fr/image.ashx?id=2948021&use=l&cat=p&typeid=i","cat":314029},{"id":47361,"n":"Bûche de chèvre Président 250g","p":2.96,"u":"11,84 €/KG","img":"https://fd9-photos.leclercdrive.fr/image.ashx?id=2446647&use=l&cat=p&typeid=i","cat":314031},{"id":47382,"n":"Vin Union Européenne rouge Cramoisay - BIB 5L","p":13.8,"u":"2,76 €/L","img":"https://fd9-photos.leclercdrive.fr/image.ashx?id=2943861&use=l&cat=p&typeid=i","cat":289560},{"id":47397,"n":"Salade frisée Les Crudettes 100% coeurs - 200g","p":2.37,"u":"11,85 €/KG","img":"https://fd9-photos.leclercdrive.fr/image.ashx?id=1933278&use=l&cat=p&typeid=i","cat":284353},{"id":47470,"n":"Bouillon de poule Knorr x15 - 150g","p":1.19,"u":"7,93 €/KG","img":"https://fd9-photos.leclercdrive.fr/image.ashx?id=2940678&use=l&cat=p&typeid=i","cat":288379},{"id":47529,"n":"Vin mousseux de France Rosé J.P Chenet 11%vol - 75cl","p":5.33,"u":"7,11 €/L","img":"https://fd9-photos.leclercdrive.fr/image.ashx?id=2794472&use=l&cat=p&typeid=i","cat":284544},{"id":47542,"n":"Starmint Haribo Sachet bonbons menthe - 200g","p":1.39,"u":"6,95 €/KG","img":"https://fd9-photos.leclercdrive.fr/image.ashx?id=2984889&use=l&cat=p&typeid=i","cat":304252},{"id":47594,"n":"Yaourts Mamie Nova  Café - 2x150g","p":1.32,"u":"4,40 €/KG","img":"https://fd9-photos.leclercdrive.fr/image.ashx?id=2909035&use=l&cat=p&typeid=i","cat":285041},{"id":47646,"n":"Pâtes Macaroni Panzani  3 Minutes - 500G","p":1.24,"u":"2,48 €/KG","img":"https://fd9-photos.leclercdrive.fr/image.ashx?id=2896081&use=l&cat=p&typeid=i","cat":284427},{"id":47648,"n":"Filets de maquereaux Saupiquet Vin blanc et aromates - 176g","p":2.03,"u":"11,53 €/KG","img":"https://fd9-photos.leclercdrive.fr/image.ashx?id=2829967&use=l&cat=p&typeid=i","cat":303868},{"id":47657,"n":"Bâtonnets Dentastix Pedigree Grand chien x56 - 2160g","p":17.41,"u":"8,06 €/KG","img":"https://fd9-photos.leclercdrive.fr/image.ashx?id=2980064&use=l&cat=p&typeid=i","cat":294527},{"id":47658,"n":"Bâtonnets  Dentastix Pedigree Petit chien x56 - 880g","p":12.63,"u":"14,35 €/KG","img":"https://fd9-photos.leclercdrive.fr/image.ashx?id=2937787&use=l&cat=p&typeid=i","cat":294527},{"id":47675,"n":"Sardines Connétable Piment - 140g","p":1.59,"u":"11,36 €/KG","img":"https://fd9-photos.leclercdrive.fr/image.ashx?id=2807573&use=l&cat=p&typeid=i","cat":305146},{"id":47681,"n":"Sauce pizza Turini aux tomates et origan - 390g","p":0.99,"u":"2,54 €/KG","img":"https://fd9-photos.leclercdrive.fr/image.ashx?id=2412025&use=l&cat=p&typeid=i","cat":288384},{"id":47686,"n":"Fromage Spécialité Babybel Maxi - 200g","p":2.17,"u":"10,85 €/KG","img":"https://fd9-photos.leclercdrive.fr/image.ashx?id=2806913&use=l&cat=p&typeid=i","cat":314030},{"id":47711,"n":"Beurre Bridel Doux - 60% MG - 250g","p":2.29,"u":"9,16 €/KG","img":"https://fd9-photos.leclercdrive.fr/image.ashx?id=2788490&use=l&cat=p&typeid=i","cat":284379},{"id":47718,"n":"Boisson gourmande PAGO Cocktail Tropical Vitaminé - 75cl","p":1.82,"u":"2,43 €/L","img":"https://fd9-photos.leclercdrive.fr/image.ashx?id=2861854&use=l&cat=p&typeid=i","cat":284917},{"id":47722,"n":"Compotes Pom'Potes Gourdes  Pomme Nature - 12x90g","p":4.7,"u":"4,35 €/KG","img":"https://fd9-photos.leclercdrive.fr/image.ashx?id=2968082&use=l&cat=p&typeid=i","cat":284508},{"id":47793,"n":"Cancoillotte aux noix NRT IGP 250g","p":2.09,"u":"8,36 €/KG","img":"https://fd9-photos.leclercdrive.fr/image.ashx?id=2663857&use=l&cat=p&typeid=i","cat":314037},{"id":47795,"n":"Papier toilette humide Lotus Aloe Douceur - x42 feuilles","p":1.78,"u":"0,04 €/P","img":"https://fd9-photos.leclercdrive.fr/image.ashx?id=2864840&use=l&cat=p&typeid=i","cat":284634},{"id":47796,"n":"Papier toilette humide Lotus Pure - x42 feuilles","p":1.65,"u":"0,04 €/P","img":"https://fd9-photos.leclercdrive.fr/image.ashx?id=2866070&use=l&cat=p&typeid=i","cat":284634},{"id":47797,"n":"Papier toilette Lotus Confort Blanc - Aquatube - x12","p":4.01,"u":"0,33 €/P","img":"https://fd9-photos.leclercdrive.fr/image.ashx?id=3002213&use=l&cat=p&typeid=i","cat":284634},{"id":47807,"n":"Boisson Sunny Delight Multivitamines - 1,25L","p":2.42,"u":"1,94 €/L","img":"https://fd9-photos.leclercdrive.fr/image.ashx?id=2309948&use=l&cat=p&typeid=i","cat":285435},{"id":47843,"n":"Cordon bleu poulet Maître Coq 1kg","p":6.31,"u":"6,31 €/KG","img":"https://fd9-photos.leclercdrive.fr/image.ashx?id=2939475&use=l&cat=p&typeid=i","cat":319780},{"id":47925,"n":"Soupe de poissons Gastromer 1kg","p":2.2,"u":"2,20 €/KG","img":"https://fd9-photos.leclercdrive.fr/image.ashx?id=1952066&use=l&cat=p&typeid=i","cat":285192},{"id":47933,"n":"Moules Fumeries Occitanes Marinières - 600g","p":5.35,"u":"8,92 €/KG","img":"https://fd9-photos.leclercdrive.fr/image.ashx?id=2944816&use=l&cat=p&typeid=i","cat":285340},{"id":48029,"n":"Sirop Moulin de Valdonne Pêche blanche - 70cl","p":3.33,"u":"4,76 €/L","img":"https://fd9-photos.leclercdrive.fr/image.ashx?id=2842678&use=l&cat=p&typeid=i","cat":295020},{"id":48030,"n":"Bâtonnets surimi Fleury Michon  Fromage et herbes MSC x16 -256g","p":3.41,"u":"13,32 €/KG","img":"https://fd9-photos.leclercdrive.fr/image.ashx?id=2936944&use=l&cat=p&typeid=i","cat":285189},{"id":48079,"n":"Vinaigre de Cidre MAILLE au jus de pomme concentré 50cl","p":2.21,"u":"4,42 €/L","img":"https://fd9-photos.leclercdrive.fr/image.ashx?id=2945421&use=l&cat=p&typeid=i","cat":298543},{"id":48112,"n":"Poivre noir moulu Ducros Fort, N°9 - 35g","p":3.11,"u":"88,86 €/KG","img":"https://fd9-photos.leclercdrive.fr/image.ashx?id=2486593&use=l&cat=p&typeid=i","cat":284457},{"id":48113,"n":"Thym Ducros Flacon - 14g","p":1.53,"u":"109,29 €/KG","img":"https://fd9-photos.leclercdrive.fr/image.ashx?id=2983210&use=l&cat=p&typeid=i","cat":298297},{"id":48114,"n":"Persil Ducros 5g","p":1.31,"u":"262,00 €/KG","img":"https://fd9-photos.leclercdrive.fr/image.ashx?id=2490503&use=l&cat=p&typeid=i","cat":298297},{"id":48126,"n":"Sachets congelation Alfapac Petit modèle  X50","p":1.69,"u":"0,03 €/P","img":"https://fd9-photos.leclercdrive.fr/image.ashx?id=2918694&use=l&cat=p&typeid=i","cat":334134},{"id":48129,"n":"Aneth Florette 11g","p":1.62,"u":"147,27 €/KG","img":"https://fd9-photos.leclercdrive.fr/image.ashx?id=2645573&use=l&cat=p&typeid=i","cat":293607},{"id":48152,"n":"Ecrasé de pdt Florette Huile d'olive - 2x200g","p":2.99,"u":"7,67 €/KG","img":"https://fd9-photos.leclercdrive.fr/image.ashx?id=2795144&use=l&cat=p&typeid=i","cat":333665},{"id":48164,"n":"Barres céréales Extra Kellogg's Chocolat et Amande - 4x32g","p":2.83,"u":"22,11 €/KG","img":"https://fd9-photos.leclercdrive.fr/image.ashx?id=2736601&use=l&cat=p&typeid=i","cat":285869},{"id":48167,"n":"Dosettes café Plantation  Doux - x36 - 250g","p":3.83,"u":"15,32 €/KG","img":"https://fd9-photos.leclercdrive.fr/image.ashx?id=2622121&use=l&cat=p&typeid=i","cat":293238},{"id":48200,"n":"Rillettes de poulet rôti Bordeau Chesnel - 220g","p":2.35,"u":"10,68 €/KG","img":"https://fd9-photos.leclercdrive.fr/image.ashx?id=2855046&use=l&cat=p&typeid=i","cat":316008},{"id":48211,"n":"Mélange de saison Florette 320g","p":2.59,"pp":2.29,"u":"7,16 €/KG","img":"https://fd9-photos.leclercdrive.fr/image.ashx?id=2844055&use=l&cat=p&typeid=i","cat":284353},{"id":48226,"n":"Petit Pois, Carotte Cassegrain Tendres et Fondants 130g","p":1.27,"u":"9,77 €/KG","img":"https://fd9-photos.leclercdrive.fr/image.ashx?id=2912977&use=l&cat=p&typeid=i","cat":312607},{"id":48255,"n":"Recharge EasyWax Expert Veet Bras Jambes Peaux Normales 50ml","p":7.03,"u":"140,60 €/L","img":"https://fd9-photos.leclercdrive.fr/image.ashx?id=2970789&use=l&cat=p&typeid=i","cat":325351},{"id":48258,"n":"Croquettes chat Ultima Stérilisé - Saumon - 3kg","p":11.32,"u":"3,77 €/KG","img":"https://fd9-photos.leclercdrive.fr/image.ashx?id=2922221&use=l&cat=p&typeid=i","cat":284680},{"id":48267,"n":"Rhum ambré Saint James 45%vol - 70cl","p":14.96,"u":"21,37 €/L","img":"https://fd9-photos.leclercdrive.fr/image.ashx?id=2970945&use=l&cat=p&typeid=i","cat":284550},{"id":48272,"n":"Liqueur de menthe Get 31 24° - 70cl","p":14.31,"u":"20,44 €/L","img":"https://fd9-photos.leclercdrive.fr/image.ashx?id=2840497&use=l&cat=p&typeid=i","cat":286032},{"id":48299,"n":"Burger Le Charolais Daunat Boeuf emmental - 180g","p":3.31,"u":"18,39 €/KG","img":"https://fd9-photos.leclercdrive.fr/image.ashx?id=2967175&use=l&cat=p&typeid=i","cat":333671},{"id":48302,"n":"Sandwich triangle Daunat Poulet rôti mayonnaise - 160g","p":1.45,"u":"9,06 €/KG","img":"https://fd9-photos.leclercdrive.fr/image.ashx?id=2894257&use=l&cat=p&typeid=i","cat":333658},{"id":48306,"n":"IGP Pays d'Oc rosé Grenache Les Ormes de Cambras 11.5% 75cl","p":3.15,"u":"4,20 €/L","img":"https://fd9-photos.leclercdrive.fr/image.ashx?id=2285234&use=l&cat=p&typeid=i","cat":289558},{"id":48307,"n":"IGP Pays d'Oc rosé Grenache Les Ormes de Cambras - BIB 5L","p":14.64,"u":"2,93 €/L","img":"https://fd9-photos.leclercdrive.fr/image.ashx?id=2489458&use=l&cat=p&typeid=i","cat":289560},{"id":48310,"n":"Concentré à diluer Pulco Citron vert - 70cl","p":2.55,"u":"3,64 €/L","img":"https://fd9-photos.leclercdrive.fr/image.ashx?id=2686630&use=l&cat=p&typeid=i","cat":295020},{"id":48311,"n":"Concentré à diluer Pulco Orange Citron - 70cl","p":2.65,"u":"3,79 €/L","img":"https://fd9-photos.leclercdrive.fr/image.ashx?id=2686633&use=l&cat=p&typeid=i","cat":295020},{"id":48315,"n":"Riz au lait Délisse Sur lit de caramel - 4x115g","p":1.69,"u":"3,67 €/KG","img":"https://fd9-photos.leclercdrive.fr/image.ashx?id=2595110&use=l&cat=p&typeid=i","cat":284418},{"id":48348,"n":"Chocolat au lait Lindt Création Caramel - 150g","p":3.14,"u":"20,93 €/KG","img":"https://fd9-photos.leclercdrive.fr/image.ashx?id=2685814&use=l&cat=p&typeid=i","cat":284497},{"id":48352,"n":"Tablette de chocolat noir Lindt Orange intense - 100g","p":2.25,"u":"22,50 €/KG","img":"https://fd9-photos.leclercdrive.fr/image.ashx?id=2689496&use=l&cat=p&typeid=i","cat":284956},{"id":48353,"n":"Tablette de chocolat noir Lindt 70% cacao - 100g","p":2.25,"u":"22,50 €/KG","img":"https://fd9-photos.leclercdrive.fr/image.ashx?id=2681592&use=l&cat=p&typeid=i","cat":284956},{"id":48354,"n":"Tablette de chocolat noir Lindt 85% cacao - 100g","p":2.24,"u":"22,40 €/KG","img":"https://fd9-photos.leclercdrive.fr/image.ashx?id=2681589&use=l&cat=p&typeid=i","cat":284956},{"id":48355,"n":"Tablette de chocolat noir Lindt Caramel Pointe de sel - 100g","p":2.27,"u":"22,70 €/KG","img":"https://fd9-photos.leclercdrive.fr/image.ashx?id=2689493&use=l&cat=p&typeid=i","cat":284956},{"id":48421,"n":"AOP Alsace Gewurztraminer blanc Wolfberger 13,5% - 75cl","p":8.7,"u":"11,60 €/L","img":"https://fd9-photos.leclercdrive.fr/image.ashx?id=2936368&use=l&cat=p&typeid=i","cat":289557},{"id":48471,"n":"Mélange 5 baies n°5 Ducros 70g","p":3.74,"u":"53,43 €/KG","img":"https://fd9-photos.leclercdrive.fr/image.ashx?id=2486602&use=l&cat=p&typeid=i","cat":284457},{"id":48504,"n":"Faux filet *** Charal  x1 - 200g","p":5.9,"u":"29,50 €/KG","img":"https://fd9-photos.leclercdrive.fr/image.ashx?id=1893008&use=l&cat=p&typeid=i","cat":284328},{"id":48508,"n":"Ketchup AMORA Flacon Souple - 550g","p":1.5,"u":"2,73 €/KG","img":"https://fd9-photos.leclercdrive.fr/image.ashx?id=2766649&use=l&cat=p&typeid=i","cat":284455},{"id":48512,"n":"Poivre noir n°6 Ducros Moulin - 28g","p":3.45,"u":"123,21 €/KG","img":"https://fd9-photos.leclercdrive.fr/image.ashx?id=2559472&use=l&cat=p&typeid=i","cat":284457},{"id":48513,"n":"Poivre noir n°6 Ducros Grains - 90g","p":3.65,"u":"40,56 €/KG","img":"https://fd9-photos.leclercdrive.fr/image.ashx?id=2473336&use=l&cat=p&typeid=i","cat":284457},{"id":48525,"n":"Tomato Ketchup Heinz - 700g","p":2.69,"u":"3,84 €/KG","img":"https://fd9-photos.leclercdrive.fr/image.ashx?id=2729326&use=l&cat=p&typeid=i","cat":284455},{"id":48573,"n":"Barre Chocolat au Lait KitKat x10 barres - 415g","p":4.9,"u":"1,18 €/L","img":"https://fd9-photos.leclercdrive.fr/image.ashx?id=2905045&use=l&cat=p&typeid=i","cat":284498},{"id":48589,"n":"Lait bébé poudre Gallia Calisma croissance Dès 12 mois 1,2kg","p":15.43,"u":"12,86 €/KG","img":"https://fd9-photos.leclercdrive.fr/image.ashx?id=2973553&use=l&cat=p&typeid=i","cat":290219},{"id":48595,"n":"Gourdes Bio bébé Hipp 4 variétés - 6 mois - 8x90g","p":7.2,"u":"10,00 €/KG","img":"https://fd9-photos.leclercdrive.fr/image.ashx?id=2904416&use=l&cat=p&typeid=i","cat":312393},{"id":48596,"n":"Gourdes Bio bébé Hipp  4 variétés - 8x90g","p":7.14,"u":"9,92 €/KG","img":"https://fd9-photos.leclercdrive.fr/image.ashx?id=3000357&use=l&cat=p&typeid=i","cat":312393},{"id":48603,"n":"Farine de blé Francine 1,4kg","p":1.54,"u":"1,10 €/KG","img":"https://fd9-photos.leclercdrive.fr/image.ashx?id=2881308&use=l&cat=p&typeid=i","cat":284503},{"id":48604,"n":"Farine fluide Francine 1.4kg","p":1.61,"u":"1,15 €/KG","img":"https://fd9-photos.leclercdrive.fr/image.ashx?id=2881305&use=l&cat=p&typeid=i","cat":284503},{"id":48611,"n":"Plat bébé soir Blédiner 12 mois Pâtes légumes - 2x200g","p":2.19,"u":"5,48 €/KG","img":"https://fd9-photos.leclercdrive.fr/image.ashx?id=2975068&use=l&cat=p&typeid=i","cat":312239},{"id":48615,"n":"Coton Demak'up Duo disque x108","p":1.74,"u":"0,02 €/P","img":"https://fd9-photos.leclercdrive.fr/image.ashx?id=2791461&use=l&cat=p&typeid=i","cat":285593},{"id":48646,"n":"Soda à l'orange Orangina Sans Sucres - 6x33cl","p":3.61,"u":"1,82 €/L","img":"https://fd9-photos.leclercdrive.fr/image.ashx?id=2946931&use=l&cat=p&typeid=i","cat":284532},{"id":48697,"n":"Sachet chat Purina One Sterillcat - 8x85g","p":3.89,"u":"5,72 €/KG","img":"https://fd9-photos.leclercdrive.fr/image.ashx?id=2899695&use=l&cat=p&typeid=i","cat":285286},{"id":48704,"n":"Boîte chat Whiskas Gelée du pêcheur - 4x390g","p":4.61,"u":"2,96 €/KG","img":"https://fd9-photos.leclercdrive.fr/image.ashx?id=2759622&use=l&cat=p&typeid=i","cat":285601},{"id":48715,"n":"Poires demi-fruits Eco+ Sirop léger - 455 g","p":1.67,"u":"3,67 €/KG","img":"https://fd9-photos.leclercdrive.fr/image.ashx?id=2783008&use=l&cat=p&typeid=i","cat":284507},{"id":48717,"n":"Barquettes chats Gourmet Gold Les mousselines - 24x85g","p":10.79,"u":"5,29 €/KG","img":"https://fd9-photos.leclercdrive.fr/image.ashx?id=2861500&use=l&cat=p&typeid=i","cat":285286},{"id":48721,"n":"Poêlée jardinière D'aucy  580g","p":2.62,"u":"4,52 €/KG","img":"https://fd9-photos.leclercdrive.fr/image.ashx?id=2582816&use=l&cat=p&typeid=i","cat":312612},{"id":48725,"n":"Légumes pour Couscous D'Aucy Orientale - 800g","p":1.75,"u":"2,19 €/KG","img":"https://fd9-photos.leclercdrive.fr/image.ashx?id=2577800&use=l&cat=p&typeid=i","cat":312612},{"id":48734,"n":"Grand duc Ducros Touch'salade Provençale -180g","p":4.73,"u":"26,28 €/KG","img":"https://fd9-photos.leclercdrive.fr/image.ashx?id=1637670&use=l&cat=p&typeid=i","cat":298297},{"id":48745,"n":"Chocolat Pâtissier Nestlé Dessert Lait - 170g","p":3.01,"u":"17,71 €/KG","img":"https://fd9-photos.leclercdrive.fr/image.ashx?id=2961242&use=l&cat=p&typeid=i","cat":285562},{"id":48843,"n":"Préparation gâteau Nestlé Fondant chocolat - 317g","p":3.83,"u":"12,08 €/KG","img":"https://fd9-photos.leclercdrive.fr/image.ashx?id=2848379&use=l&cat=p&typeid=i","cat":284505},{"id":48890,"n":"Pâtes De Cecco  Fusilli n°34 - 500g","p":1.53,"u":"3,06 €/KG","img":"https://fd9-photos.leclercdrive.fr/image.ashx?id=3004441&use=l&cat=p&typeid=i","cat":284427},{"id":48915,"n":"Sauce Arôme Maggi 1kg","p":6.3,"u":"6,30 €/KG","img":"https://fd9-photos.leclercdrive.fr/image.ashx?id=2785352&use=l&cat=p&typeid=i","cat":288379},{"id":48993,"n":"Sauce Samouraï Colona Tube - 500ml","p":3.01,"u":"6,02 €/L","img":"https://fd9-photos.leclercdrive.fr/image.ashx?id=2687167&use=l&cat=p&typeid=i","cat":318431},{"id":49018,"n":"Beurre Moulé Paysan Breton Sel de guérande - 80% MG - 250g","p":3.35,"u":"13,40 €/KG","img":"https://fd9-photos.leclercdrive.fr/image.ashx?id=2869035&use=l&cat=p&typeid=i","cat":284379},{"id":49070,"n":"Préparation gâteau Nestlé Coeur fondant - 305g","p":3.93,"u":"12,89 €/KG","img":"https://fd9-photos.leclercdrive.fr/image.ashx?id=2848385&use=l&cat=p&typeid=i","cat":284505},{"id":49079,"n":"Petites madeleines P'tit Deli  Pépites de chocolat - 400g","p":1.69,"u":"4,23 €/KG","img":"https://fd9-photos.leclercdrive.fr/image.ashx?id=2999511&use=l&cat=p&typeid=i","cat":284492},{"id":49254,"n":"Gelifiant Vahiné Agar Agar - 8g","p":2.05,"u":"256,25 €/KG","img":"https://fd9-photos.leclercdrive.fr/image.ashx?id=2833342&use=l&cat=p&typeid=i","cat":284504},{"id":49256,"n":"Gelatine Vahiné En poudre - 3 sachets - 18g","p":1.74,"u":"96,67 €/KG","img":"https://fd9-photos.leclercdrive.fr/image.ashx?id=2231678&use=l&cat=p&typeid=i","cat":284504},{"id":49294,"n":"Cotons Démaquillants Demak'Up Original - x105","p":1.53,"u":"0,01 €/P","img":"https://fd9-photos.leclercdrive.fr/image.ashx?id=2745274&use=l&cat=p&typeid=i","cat":284636},{"id":49295,"n":"Cotons Démaquillants Demak'Up Ovale sensitive - x48","p":1.5,"u":"0,03 €/P","img":"https://fd9-photos.leclercdrive.fr/image.ashx?id=2745277&use=l&cat=p&typeid=i","cat":284636},{"id":49296,"n":"Barre Chocolat au Lait Lion x10 barres - 420g","p":3.74,"u":"8,90 €/KG","img":"https://fd9-photos.leclercdrive.fr/image.ashx?id=2736988&use=l&cat=p&typeid=i","cat":284498},{"id":49298,"n":"Biscuits croquant Nutella &Go! Pâte à tartiner x2 packs - 104g","p":2.19,"u":"21,06 €/KG","img":"https://fd9-photos.leclercdrive.fr/image.ashx?id=2737240&use=l&cat=p&typeid=i","cat":284488},{"id":49306,"n":"Gel anti-calcaire Calgon  Hygiène Plus - 2,25L","p":12.14,"u":"5,40 €/L","img":"https://fd9-photos.leclercdrive.fr/image.ashx?id=2953764&use=l&cat=p&typeid=i","cat":284653},{"id":49327,"n":"Déodorant Bille Homme Nivea Men Black&White Original - 50ml","p":1.97,"u":"39,40 €/L","img":"https://fd9-photos.leclercdrive.fr/image.ashx?id=2165815&use=l&cat=p&typeid=i","cat":284618},{"id":49333,"n":"Déodorant bille Men Expert Carbon Protection 48h - 50ml","p":2.55,"u":"51,00 €/L","img":"https://fd9-photos.leclercdrive.fr/image.ashx?id=2394561&use=l&cat=p&typeid=i","cat":284618},{"id":49342,"n":"Moutarde Eco+ Forte au vinaigre - 850g","p":1.66,"u":"1,95 €/KG","img":"https://fd9-photos.leclercdrive.fr/image.ashx?id=2954325&use=l&cat=p&typeid=i","cat":288850},{"id":49349,"n":"Petit croquant Kühne Aigre doux - 360g","p":3.53,"u":"9,81 €/KG","img":"https://fd9-photos.leclercdrive.fr/image.ashx?id=2551036&use=l&cat=p&typeid=i","cat":284458},{"id":49354,"n":"Olives Noires Grecques Tramier  Dénoyautées 220g","p":2.63,"u":"26,30 €/KG","img":"https://fd9-photos.leclercdrive.fr/image.ashx?id=2836340&use=l&cat=p&typeid=i","cat":284450},{"id":49360,"n":"Président Léger 250g","p":2.61,"u":"10,44 €/KG","img":"https://fd9-photos.leclercdrive.fr/image.ashx?id=2870380&use=l&cat=p&typeid=i","cat":314033},{"id":49569,"n":"Boisson énergisante Monster Ultra zéro  - 50cl","p":1.58,"u":"3,16 €/L","img":"https://fd9-photos.leclercdrive.fr/image.ashx?id=2736697&use=l&cat=p&typeid=i","cat":284533},{"id":49575,"n":"Boisson énergisante Monster Energy Mixxd Punch - 50CL","p":1.49,"u":"2,98 €/L","img":"https://fd9-photos.leclercdrive.fr/image.ashx?id=2206172&use=l&cat=p&typeid=i","cat":284533},{"id":49636,"n":"Biscuits Baiocchi Mulino Bianco Chocolat noisette Snack - 336g","p":2.68,"u":"7,98 €/KG","img":"https://fd9-photos.leclercdrive.fr/image.ashx?id=2787962&use=l&cat=p&typeid=i","cat":284488},{"id":49639,"n":"Haricots verts Rochefontaine Extra-fins - 345g","p":3.65,"u":"10,58 €/KG","img":"https://fd9-photos.leclercdrive.fr/image.ashx?id=2101459&use=l&cat=p&typeid=i","cat":312606},{"id":49649,"n":"Sauce Tomate Cuisinée Heinz Ail & Oignon x2 - 210g","p":1.52,"u":"3,62 €/KG","img":"https://fd9-photos.leclercdrive.fr/image.ashx?id=2926990&use=l&cat=p&typeid=i","cat":288384},{"id":49653,"n":"Chapelure dorée Tipiak 250g","p":0.69,"u":"2,76 €/KG","img":"https://fd9-photos.leclercdrive.fr/image.ashx?id=2563490&use=l&cat=p&typeid=i","cat":288382},{"id":49656,"n":"Sauce burger Amora 448g","p":2.07,"u":"4,62 €/KG","img":"https://fd9-photos.leclercdrive.fr/image.ashx?id=3014656&use=l&cat=p&typeid=i","cat":318431},{"id":49664,"n":"Farine complète Francine Boîte - 1kg","p":1.7,"u":"1,70 €/KG","img":"https://fd9-photos.leclercdrive.fr/image.ashx?id=2018898&use=l&cat=p&typeid=i","cat":284503},{"id":49681,"n":"Yaourt La Laitière Nature - 4x125g","p":1.79,"u":"3,58 €/KG","img":"https://fd9-photos.leclercdrive.fr/image.ashx?id=3007978&use=l&cat=p&typeid=i","cat":284409},{"id":49682,"n":"Yaourt La Laitière Vanille - 4x125g","p":1.94,"u":"3,88 €/KG","img":"https://fd9-photos.leclercdrive.fr/image.ashx?id=2650393&use=l&cat=p&typeid=i","cat":286006},{"id":49684,"n":"Yaourts La Laitière Nature - 8x125g","p":2.92,"u":"23,36 €/KG","img":"https://fd9-photos.leclercdrive.fr/image.ashx?id=2679509&use=l&cat=p&typeid=i","cat":284409},{"id":49800,"n":"Chorizo doux César Moroni   200g","p":2.8,"u":"14,00 €/KG","img":"https://fd9-photos.leclercdrive.fr/image.ashx?id=2854420&use=l&cat=p&typeid=i","cat":316006},{"id":49803,"n":"Chorizo fort César Moroni   200g","p":2.89,"u":"14,45 €/KG","img":"https://fd9-photos.leclercdrive.fr/image.ashx?id=2947841&use=l&cat=p&typeid=i","cat":316006},{"id":49825,"n":"Croco Pik Haribo  Sachet bonbons acidulés - 275g","p":1.69,"u":"6,15 €/KG","img":"https://fd9-photos.leclercdrive.fr/image.ashx?id=2802350&use=l&cat=p&typeid=i","cat":304250},{"id":49828,"n":"Happy Life Haribo Sachet bonbons - 275g","p":1.52,"u":"5,53 €/KG","img":"https://fd9-photos.leclercdrive.fr/image.ashx?id=2803577&use=l&cat=p&typeid=i","cat":304250},{"id":49834,"n":"Bonbons LUTTI BestFizz Assortiment Piquant - 550g","p":3.67,"u":"6,67 €/KG","img":"https://fd9-photos.leclercdrive.fr/image.ashx?id=2815022&use=l&cat=p&typeid=i","cat":304250},{"id":49845,"n":"Jus multifruits Jafaden Brique, ABC - 2L","p":2.65,"u":"1,33 €/L","img":"https://fd9-photos.leclercdrive.fr/image.ashx?id=2759220&use=l&cat=p&typeid=i","cat":284917},{"id":49851,"n":"Limonade Sprink's 1.5L","p":0.95,"u":"0,63 €/L","img":"https://fd9-photos.leclercdrive.fr/image.ashx?id=2913721&use=l&cat=p&typeid=i","cat":284531},{"id":49863,"n":"Pizza feu de bois  Turini  Saumon  - 420g","p":2.45,"u":"5,83 €/KG","img":"https://fd9-photos.leclercdrive.fr/image.ashx?id=2816579&use=l&cat=p&typeid=i","cat":284256},{"id":49865,"n":"Steak haché Authentique Charal Pur Bœuf 10% MG  8x125g - 1kg","p":14.6,"u":"14,60 €/KG","img":"https://fd9-photos.leclercdrive.fr/image.ashx?id=2741955&use=l&cat=p&typeid=i","cat":319778},{"id":49870,"n":"Protection Absorbante Tena Men  Médium - x10","p":4.46,"u":"0,45 €/P","img":"https://fd9-photos.leclercdrive.fr/image.ashx?id=2428573&use=l&cat=p&typeid=i","cat":291514},{"id":49872,"n":"Tampons Tampax Compak Pearl Super - x18","p":2.93,"u":"0,16 €/P","img":"https://fd9-photos.leclercdrive.fr/image.ashx?id=2956616&use=l&cat=p&typeid=i","cat":284626},{"id":49880,"n":"Boisson concentrée Frucci Menthe avec édulcorants - 75cl","p":2.39,"u":"3,19 €/L","img":"https://fd9-photos.leclercdrive.fr/image.ashx?id=2909903&use=l&cat=p&typeid=i","cat":295020},{"id":49881,"n":"Sirop Frucci Zero Grenadine avec edulcorants-75cl","p":2.49,"u":"3,32 €/L","img":"https://fd9-photos.leclercdrive.fr/image.ashx?id=2956110&use=l&cat=p&typeid=i","cat":295020},{"id":49883,"n":"Soda tonic Sprink's 1.5L","p":1.05,"u":"0,70 €/L","img":"https://fd9-photos.leclercdrive.fr/image.ashx?id=2913739&use=l&cat=p&typeid=i","cat":284531},{"id":49900,"n":"Feuilletés fromage fondu Eco+ 650g","p":1.61,"u":"2,48 €/KG","img":"https://fd9-photos.leclercdrive.fr/image.ashx?id=2079792&use=l&cat=p&typeid=i","cat":319776},{"id":49930,"n":"Yaourt douceur Le Petit Basque Brebis nature - 4x100g","p":2.89,"u":"7,23 €/KG","img":"https://fd9-photos.leclercdrive.fr/image.ashx?id=2248084&use=l&cat=p&typeid=i","cat":314998},{"id":49931,"n":"Yaourt douceur Le Petit Basque Brebis citron - 4x100g","p":2.73,"u":"6,83 €/KG","img":"https://fd9-photos.leclercdrive.fr/image.ashx?id=2248087&use=l&cat=p&typeid=i","cat":314998},{"id":49932,"n":"Fromage Pavé d'Affinois Original - 180g","p":2.67,"u":"14,83 €/KG","img":"https://fd9-photos.leclercdrive.fr/image.ashx?id=2644070&use=l&cat=p&typeid=i","cat":314030},{"id":49933,"n":"Fromage Pavé d'Affinois Mini Mix 5 variétés - 130g","p":2.68,"u":"20,62 €/KG","img":"https://fd9-photos.leclercdrive.fr/image.ashx?id=2644076&use=l&cat=p&typeid=i","cat":314030},{"id":49955,"n":"Soda 7UP Citron/citron vert zéro - 1.5L","p":1.38,"u":"0,92 €/L","img":"https://fd9-photos.leclercdrive.fr/image.ashx?id=2752462&use=l&cat=p&typeid=i","cat":284531},{"id":49956,"n":"Soda à l'orange Orangina Sans Sucres - 1,5L","p":1.75,"u":"1,17 €/L","img":"https://fd9-photos.leclercdrive.fr/image.ashx?id=2946496&use=l&cat=p&typeid=i","cat":284532},{"id":49971,"n":"Frites Pom Bistro à la Graisse de Canard - 500g","p":3.44,"u":"6,88 €/KG","img":"https://fd9-photos.leclercdrive.fr/image.ashx?id=2866412&use=l&cat=p&typeid=i","cat":319791},{"id":49979,"n":"Soupe liquide Liebig  Potiron Chataîgne - Brique 1L","p":2.89,"u":"2,89 €/L","img":"https://fd9-photos.leclercdrive.fr/image.ashx?id=2785358&use=l&cat=p&typeid=i","cat":284462},{"id":49981,"n":"Velouté Liebig Légumes du soleil - 1L","p":2.81,"u":"2,81 €/L","img":"https://fd9-photos.leclercdrive.fr/image.ashx?id=2750991&use=l&cat=p&typeid=i","cat":284462},{"id":49997,"n":"Boisson aux fruits Oasis Mini Tropical - 6x25cl","p":3.12,"u":"2,08 €/L","img":"https://fd9-photos.leclercdrive.fr/image.ashx?id=2684443&use=l&cat=p&typeid=i","cat":295018},{"id":50002,"n":"Sauce soja Kikkoman  150ml","p":2.98,"u":"19,87 €/L","img":"https://fd9-photos.leclercdrive.fr/image.ashx?id=2536284&use=l&cat=p&typeid=i","cat":288992},{"id":50052,"n":"Lait bébé en poudre Galliagest croissance Dès 12 mois 900g","p":13.64,"u":"15,16 €/KG","img":"https://fd9-photos.leclercdrive.fr/image.ashx?id=2616844&use=l&cat=p&typeid=i","cat":290219},{"id":50053,"n":"Eau gazeuse minérale Salvetat pauvre en sodium - 6x50cl","p":2.57,"u":"0,86 €/L","img":"https://fd9-photos.leclercdrive.fr/image.ashx?id=2533469&use=l&cat=p&typeid=i","cat":284536},{"id":50082,"n":"Dessert fruits mixés Sojasun Myrtilles - 4x100g","p":1.71,"u":"4,28 €/KG","img":"https://fd9-photos.leclercdrive.fr/image.ashx?id=2355680&use=l&cat=p&typeid=i","cat":316071},{"id":50106,"n":"Nems au Porc Tables du Monde x4 - 280g","p":1.76,"u":"6,29 €/KG","img":"https://fd9-photos.leclercdrive.fr/image.ashx?id=2967670&use=l&cat=p&typeid=i","cat":333673},{"id":50131,"n":"Compotes Pom'Potes Gourdes  Multivariétés - 20x90g","p":7.39,"u":"4,11 €/KG","img":"https://fd9-photos.leclercdrive.fr/image.ashx?id=3010930&use=l&cat=p&typeid=i","cat":284508},{"id":50132,"n":"Compotes Pom'Potes Gourdes  Multivariétés Inédits - 12x90g","p":5.5,"u":"5,09 €/KG","img":"https://fd9-photos.leclercdrive.fr/image.ashx?id=2870170&use=l&cat=p&typeid=i","cat":284508},{"id":50135,"n":"Lingettes Textil Anti-transfert - x40","p":3.71,"u":"0,09 €/P","img":"https://fd9-photos.leclercdrive.fr/image.ashx?id=2964574&use=l&cat=p&typeid=i","cat":290450},{"id":50211,"n":"Pain Bruschetta La Boulangère 400g","p":2.56,"u":"6,40 €/KG","img":"https://fd9-photos.leclercdrive.fr/image.ashx?id=2912404&use=l&cat=p&typeid=i","cat":284985},{"id":50218,"n":"Tronches de Cake St Michel 175g","p":1.77,"u":"10,11 €/KG","img":"https://fd9-photos.leclercdrive.fr/image.ashx?id=2949946&use=l&cat=p&typeid=i","cat":284495},{"id":50220,"n":"Biscuits Duo Mini BN  190g","p":1.96,"u":"10,32 €/KG","img":"https://fd9-photos.leclercdrive.fr/image.ashx?id=2219606&use=l&cat=p&typeid=i","cat":284488},{"id":50225,"n":"Biscuits Choco suprême Milka Chocolat - 180g","p":2.34,"u":"13,00 €/KG","img":"https://fd9-photos.leclercdrive.fr/image.ashx?id=2990991&use=l&cat=p&typeid=i","cat":284488},{"id":50231,"n":"Biscuit Dinosaurus Lotus Chocolat au lait - 225g","p":2.07,"u":"9,20 €/KG","img":"https://fd9-photos.leclercdrive.fr/image.ashx?id=2859815&use=l&cat=p&typeid=i","cat":284488},{"id":50256,"n":"Soda Sprink's Lemon Lime - 1.5L","p":0.99,"u":"0,66 €/L","img":"https://fd9-photos.leclercdrive.fr/image.ashx?id=2913736&use=l&cat=p&typeid=i","cat":284532},{"id":50257,"n":"Jus d'orange Jafaden Pur jus sans pulpe - 6x1L","p":11.94,"u":"1,99 €/L","img":"https://fd9-photos.leclercdrive.fr/image.ashx?id=2842504&use=l&cat=p&typeid=i","cat":284521},{"id":50262,"n":"Kebab de poulet Fleury Michon Semoule à l'orientale - 280g","p":2.94,"u":"10,50 €/KG","img":"https://fd9-photos.leclercdrive.fr/image.ashx?id=2680167&use=l&cat=p&typeid=i","cat":333665},{"id":50362,"n":"Gel à Raser Nivea Men Peaux Sensibles - 200ml","p":2.29,"u":"11,45 €/L","img":"https://fd9-photos.leclercdrive.fr/image.ashx?id=2945724&use=l&cat=p&typeid=i","cat":284617},{"id":50458,"n":"Fromage Roucoulons Fromagerie Milleret- 220g","p":2.84,"u":"12,91 €/KG","img":"https://fd9-photos.leclercdrive.fr/image.ashx?id=2450922&use=l&cat=p&typeid=i","cat":329558},{"id":50459,"n":"Fromage à Tartiner St Môret  Nature - 150g","p":2.02,"u":"13,47 €/KG","img":"https://fd9-photos.leclercdrive.fr/image.ashx?id=2755468&use=l&cat=p&typeid=i","cat":314029},{"id":50548,"n":"Lait de croissance Lactel Nature - 6x1L","p":11.11,"u":"1,85 €/L","img":"https://fd9-photos.leclercdrive.fr/image.ashx?id=2927438&use=l&cat=p&typeid=i","cat":284728},{"id":50568,"n":"Eau aromatisée Cristaline Jus de pêche - 1.5L","p":1.14,"u":"0,76 €/L","img":"https://fd9-photos.leclercdrive.fr/image.ashx?id=2344615&use=l&cat=p&typeid=i","cat":284537},{"id":50570,"n":"Eau aromatisée Cristaline Fraise - 1.5L","p":1.12,"u":"0,75 €/L","img":"https://fd9-photos.leclercdrive.fr/image.ashx?id=2417255&use=l&cat=p&typeid=i","cat":284537},{"id":50585,"n":"Haricots verts d'aucy  Extra-fins - 440g","p":1.86,"u":"4,23 €/KG","img":"https://fd9-photos.leclercdrive.fr/image.ashx?id=2527370&use=l&cat=p&typeid=i","cat":312606},{"id":50590,"n":"Lentilles préparées D'aucy  530g","p":1.61,"u":"3,04 €/KG","img":"https://fd9-photos.leclercdrive.fr/image.ashx?id=2560597&use=l&cat=p&typeid=i","cat":312609},{"id":50592,"n":"Pois chiches Sultanines 265g","p":0.93,"u":"3,51 €/KG","img":"https://fd9-photos.leclercdrive.fr/image.ashx?id=1920223&use=l&cat=p&typeid=i","cat":312609},{"id":50653,"n":"Blanc de dinde Eco+ 4 tranches - 180g","p":1.62,"u":"9,00 €/KG","img":"https://fd9-photos.leclercdrive.fr/image.ashx?id=2683631&use=l&cat=p&typeid=i","cat":316010},{"id":50672,"n":"Biscuits à la cuillère x30 Bonne Maman - 250g","p":4.65,"u":"18,60 €/KG","img":"https://fd9-photos.leclercdrive.fr/image.ashx?id=2936152&use=l&cat=p&typeid=i","cat":284487},{"id":50674,"n":"Quatre quarts Bonne Maman 500g","p":3.16,"u":"6,32 €/KG","img":"https://fd9-photos.leclercdrive.fr/image.ashx?id=2936158&use=l&cat=p&typeid=i","cat":294776},{"id":50675,"n":"Gâteau Bonne Maman  Marbré chocolat - 475g","p":3.4,"u":"7,16 €/KG","img":"https://fd9-photos.leclercdrive.fr/image.ashx?id=2936161&use=l&cat=p&typeid=i","cat":294776},{"id":50676,"n":"Madeleine coquille St Michel  Oeuf plein air x24 - 600g","p":3.27,"u":"5,45 €/KG","img":"https://fd9-photos.leclercdrive.fr/image.ashx?id=2936197&use=l&cat=p&typeid=i","cat":284492},{"id":50678,"n":"IGP Vinaigre balsamique Modène Maille - 75cl","p":4.84,"u":"6,45 €/L","img":"https://fd9-photos.leclercdrive.fr/image.ashx?id=2805666&use=l&cat=p&typeid=i","cat":298543},{"id":50680,"n":"Barre Chocolatée KINDER Country  Céréales chocolat x15 - 352,5g","p":4.78,"u":"13,58 €/KG","img":"https://fd9-photos.leclercdrive.fr/image.ashx?id=2231903&use=l&cat=p&typeid=i","cat":284498},{"id":50688,"n":"Pains au chocolat Pasquier  x16 - 720g","p":4.4,"u":"6,11 €/KG","img":"https://fd9-photos.leclercdrive.fr/image.ashx?id=2686837&use=l&cat=p&typeid=i","cat":296366},{"id":50705,"n":"Toasts ronds nature Jacquet - 250g","p":1.48,"u":"5,92 €/KG","img":"https://fd9-photos.leclercdrive.fr/image.ashx?id=2979602&use=l&cat=p&typeid=i","cat":285454},{"id":50706,"n":"Toasts foie gras ronds Jacquet - 250g","p":1.53,"u":"6,12 €/KG","img":"https://fd9-photos.leclercdrive.fr/image.ashx?id=2979599&use=l&cat=p&typeid=i","cat":285454},{"id":50712,"n":"Biscuits Choco Pause Milka Chocolat au lait - 260g","p":1.56,"u":"6,00 €/KG","img":"https://fd9-photos.leclercdrive.fr/image.ashx?id=2192572&use=l&cat=p&typeid=i","cat":284488},{"id":50713,"n":"Biscuits Oreo Vanille / chocolat blanc - 246g","p":2.47,"u":"10,04 €/KG","img":"https://fd9-photos.leclercdrive.fr/image.ashx?id=2989447&use=l&cat=p&typeid=i","cat":284488},{"id":50714,"n":"Biscottes Heudebert  Goût brioché - 290g","p":1.69,"u":"5,83 €/KG","img":"https://fd9-photos.leclercdrive.fr/image.ashx?id=3001979&use=l&cat=p&typeid=i","cat":284479},{"id":50715,"n":"Biscottes Gourmande Pelletier Goût brioché - 260g","p":2.24,"u":"8,62 €/KG","img":"https://fd9-photos.leclercdrive.fr/image.ashx?id=2961825&use=l&cat=p&typeid=i","cat":284479},{"id":50734,"n":"Soda Sprink's Orange - 1.5L","p":1.2,"u":"0,80 €/L","img":"https://fd9-photos.leclercdrive.fr/image.ashx?id=2925979&use=l&cat=p&typeid=i","cat":284532},{"id":50736,"n":"Blancs de poulet Eco+ 4 tranches - 180g","p":1.31,"u":"7,28 €/KG","img":"https://fd9-photos.leclercdrive.fr/image.ashx?id=2683634&use=l&cat=p&typeid=i","cat":316010},{"id":50739,"n":"Bacon fumé Eco+ 12 tranches - 150g","p":1.46,"u":"9,73 €/KG","img":"https://fd9-photos.leclercdrive.fr/image.ashx?id=2837111&use=l&cat=p&typeid=i","cat":316007},{"id":50744,"n":"Cervelas Eco+ 400g","p":1.61,"u":"4,03 €/KG","img":"https://fd9-photos.leclercdrive.fr/image.ashx?id=2683637&use=l&cat=p&typeid=i","cat":316012},{"id":50760,"n":"Sablés Bonne Maman  Tout Chocolat - 150g","p":1.58,"u":"10,53 €/KG","img":"https://fd9-photos.leclercdrive.fr/image.ashx?id=2923687&use=l&cat=p&typeid=i","cat":325066},{"id":50767,"n":"Roti de porc Eco+ 5 tranches - 150g","p":1.79,"u":"11,93 €/KG","img":"https://fd9-photos.leclercdrive.fr/image.ashx?id=2706747&use=l&cat=p&typeid=i","cat":316009},{"id":50770,"n":"Pâtes serpentin Turini  Cuisson rapide - 500g","p":1.16,"u":"2,32 €/KG","img":"https://fd9-photos.leclercdrive.fr/image.ashx?id=2607560&use=l&cat=p&typeid=i","cat":284427},{"id":50772,"n":"Epaule cuite sans couenne Eco+ 8 tranches - 360g","p":1.82,"u":"5,06 €/KG","img":"https://fd9-photos.leclercdrive.fr/image.ashx?id=2678577&use=l&cat=p&typeid=i","cat":316009},{"id":50773,"n":"Dés de jambon Eco+ 2x100G","p":1.65,"u":"8,25 €/KG","img":"https://fd9-photos.leclercdrive.fr/image.ashx?id=2930936&use=l&cat=p&typeid=i","cat":316011},{"id":50774,"n":"Rillettes du Mans Eco+ 220g","p":1.09,"u":"4,95 €/KG","img":"https://fd9-photos.leclercdrive.fr/image.ashx?id=2684700&use=l&cat=p&typeid=i","cat":316008},{"id":50775,"n":"Mousse de canard au porto Eco+ 200g","p":1.16,"u":"5,80 €/KG","img":"https://fd9-photos.leclercdrive.fr/image.ashx?id=2716024&use=l&cat=p&typeid=i","cat":316008},{"id":50776,"n":"Mousse de foie Eco+ 300g","p":1.32,"u":"4,40 €/KG","img":"https://fd9-photos.leclercdrive.fr/image.ashx?id=2728297&use=l&cat=p&typeid=i","cat":316008},{"id":50778,"n":"Jambon qualité choix Eco+ 10 tranches - 500g","p":4.21,"u":"8,42 €/KG","img":"https://fd9-photos.leclercdrive.fr/image.ashx?id=2970492&use=l&cat=p&typeid=i","cat":316009},{"id":50779,"n":"Saucisse de Strasbourg Eco+ x10 - 350g","p":1.19,"u":"3,40 €/KG","img":"https://fd9-photos.leclercdrive.fr/image.ashx?id=2794856&use=l&cat=p&typeid=i","cat":316012},{"id":50780,"n":"Saucisse de Cocktail Eco+ 400g","p":2.49,"u":"6,23 €/KG","img":"https://fd9-photos.leclercdrive.fr/image.ashx?id=2651813&use=l&cat=p&typeid=i","cat":284450},{"id":50781,"n":"Saucisson cuit à l'ail Eco+ nature - 400g","p":1.61,"u":"4,03 €/KG","img":"https://fd9-photos.leclercdrive.fr/image.ashx?id=2675789&use=l&cat=p&typeid=i","cat":316006},{"id":50782,"n":"Saucisson cuit à l'ail Eco+ fumé - 400g","p":1.4,"u":"3,50 €/KG","img":"https://fd9-photos.leclercdrive.fr/image.ashx?id=2675792&use=l&cat=p&typeid=i","cat":316006},{"id":50802,"n":"Huile d'olive Tramier Vierge extra - 75cl","p":8.0,"u":"10,67 €/L","img":"https://fd9-photos.leclercdrive.fr/image.ashx?id=2769807&use=l&cat=p&typeid=i","cat":284453},{"id":50810,"n":"Sauce Tomates Barilla Arrabbiata - 400g","p":1.73,"u":"4,33 €/KG","img":"https://fd9-photos.leclercdrive.fr/image.ashx?id=2832509&use=l&cat=p&typeid=i","cat":287599},{"id":50842,"n":"Rhum ambré La martiniquaise Flask 40%vol - 20cl","p":3.3,"u":"16,50 €/L","img":"https://fd9-photos.leclercdrive.fr/image.ashx?id=2955155&use=l&cat=p&typeid=i","cat":284550},{"id":50843,"n":"Pastis Ricard Anisé 45% vol - 2L","p":39.6,"u":"19,80 €/L","img":"https://fd9-photos.leclercdrive.fr/image.ashx?id=2919271&use=l&cat=p&typeid=i","cat":284548},{"id":50863,"n":"Savon verveine Petit Olivier 2x100g","p":2.05,"u":"10,25 €/KG","img":"https://fd9-photos.leclercdrive.fr/image.ashx?id=2144839&use=l&cat=p&typeid=i","cat":284597},{"id":50899,"n":"Sandwich baguette Daunat XXL Poulet crudités - 230g","p":2.02,"u":"8,78 €/KG","img":"https://fd9-photos.leclercdrive.fr/image.ashx?id=2623229&use=l&cat=p&typeid=i","cat":333658},{"id":50906,"n":"Cubes allume-feu Eco+ x32","p":1.4,"u":"0,04 €/P","img":"https://fd9-photos.leclercdrive.fr/image.ashx?id=2645125&use=l&cat=p&typeid=i","cat":300578},{"id":50915,"n":"Gnocchi à poêler Lustucru Fromage - 300g","p":1.72,"u":"5,73 €/KG","img":"https://fd9-photos.leclercdrive.fr/image.ashx?id=3014482&use=l&cat=p&typeid=i","cat":333682},{"id":50927,"n":"Rillettes du Mans La Véritable Bordeau Chesnel - 400g","p":3.63,"u":"363,00 €/L","img":"https://fd9-photos.leclercdrive.fr/image.ashx?id=2763097&use=l&cat=p&typeid=i","cat":316008},{"id":50956,"n":"Bougies chauffe plats Ardence x25","p":2.39,"img":"https://fd9-photos.leclercdrive.fr/image.ashx?id=2635550&use=l&cat=p&typeid=i","cat":335913},{"id":50984,"n":"Soda zéro Sprink's Agrumes - 1,5L","p":0.76,"u":"0,51 €/L","img":"https://fd9-photos.leclercdrive.fr/image.ashx?id=2913724&use=l&cat=p&typeid=i","cat":284532},{"id":50990,"n":"Fruits au sirop St Mamet Ananas en morceaux - 345g","p":2.6,"u":"7,54 €/KG","img":"https://fd9-photos.leclercdrive.fr/image.ashx?id=2927309&use=l&cat=p&typeid=i","cat":284507},{"id":50991,"n":"Fruits au sirop St Mamet Ananas en tranches - 345g","p":2.96,"u":"8,58 €/KG","img":"https://fd9-photos.leclercdrive.fr/image.ashx?id=2630226&use=l&cat=p&typeid=i","cat":284507},{"id":51004,"n":"Sucre de canne Daddy Demi morceaux - 750g","p":2.12,"u":"2,83 €/KG","img":"https://fd9-photos.leclercdrive.fr/image.ashx?id=2907950&use=l&cat=p&typeid=i","cat":284502},{"id":51046,"n":"Mouchoirs blancs 3 plis Eco+ x15","p":0.97,"u":"0,06 €/P","img":"https://fd9-photos.leclercdrive.fr/image.ashx?id=2824244&use=l&cat=p&typeid=i","cat":284638},{"id":51047,"n":"Biscuits Petit Brun extra 300g","p":1.4,"u":"4,67 €/KG","img":"https://fd9-photos.leclercdrive.fr/image.ashx?id=3002264&use=l&cat=p&typeid=i","cat":284487},{"id":51048,"n":"Lentilles Notre Jardin 3x130g","p":2.09,"u":"5,36 €/KG","img":"https://fd9-photos.leclercdrive.fr/image.ashx?id=3002617&use=l&cat=p&typeid=i","cat":312609},{"id":51079,"n":"Clafoutis La Laitière Pommes façon tatin - 4x85g","p":2.86,"u":"8,41 €/KG","img":"https://fd9-photos.leclercdrive.fr/image.ashx?id=2633833&use=l&cat=p&typeid=i","cat":284419},{"id":51089,"n":"Soda Sprink's Aux agrumes - 1.5L","p":1.4,"u":"0,93 €/L","img":"https://fd9-photos.leclercdrive.fr/image.ashx?id=2913727&use=l&cat=p&typeid=i","cat":284532},{"id":51221,"n":"Détachant poudre Sanytol 450g","p":5.74,"u":"12,76 €/KG","img":"https://fd9-photos.leclercdrive.fr/image.ashx?id=2866316&use=l&cat=p&typeid=i","cat":284651},{"id":51248,"n":"Crème dessert La Laitière Caramel  - 4x100g","p":2.21,"u":"5,53 €/KG","img":"https://fd9-photos.leclercdrive.fr/image.ashx?id=2875990&use=l&cat=p&typeid=i","cat":285041},{"id":51249,"n":"Crème brûlée La Laitière saveur vanille - 4x100g","p":2.99,"u":"7,48 €/KG","img":"https://fd9-photos.leclercdrive.fr/image.ashx?id=2624116&use=l&cat=p&typeid=i","cat":284419},{"id":51250,"n":"Yaourt nature Activia bifidus 0%MG  - 8x125g","p":2.85,"u":"2,85 €/KG","img":"https://fd9-photos.leclercdrive.fr/image.ashx?id=2741688&use=l&cat=p&typeid=i","cat":315000},{"id":51254,"n":"Eau aromatisée O'Fresh Pêche - 1.5L","p":0.91,"u":"0,61 €/L","img":"https://fd9-photos.leclercdrive.fr/image.ashx?id=2450029&use=l&cat=p&typeid=i","cat":284537},{"id":51265,"n":"Eau aromatisée O'Fresh Citron - 1.5L","p":0.75,"u":"0,50 €/L","img":"https://fd9-photos.leclercdrive.fr/image.ashx?id=2450041&use=l&cat=p&typeid=i","cat":284537},{"id":51268,"n":"Eau aromatisée O'Fresh Fraise - 1.5L","p":0.75,"u":"0,50 €/L","img":"https://fd9-photos.leclercdrive.fr/image.ashx?id=2450044&use=l&cat=p&typeid=i","cat":284537},{"id":51271,"n":"Tablette chocolat Côte d'Or Noir extra - 3x100g","p":3.88,"u":"12,93 €/KG","img":"https://fd9-photos.leclercdrive.fr/image.ashx?id=2875564&use=l&cat=p&typeid=i","cat":284956},{"id":51275,"n":"Tablette chocolat Côte d'Or Chocolat lait/Noisettes - 180g","p":3.27,"u":"18,17 €/KG","img":"https://fd9-photos.leclercdrive.fr/image.ashx?id=2993140&use=l&cat=p&typeid=i","cat":284497},{"id":51276,"n":"Tablette chocolat Côte d'Or Chocolat noir/Noisettes - 180g","p":3.04,"u":"16,89 €/KG","img":"https://fd9-photos.leclercdrive.fr/image.ashx?id=2993143&use=l&cat=p&typeid=i","cat":284956},{"id":51291,"n":"Fromage blanc Soignon Nature lait de chèvre - 4x100g","p":2.61,"u":"6,53 €/KG","img":"https://fd9-photos.leclercdrive.fr/image.ashx?id=2539902&use=l&cat=p&typeid=i","cat":314998},{"id":51292,"n":"Yaourts Douceur satinée Délisse Nature - 8x125g","p":2.59,"u":"2,59 €/KG","img":"https://fd9-photos.leclercdrive.fr/image.ashx?id=2932414&use=l&cat=p&typeid=i","cat":284409},{"id":51298,"n":"Compotes Andros  Pomme nature - 16x100g","p":3.26,"u":"2,04 €/KG","img":"https://fd9-photos.leclercdrive.fr/image.ashx?id=2908195&use=l&cat=p&typeid=i","cat":284416},{"id":51300,"n":"Yaourt Nature Sucré Yoplait - 4x125g","p":1.18,"u":"2,36 €/KG","img":"https://fd9-photos.leclercdrive.fr/image.ashx?id=2799898&use=l&cat=p&typeid=i","cat":284409},{"id":51344,"n":"Riz au lait La Laitière Rhum raisin - 4x115g","p":1.98,"u":"4,30 €/KG","img":"https://fd9-photos.leclercdrive.fr/image.ashx?id=2490455&use=l&cat=p&typeid=i","cat":284418},{"id":51346,"n":"Dessert liégeois Viennois Vanille lit de caramel - 4x100g","p":1.71,"u":"4,28 €/KG","img":"https://fd9-photos.leclercdrive.fr/image.ashx?id=2692122&use=l&cat=p&typeid=i","cat":285042},{"id":51353,"n":"Fromage Cantal jeune NRT AOP  200g","p":3.19,"u":"15,95 €/KG","img":"https://fd9-photos.leclercdrive.fr/image.ashx?id=2934832&use=l&cat=p&typeid=i","cat":314034},{"id":51395,"n":"Profiteroles Délisse 4x90g","p":2.49,"u":"6,92 €/KG","img":"https://fd9-photos.leclercdrive.fr/image.ashx?id=2844842&use=l&cat=p&typeid=i","cat":284419},{"id":51607,"n":"Fromage enfant Kiri Goûter 8 portions barquettes - 280g","p":3.5,"u":"12,50 €/KG","img":"https://fd9-photos.leclercdrive.fr/image.ashx?id=2972886&use=l&cat=p&typeid=i","cat":314030},{"id":51653,"n":"Bananes Panier du Primeur x5","p":1.69,"u":"0,34 €/P","img":"https://fd9-photos.leclercdrive.fr/image.ashx?id=2302456&use=l&cat=p&typeid=i","cat":284356},{"id":51722,"n":"Bâtonnet Magic Smicy Mutlifruits x8 - 320g","p":2.51,"u":"7,84 €/KG","img":"https://fd9-photos.leclercdrive.fr/image.ashx?id=1960044&use=l&cat=p&typeid=i","cat":285250},{"id":51750,"n":"Sel fin La Baleine Iodé - 500g","p":0.52,"u":"1,04 €/KG","img":"https://fd9-photos.leclercdrive.fr/image.ashx?id=1752100&use=l&cat=p&typeid=i","cat":284457},{"id":51822,"n":"Thé glacé Lipton Ice Tea Pêche - 4x50cl","p":4.08,"u":"2,04 €/L","img":"https://fd9-photos.leclercdrive.fr/image.ashx?id=2505471&use=l&cat=p&typeid=i","cat":295019},{"id":51865,"n":"Bière blonde Kronenbourg 4,2° - 10x25cl","p":5.35,"u":"2,14 €/L","img":"https://fd9-photos.leclercdrive.fr/image.ashx?id=2992750&use=l&cat=p&typeid=i","cat":334873},{"id":51866,"n":"Lait Croissance Mots d'Enfants 12 à 36 mois - 6x1L","p":8.04,"u":"1,34 €/L","img":"https://fd9-photos.leclercdrive.fr/image.ashx?id=2770684&use=l&cat=p&typeid=i","cat":284728},{"id":51956,"n":"Gel barquette  Bien Air Muguet  x1","p":1.24,"img":"https://fd9-photos.leclercdrive.fr/image.ashx?id=2466877&use=l&cat=p&typeid=i","cat":311628},{"id":51995,"n":"Spécialité laitière Délisse Epaisse - 7% MG - 50cl","p":1.43,"u":"2,86 €/L","img":"https://fd9-photos.leclercdrive.fr/image.ashx?id=2363802&use=l&cat=p&typeid=i","cat":284381},{"id":51999,"n":"Spécialité laitière Délisse Semi-épaisse 4%mg - 2x25cl","p":1.9,"u":"3,80 €/L","img":"https://fd9-photos.leclercdrive.fr/image.ashx?id=1790942&use=l&cat=p&typeid=i","cat":284381},{"id":52000,"n":"Spécialité laitière Délisse Epaisse - 7% MG - 20cl","p":0.95,"u":"4,75 €/L","img":"https://fd9-photos.leclercdrive.fr/image.ashx?id=2375583&use=l&cat=p&typeid=i","cat":284381},{"id":52003,"n":"Eau aromatisée O'Fresh Fraise - 6x50cl","p":2.99,"u":"1,00 €/L","img":"https://fd9-photos.leclercdrive.fr/image.ashx?id=2441378&use=l&cat=p&typeid=i","cat":284537},{"id":52006,"n":"Blinis Ronde des Mers Medium x8 - 160g","p":1.69,"u":"10,56 €/KG","img":"https://fd9-photos.leclercdrive.fr/image.ashx?id=2981888&use=l&cat=p&typeid=i","cat":285191},{"id":52071,"n":"Tortillas Table du Monde De maïs - 320g","p":1.69,"u":"5,28 €/KG","img":"https://fd9-photos.leclercdrive.fr/image.ashx?id=2679759&use=l&cat=p&typeid=i","cat":288993},{"id":52078,"n":"Pointe Brie de Meaux NRT AOP 200g","p":3.09,"u":"15,45 €/KG","img":"https://fd9-photos.leclercdrive.fr/image.ashx?id=2564491&use=l&cat=p&typeid=i","cat":314033},{"id":52089,"n":"Fromage Cantal Entre deux NRT  AOP - 220g","p":3.26,"u":"14,82 €/KG","img":"https://fd9-photos.leclercdrive.fr/image.ashx?id=2934838&use=l&cat=p&typeid=i","cat":314034},{"id":52091,"n":"Aiguillettes canard Périgord NRT - 300g","p":6.95,"u":"23,17 €/KG","img":"https://fd9-photos.leclercdrive.fr/image.ashx?id=2753532&use=l&cat=p&typeid=i","cat":284339},{"id":52093,"n":"Salade Menu Fraîcheur Lentilles aux oignons - 300g","p":1.52,"u":"5,07 €/KG","img":"https://fd9-photos.leclercdrive.fr/image.ashx?id=2645954&use=l&cat=p&typeid=i","cat":333657},{"id":52094,"n":"Poulet rôti purée Côté Table Barquette - 300g","p":2.38,"u":"7,93 €/KG","img":"https://fd9-photos.leclercdrive.fr/image.ashx?id=2624001&use=l&cat=p&typeid=i","cat":284953},{"id":52095,"n":"Salade Menu Fraîcheur Légumes penne pesto  - 300g","p":1.99,"u":"6,63 €/KG","img":"https://fd9-photos.leclercdrive.fr/image.ashx?id=2816585&use=l&cat=p&typeid=i","cat":333657},{"id":52097,"n":"Salade Menu Fraîcheur Pâtes saumon - 300g","p":2.49,"u":"8,30 €/KG","img":"https://fd9-photos.leclercdrive.fr/image.ashx?id=2645960&use=l&cat=p&typeid=i","cat":333657},{"id":52111,"n":"Chiffonade chorizo Saint Azay 100g","p":2.19,"u":"21,90 €/KG","img":"https://fd9-photos.leclercdrive.fr/image.ashx?id=2845146&use=l&cat=p&typeid=i","cat":316007},{"id":52122,"n":"Limonade Sprink's Zero - 1.5L","p":0.59,"u":"0,39 €/L","img":"https://fd9-photos.leclercdrive.fr/image.ashx?id=2913681&use=l&cat=p&typeid=i","cat":284531},{"id":52123,"n":"Salade pêcheur Menu Fraîcheur  300g","p":2.65,"u":"8,83 €/KG","img":"https://fd9-photos.leclercdrive.fr/image.ashx?id=2645969&use=l&cat=p&typeid=i","cat":333657},{"id":52131,"n":"Filet de poulet Côté Table  Pomme de terre salardaise 300g","p":2.73,"u":"9,10 €/KG","img":"https://fd9-photos.leclercdrive.fr/image.ashx?id=2614476&use=l&cat=p&typeid=i","cat":333665},{"id":52134,"n":"Emmental -30% sel fromage bloc  Les Croisés - 200g","p":2.59,"u":"12,95 €/KG","img":"https://fd9-photos.leclercdrive.fr/image.ashx?id=2897790&use=l&cat=p&typeid=i","cat":314034},{"id":52141,"n":"Bâtonnets Dentastix Pedigree Moyen chien x7 - 180g","p":2.32,"u":"12,89 €/KG","img":"https://fd9-photos.leclercdrive.fr/image.ashx?id=2981301&use=l&cat=p&typeid=i","cat":294527},{"id":52142,"n":"Bâtonnets Dentastix Pedigree Grand chien x7 - 270g","p":3.48,"u":"12,89 €/KG","img":"https://fd9-photos.leclercdrive.fr/image.ashx?id=2877046&use=l&cat=p&typeid=i","cat":294527},{"id":52143,"n":"Bâtonnets Dentastix Pedigree Petit chien x7 - 110g","p":1.77,"u":"16,09 €/KG","img":"https://fd9-photos.leclercdrive.fr/image.ashx?id=2832338&use=l&cat=p&typeid=i","cat":294527},{"id":52170,"n":"Amandes effilées Vahiné 125g","p":3.66,"u":"29,28 €/KG","img":"https://fd9-photos.leclercdrive.fr/image.ashx?id=2490575&use=l&cat=p&typeid=i","cat":284504},{"id":52171,"n":"Noix de coco Vahiné  Râpée - 115g","p":1.76,"u":"15,30 €/KG","img":"https://fd9-photos.leclercdrive.fr/image.ashx?id=2559811&use=l&cat=p&typeid=i","cat":284504},{"id":52172,"n":"Noisettes en poudre Vahiné 100g","p":3.37,"u":"33,70 €/KG","img":"https://fd9-photos.leclercdrive.fr/image.ashx?id=2559823&use=l&cat=p&typeid=i","cat":284504},{"id":52175,"n":"Raisins secs Vahiné  125g","p":1.54,"u":"12,32 €/KG","img":"https://fd9-photos.leclercdrive.fr/image.ashx?id=2559820&use=l&cat=p&typeid=i","cat":284357},{"id":52176,"n":"Cerneaux de noix Vahiné 50g","p":1.74,"u":"34,80 €/KG","img":"https://fd9-photos.leclercdrive.fr/image.ashx?id=2606247&use=l&cat=p&typeid=i","cat":284504},{"id":52177,"n":"Pignons de pin Vahiné 50g","p":3.95,"u":"79,00 €/KG","img":"https://fd9-photos.leclercdrive.fr/image.ashx?id=2559799&use=l&cat=p&typeid=i","cat":284357},{"id":52286,"n":"Pilon de poulet blanc  Volaille Française - 1kg","p":5.75,"u":"5,75 €/KG","img":"https://fd9-photos.leclercdrive.fr/image.ashx?id=2551144&use=l&cat=p&typeid=i","cat":284336},{"id":52287,"n":"Haut de cuisse de poulet blanc Volaille Française - 1kg","p":5.08,"u":"5,08 €/KG","img":"https://fd9-photos.leclercdrive.fr/image.ashx?id=2551138&use=l&cat=p&typeid=i","cat":284336},{"id":52335,"n":"Sauce tomate cuisinée Panzani Tube légumes - 180g","p":0.99,"u":"5,50 €/KG","img":"https://fd9-photos.leclercdrive.fr/image.ashx?id=2984751&use=l&cat=p&typeid=i","cat":288384},{"id":52367,"n":"Whisky Ballantine's Finest Blended Scotch 40% vol - 1,5L","p":32.22,"u":"21,48 €/L","img":"https://fd9-photos.leclercdrive.fr/image.ashx?id=3000833&use=l&cat=p&typeid=i","cat":284547},{"id":52404,"n":"Yaourt nature bifidus Activia 12x125g","p":3.96,"u":"2,64 €/KG","img":"https://fd9-photos.leclercdrive.fr/image.ashx?id=2741703&use=l&cat=p&typeid=i","cat":315000},{"id":52412,"n":"Poélée Parisienne D'Aucy 2x580g","p":4.69,"u":"4,04 €/KG","img":"https://fd9-photos.leclercdrive.fr/image.ashx?id=2197558&use=l&cat=p&typeid=i","cat":312612},{"id":52582,"n":"Sauce Bolognaise Panzani - 210G","p":1.37,"u":"6,52 €/KG","img":"https://fd9-photos.leclercdrive.fr/image.ashx?id=2977927&use=l&cat=p&typeid=i","cat":287599},{"id":52618,"n":"Crème brulée Rians  3x100g","p":3.29,"u":"10,97 €/KG","img":"https://fd9-photos.leclercdrive.fr/image.ashx?id=2396246&use=l&cat=p&typeid=i","cat":284419},{"id":52625,"n":"Sauce Pommes de Terre Bénédicta - 255g","p":1.53,"u":"5,88 €/KG","img":"https://fd9-photos.leclercdrive.fr/image.ashx?id=2689925&use=l&cat=p&typeid=i","cat":318430},{"id":52631,"n":"Sauce Béarnaise Bénédicta - 260g","p":1.36,"u":"5,23 €/KG","img":"https://fd9-photos.leclercdrive.fr/image.ashx?id=2689931&use=l&cat=p&typeid=i","cat":318430},{"id":52632,"n":"Sauce au Poivre Bénédicta - 260g","p":1.44,"u":"5,54 €/KG","img":"https://fd9-photos.leclercdrive.fr/image.ashx?id=2689937&use=l&cat=p&typeid=i","cat":318430},{"id":52633,"n":"Sauce Tartare Bénédicta - 260g","p":1.52,"u":"5,85 €/KG","img":"https://fd9-photos.leclercdrive.fr/image.ashx?id=2689940&use=l&cat=p&typeid=i","cat":318430},{"id":52634,"n":"Sauce Bourguignonne Bénédicta - 260g","p":1.37,"u":"5,07 €/KG","img":"https://fd9-photos.leclercdrive.fr/image.ashx?id=2689943&use=l&cat=p&typeid=i","cat":318430},{"id":52673,"n":"Fromage Burger cheddar/emmental Président - 12 tranches - 200g","p":1.55,"u":"7,75 €/KG","img":"https://fd9-photos.leclercdrive.fr/image.ashx?id=2445024&use=l&cat=p&typeid=i","cat":314028},{"id":52679,"n":"Fromage cabecou Rians 22%mg - 3x35g","p":2.48,"u":"23,62 €/KG","img":"https://fd9-photos.leclercdrive.fr/image.ashx?id=2668455&use=l&cat=p&typeid=i","cat":314031},{"id":52684,"n":"Cheddar fromage râpé  Les Croisés - 200g","p":2.39,"u":"11,95 €/KG","img":"https://fd9-photos.leclercdrive.fr/image.ashx?id=2044381&use=l&cat=p&typeid=i","cat":314035},{"id":52700,"n":"Mini Caprice des Dieux Filet 5x50g","p":4.19,"u":"16,76 €/KG","img":"https://fd9-photos.leclercdrive.fr/image.ashx?id=2792318&use=l&cat=p&typeid=i","cat":314030},{"id":52701,"n":"Fromage Richesmonts Tartiflette - 450g","p":6.69,"u":"14,87 €/KG","img":"https://fd9-photos.leclercdrive.fr/image.ashx?id=3008182&use=l&cat=p&typeid=i","cat":314037},{"id":52703,"n":"Emmental à croquer Président 8 pièces - 144g","p":2.46,"u":"17,08 €/KG","img":"https://fd9-photos.leclercdrive.fr/image.ashx?id=2014535&use=l&cat=p&typeid=i","cat":314030},{"id":52704,"n":"Emmental Président 400g","p":4.39,"u":"10,98 €/KG","img":"https://fd9-photos.leclercdrive.fr/image.ashx?id=2752945&use=l&cat=p&typeid=i","cat":314034},{"id":52720,"n":"Essuie-tout blanc Mimosa Super absorbant - x3 compacts","p":3.99,"u":"1,33 €/P","img":"https://fd9-photos.leclercdrive.fr/image.ashx?id=2752631&use=l&cat=p&typeid=i","cat":284635},{"id":52757,"n":"Biscuits sablés Granola Chocolat au lait - 2x200g","p":2.74,"u":"6,85 €/KG","img":"https://fd9-photos.leclercdrive.fr/image.ashx?id=2347275&use=l&cat=p&typeid=i","cat":284488},{"id":52787,"n":"Velouté Pursoup' Liebig Légumes du soleil - 2x1L","p":5.36,"u":"2,68 €/L","img":"https://fd9-photos.leclercdrive.fr/image.ashx?id=2385425&use=l&cat=p&typeid=i","cat":284462},{"id":52788,"n":"Velouté Pursoup' Liebig Légumes facon pôelée - 2x1L","p":5.36,"u":"2,68 €/L","img":"https://fd9-photos.leclercdrive.fr/image.ashx?id=2385428&use=l&cat=p&typeid=i","cat":284462},{"id":52790,"n":"Fromage mi-chèvre Soignon 180g","p":2.12,"u":"11,78 €/KG","img":"https://fd9-photos.leclercdrive.fr/image.ashx?id=2734357&use=l&cat=p&typeid=i","cat":314031},{"id":52804,"n":"Fromage à Raclette RichesMonts  Classique 18 Tranches - 420g","p":5.06,"u":"12,05 €/KG","img":"https://fd9-photos.leclercdrive.fr/image.ashx?id=2953489&use=l&cat=p&typeid=i","cat":314037},{"id":52806,"n":"Fromage à Tartiner St Môret  Nature Léger - 300g","p":3.26,"u":"10,87 €/KG","img":"https://fd9-photos.leclercdrive.fr/image.ashx?id=2914507&use=l&cat=p&typeid=i","cat":314029},{"id":52810,"n":"Fromage raclette XXL Tranché 26%mg - 480g","p":5.89,"u":"12,27 €/KG","img":"https://fd9-photos.leclercdrive.fr/image.ashx?id=2793224&use=l&cat=p&typeid=i","cat":314037},{"id":52811,"n":"Fromage raclette fumée Les Croisés 26%mg - 250g","p":2.99,"u":"11,96 €/KG","img":"https://fd9-photos.leclercdrive.fr/image.ashx?id=2793236&use=l&cat=p&typeid=i","cat":314037},{"id":52812,"n":"Yaourt nature bifidus Activia 16x125g","p":4.78,"u":"2,39 €/KG","img":"https://fd9-photos.leclercdrive.fr/image.ashx?id=2831675&use=l&cat=p&typeid=i","cat":315000},{"id":52816,"n":"yaourt nature bifidus Activia 8x125g","p":2.89,"u":"2,89 €/KG","img":"https://fd9-photos.leclercdrive.fr/image.ashx?id=2741709&use=l&cat=p&typeid=i","cat":315000},{"id":52818,"n":"Fromage à tartiner Boursin Figue et 3 noix - 150g","p":2.45,"u":"16,33 €/KG","img":"https://fd9-photos.leclercdrive.fr/image.ashx?id=2962062&use=l&cat=p&typeid=i","cat":314029},{"id":52820,"n":"Fromage Mont d'Or AOP  Nos Régions ont du Talent -400g","p":7.59,"u":"18,98 €/KG","img":"https://fd9-photos.leclercdrive.fr/image.ashx?id=2934841&use=l&cat=p&typeid=i","cat":314037},{"id":52958,"n":"Café dosettes Tassimo L'Or Espresso Classique x16","p":4.76,"u":"45,77 €/KG","img":"https://fd9-photos.leclercdrive.fr/image.ashx?id=2507335&use=l&cat=p&typeid=i","cat":293240},{"id":52962,"n":"Biscuits fourrés Prince Chocolat - 300g","p":1.35,"u":"4,50 €/KG","img":"https://fd9-photos.leclercdrive.fr/image.ashx?id=3014638&use=l&cat=p&typeid=i","cat":284488},{"id":52979,"n":"Truite fumée de Bretagne NRT x4 - 120g","p":5.39,"u":"44,92 €/KG","img":"https://fd9-photos.leclercdrive.fr/image.ashx?id=2663851&use=l&cat=p&typeid=i","cat":285188},{"id":53032,"n":"Essuie-tout décoré Mimosa x3 compacts","p":3.82,"u":"1,27 €/P","img":"https://fd9-photos.leclercdrive.fr/image.ashx?id=2752634&use=l&cat=p&typeid=i","cat":284635},{"id":53033,"n":"Essuie-tout décoré Mimosa x2 compacts","p":2.99,"u":"1,50 €/P","img":"https://fd9-photos.leclercdrive.fr/image.ashx?id=2752637&use=l&cat=p&typeid=i","cat":284635},{"id":53064,"n":"Eponges grattantes Mamison  Vaisselle délicate - x2","p":1.26,"u":"0,63 €/P","img":"https://fd9-photos.leclercdrive.fr/image.ashx?id=2202440&use=l&cat=p&typeid=i","cat":284667},{"id":53065,"n":"Eponges grattantes Mamison  Récurage difficile - x2","p":1.27,"u":"0,64 €/P","img":"https://fd9-photos.leclercdrive.fr/image.ashx?id=2207733&use=l&cat=p&typeid=i","cat":284667},{"id":53067,"n":"Recharge désodorisant Bien Air  Floral - 15ml","p":1.55,"u":"103,33 €/L","img":"https://fd9-photos.leclercdrive.fr/image.ashx?id=2467655&use=l&cat=p&typeid=i","cat":311629},{"id":53135,"n":"Crozets de Savoie NRT Nature - 400g","p":2.35,"u":"5,88 €/KG","img":"https://fd9-photos.leclercdrive.fr/image.ashx?id=2856226&use=l&cat=p&typeid=i","cat":284427},{"id":53167,"n":"Gaufres liégoise P'tit Déli Nappée chocolat - x7 - 402g","p":2.61,"u":"6,49 €/KG","img":"https://fd9-photos.leclercdrive.fr/image.ashx?id=1965560&use=l&cat=p&typeid=i","cat":294777},{"id":53168,"n":"Snacks chats Tous mes amis Hygiène dentaire mini - 40g","p":0.99,"u":"24,75 €/KG","img":"https://fd9-photos.leclercdrive.fr/image.ashx?id=1946868&use=l&cat=p&typeid=i","cat":285285},{"id":53170,"n":"Dés fromage de Brebis Herbes de Provence Les Croisés - 300g","p":2.83,"u":"9,43 €/KG","img":"https://fd9-photos.leclercdrive.fr/image.ashx?id=2900531&use=l&cat=p&typeid=i","cat":314027},{"id":53396,"n":"Yaourt nature bifidus Activia 4x125g","p":1.39,"u":"2,78 €/KG","img":"https://fd9-photos.leclercdrive.fr/image.ashx?id=2885944&use=l&cat=p&typeid=i","cat":315000},{"id":53412,"n":"Activateur biologique Eparcyl  Fosse septique - 864g x24","p":6.92,"u":"8,01 €/KG","img":"https://fd9-photos.leclercdrive.fr/image.ashx?id=2890085&use=l&cat=p&typeid=i","cat":284908},{"id":53474,"n":"Bloc de foie gras pour apéritif Pierre De Chaumeyrac - 100g","p":6.39,"u":"63,90 €/KG","img":"https://fd9-photos.leclercdrive.fr/image.ashx?id=2804332&use=l&cat=p&typeid=i","cat":316008},{"id":53508,"n":"Fine chapelure de pain Tipiak 275g","p":0.6,"u":"2,18 €/KG","img":"https://fd9-photos.leclercdrive.fr/image.ashx?id=2594124&use=l&cat=p&typeid=i","cat":288382},{"id":53597,"n":"AIRWICK Essential Mist Recharge  Fleur de citronnier - 250ml","p":5.35,"u":"267,50 €/L","img":"https://fd9-photos.leclercdrive.fr/image.ashx?id=2864354&use=l&cat=p&typeid=i","cat":311629},{"id":53600,"n":"Recharge spray Bien Air Automatique japon - 250ml","p":2.39,"u":"9,56 €/L","img":"https://fd9-photos.leclercdrive.fr/image.ashx?id=2974963&use=l&cat=p&typeid=i","cat":311629},{"id":53601,"n":"Recharge spray Bien Air Vanille ambré automatique 250ml","p":2.39,"u":"9,56 €/L","img":"https://fd9-photos.leclercdrive.fr/image.ashx?id=2991136&use=l&cat=p&typeid=i","cat":311629},{"id":53606,"n":"Salade Mexicaine Côté Snack Au thon - 250g","p":1.89,"u":"7,56 €/KG","img":"https://fd9-photos.leclercdrive.fr/image.ashx?id=2884255&use=l&cat=p&typeid=i","cat":284437},{"id":53607,"n":"Salade Piémontaise Côté Snack Thon - 250g","p":1.9,"u":"7,60 €/KG","img":"https://fd9-photos.leclercdrive.fr/image.ashx?id=2868319&use=l&cat=p&typeid=i","cat":284437},{"id":53660,"n":"Rôti de boeuf Fleury Michon Doré au four x4 - 120g","p":3.91,"u":"32,58 €/KG","img":"https://fd9-photos.leclercdrive.fr/image.ashx?id=2313825&use=l&cat=p&typeid=i","cat":316009},{"id":53663,"n":"Dés d'épaule Fleury Michon - 2x75g","p":1.45,"u":"9,67 €/KG","img":"https://fd9-photos.leclercdrive.fr/image.ashx?id=2650429&use=l&cat=p&typeid=i","cat":316011},{"id":53669,"n":"Assortiment Justin Bridou  4 charcuteries - 260g","p":5.58,"u":"21,46 €/KG","img":"https://fd9-photos.leclercdrive.fr/image.ashx?id=2770783&use=l&cat=p&typeid=i","cat":316007},{"id":53776,"n":"Brioche tressée Pasquier Nature - 630g","p":2.77,"u":"4,40 €/KG","img":"https://fd9-photos.leclercdrive.fr/image.ashx?id=2850946&use=l&cat=p&typeid=i","cat":284478},{"id":53783,"n":"Lait de coco Suzi Wan 200ml","p":1.26,"u":"6,30 €/L","img":"https://fd9-photos.leclercdrive.fr/image.ashx?id=3002177&use=l&cat=p&typeid=i","cat":288992},{"id":53816,"n":"Chocolats Ferrero Collection Assortiments x32- 359g","p":12.48,"u":"34,76 €/KG","img":"https://fd9-photos.leclercdrive.fr/image.ashx?id=2940507&use=l&cat=p&typeid=i","cat":327595},{"id":53838,"n":"Emmental râpé Président sel réduit 30% - 150g","p":2.34,"u":"15,60 €/KG","img":"https://fd9-photos.leclercdrive.fr/image.ashx?id=2489461&use=l&cat=p&typeid=i","cat":314035},{"id":53839,"n":"Râpé 3 saveurs Président 200g","p":2.93,"u":"14,65 €/KG","img":"https://fd9-photos.leclercdrive.fr/image.ashx?id=2786006&use=l&cat=p&typeid=i","cat":314035},{"id":53899,"n":"Eau minérale gazeuse Perrier  Naturelle - 6x1L","p":3.89,"u":"0,65 €/L","img":"https://fd9-photos.leclercdrive.fr/image.ashx?id=2454463&use=l&cat=p&typeid=i","cat":284536},{"id":53902,"n":"Eau minérale gazeuse Perrier  Fines bulles - 6x1L","p":3.66,"u":"0,61 €/L","img":"https://fd9-photos.leclercdrive.fr/image.ashx?id=2830924&use=l&cat=p&typeid=i","cat":284536},{"id":53931,"n":"Fromage apéritif BoursinFromage Tomates et Basilic 20 roulés","p":3.72,"u":"37,20 €/KG","img":"https://fd9-photos.leclercdrive.fr/image.ashx?id=2918592&use=l&cat=p&typeid=i","cat":314027},{"id":53936,"n":"Dés de fromage salade Boursin Echalote ciboulette - 120g","p":2.45,"u":"20,42 €/KG","img":"https://fd9-photos.leclercdrive.fr/image.ashx?id=2865671&use=l&cat=p&typeid=i","cat":314027},{"id":53941,"n":"Fromage apéritif Boursin Echalote ciboulette 20 roulés","p":3.67,"u":"36,70 €/KG","img":"https://fd9-photos.leclercdrive.fr/image.ashx?id=2918595&use=l&cat=p&typeid=i","cat":314027},{"id":53944,"n":"Fromage à tartiner Boursin Ail et fines herbes - 250g","p":3.4,"u":"13,60 €/KG","img":"https://fd9-photos.leclercdrive.fr/image.ashx?id=2999853&use=l&cat=p&typeid=i","cat":314029},{"id":53946,"n":"Fromage à tartiner Boursin Echalote et ciboulette - 150g","p":2.31,"u":"15,40 €/KG","img":"https://fd9-photos.leclercdrive.fr/image.ashx?id=2962059&use=l&cat=p&typeid=i","cat":314029},{"id":54162,"n":"Fromage blanc 0%mg  Soignon Au lait de chèvre - 4x100g","p":2.35,"u":"5,88 €/KG","img":"https://fd9-photos.leclercdrive.fr/image.ashx?id=2518253&use=l&cat=p&typeid=i","cat":314998},{"id":54299,"n":"Désodorisant Bien Air Mèche active Fruit rouge 375ml","p":1.65,"u":"4,40 €/L","img":"https://fd9-photos.leclercdrive.fr/image.ashx?id=2777806&use=l&cat=p&typeid=i","cat":311628},{"id":54300,"n":"Désodorisant Bien Air Mèche active agrume 375ml","p":1.65,"u":"4,40 €/L","img":"https://fd9-photos.leclercdrive.fr/image.ashx?id=2777809&use=l&cat=p&typeid=i","cat":311628},{"id":54311,"n":"Bière blonde Bio Jade 4.5%vol - 6x25cl","p":6.14,"u":"4,09 €/L","img":"https://fd9-photos.leclercdrive.fr/image.ashx?id=2511282&use=l&cat=p&typeid=i","cat":334873},{"id":54346,"n":"Barre Chocolatée KINDER Country  Céréales chocolat x10 - 235g","p":3.64,"u":"15,49 €/KG","img":"https://fd9-photos.leclercdrive.fr/image.ashx?id=2231942&use=l&cat=p&typeid=i","cat":284498},{"id":54351,"n":"Crème dessert Délisse Chocolat noisette - 4x125g","p":1.05,"u":"2,10 €/KG","img":"https://fd9-photos.leclercdrive.fr/image.ashx?id=2760810&use=l&cat=p&typeid=i","cat":285041},{"id":54372,"n":"Spécialité au soja Nat&Vie Caramel - 4x100g","p":1.5,"u":"3,75 €/P","img":"https://fd9-photos.leclercdrive.fr/image.ashx?id=2901467&use=l&cat=p&typeid=i","cat":316071},{"id":54385,"n":"Coupelles Ananas DDV Sirop léger - 4x70g","p":2.74,"u":"9,79 €/KG","img":"https://fd9-photos.leclercdrive.fr/image.ashx?id=2100793&use=l&cat=p&typeid=i","cat":284507},{"id":54386,"n":"Gâteau multicouche P'tit Déli Genoise fourré chocolat - 175g","p":1.27,"u":"7,26 €/KG","img":"https://fd9-photos.leclercdrive.fr/image.ashx?id=2416538&use=l&cat=p&typeid=i","cat":284495},{"id":54396,"n":"Salade Catalane Côté Snack Thon à la catalane - 250g","p":2.17,"u":"8,68 €/KG","img":"https://fd9-photos.leclercdrive.fr/image.ashx?id=2910589&use=l&cat=p&typeid=i","cat":284437},{"id":54404,"n":"Sauce Tomacouli Panzani - 3X200G","p":1.61,"u":"2,68 €/KG","img":"https://fd9-photos.leclercdrive.fr/image.ashx?id=2744623&use=l&cat=p&typeid=i","cat":288384},{"id":54405,"n":"Sauce Tomacouli Panzani - 700G","p":1.59,"u":"2,27 €/KG","img":"https://fd9-photos.leclercdrive.fr/image.ashx?id=2744632&use=l&cat=p&typeid=i","cat":288384},{"id":54415,"n":"Bâtonnet à mâcher Dentalife  Petit chien - x21 - 345g","p":3.92,"u":"11,36 €/KG","img":"https://fd9-photos.leclercdrive.fr/image.ashx?id=2897339&use=l&cat=p&typeid=i","cat":294527},{"id":54416,"n":"Bâtonnet à macher Dentalife Chien moyen - 345g","p":3.87,"u":"11,22 €/KG","img":"https://fd9-photos.leclercdrive.fr/image.ashx?id=2896426&use=l&cat=p&typeid=i","cat":294527},{"id":54417,"n":"Barre chocolat lait P'tit Déli x5 - 130g","p":1.5,"u":"11,54 €/KG","img":"https://fd9-photos.leclercdrive.fr/image.ashx?id=2568936&use=l&cat=p&typeid=i","cat":284488},{"id":54418,"n":"Bâtonnet à mâche Dentalife Grand chien x12 - 426g","p":3.77,"u":"8,85 €/KG","img":"https://fd9-photos.leclercdrive.fr/image.ashx?id=2897342&use=l&cat=p&typeid=i","cat":294527},{"id":54425,"n":"Batônnets Surimi Pêche Océan MSC - x48 - 800g","p":4.34,"u":"5,43 €/KG","img":"https://fd9-photos.leclercdrive.fr/image.ashx?id=3004615&use=l&cat=p&typeid=i","cat":285189},{"id":54430,"n":"Salade Italienne Côté Snack Au thon - 250g","p":2.18,"u":"8,72 €/KG","img":"https://fd9-photos.leclercdrive.fr/image.ashx?id=2927910&use=l&cat=p&typeid=i","cat":284437},{"id":54471,"n":"Madeleines longues Le Ster Marbrées choco - 250g","p":1.73,"u":"6,92 €/KG","img":"https://fd9-photos.leclercdrive.fr/image.ashx?id=2962548&use=l&cat=p&typeid=i","cat":284492},{"id":54494,"n":"Biscuits Petit Ecolier LU Chocolat au lait - 2x150g","p":3.33,"u":"11,10 €/KG","img":"https://fd9-photos.leclercdrive.fr/image.ashx?id=3009122&use=l&cat=p&typeid=i","cat":284488},{"id":54496,"n":"Gâteaux fourrés Milka Chocolat - 175g","p":1.7,"u":"9,71 €/KG","img":"https://fd9-photos.leclercdrive.fr/image.ashx?id=3005338&use=l&cat=p&typeid=i","cat":284495},{"id":54513,"n":"Falafels Végé - 200g","p":1.99,"u":"9,95 €/KG","img":"https://fd9-photos.leclercdrive.fr/image.ashx?id=2852127&use=l&cat=p&typeid=i","cat":316036},{"id":54518,"n":"Couscous royale Côté Table 800g","p":4.79,"u":"5,99 €/KG","img":"https://fd9-photos.leclercdrive.fr/image.ashx?id=2607945&use=l&cat=p&typeid=i","cat":333666},{"id":54520,"n":"Pâte a pizza Tablier Blanc Rectangle - 385g","p":1.3,"u":"3,38 €/KG","img":"https://fd9-photos.leclercdrive.fr/image.ashx?id=2635925&use=l&cat=p&typeid=i","cat":333681},{"id":54522,"n":"Pâte feuilletée Tablier Blanc A dérouler - x2 - 460g","p":1.48,"u":"3,22 €/KG","img":"https://fd9-photos.leclercdrive.fr/image.ashx?id=2635928&use=l&cat=p&typeid=i","cat":333681},{"id":54523,"n":"Nuggets végétales Végé - 200g","p":1.52,"u":"7,60 €/KG","img":"https://fd9-photos.leclercdrive.fr/image.ashx?id=2865263&use=l&cat=p&typeid=i","cat":316036},{"id":54525,"n":"Paëlla Royale Côté Table 800g","p":5.78,"u":"7,23 €/KG","img":"https://fd9-photos.leclercdrive.fr/image.ashx?id=2614488&use=l&cat=p&typeid=i","cat":333666},{"id":54612,"n":"Corn Flakes bio Bio Village Nature - 375g","p":2.4,"u":"6,40 €/KG","img":"https://fd9-photos.leclercdrive.fr/image.ashx?id=2835226&use=l&cat=p&typeid=i","cat":309513},{"id":54723,"n":"Mille feuilles  2x1 p","p":4.5,"u":"2,25 €/P","img":"https://fd9-photos.leclercdrive.fr/image.ashx?id=557992&use=l&cat=p&typeid=i","cat":284360},{"id":54926,"n":"Mousse liégeoise Viennois  Café - 4x90g","p":1.81,"u":"5,03 €/KG","img":"https://fd9-photos.leclercdrive.fr/image.ashx?id=2729788&use=l&cat=p&typeid=i","cat":284417},{"id":54944,"n":"Cône Nestlé Extrême  Café intense - 6x71g","p":3.29,"u":"7,72 €/KG","img":"https://fd9-photos.leclercdrive.fr/image.ashx?id=3000435&use=l&cat=p&typeid=i","cat":284264},{"id":54957,"n":"Cône Extrême Nestle Vanille Fraise - 6x71g","p":3.57,"u":"8,38 €/KG","img":"https://fd9-photos.leclercdrive.fr/image.ashx?id=2353113&use=l&cat=p&typeid=i","cat":284264},{"id":54959,"n":"Cône Extrême Intense Nestle Pistache Chocolat - 6x71g","p":3.39,"u":"7,96 €/KG","img":"https://fd9-photos.leclercdrive.fr/image.ashx?id=2353116&use=l&cat=p&typeid=i","cat":284264},{"id":55085,"n":"Fine chapelure de pain Tipiak  500g","p":1.24,"u":"2,48 €/KG","img":"https://fd9-photos.leclercdrive.fr/image.ashx?id=2648277&use=l&cat=p&typeid=i","cat":288382},{"id":55090,"n":"AOP Bordeaux rouge Mouton Cadet - 75cl","p":8.9,"u":"11,87 €/L","img":"https://fd9-photos.leclercdrive.fr/image.ashx?id=2959940&use=l&cat=p&typeid=i","cat":289556},{"id":55102,"n":"Dentifrice expert Bionaïa Menthe Bio - 75ml","p":1.79,"u":"23,87 €/L","img":"https://fd9-photos.leclercdrive.fr/image.ashx?id=2529540&use=l&cat=p&typeid=i","cat":284612},{"id":55109,"n":"Recharge brosse à dents Dentamyl Sensitive x2","p":6.99,"u":"3,50 €/P","img":"https://fd9-photos.leclercdrive.fr/image.ashx?id=2790991&use=l&cat=p&typeid=i","cat":297133},{"id":55144,"n":"Emincés de poulet Fleury Michon Rôti sans nitrite 2x75g","p":2.47,"u":"16,47 €/KG","img":"https://fd9-photos.leclercdrive.fr/image.ashx?id=2649804&use=l&cat=p&typeid=i","cat":316011},{"id":55145,"n":"Allumettes Fleury Michon Jambon cuit - 2x75g","p":1.23,"u":"8,20 €/KG","img":"https://fd9-photos.leclercdrive.fr/image.ashx?id=2651047&use=l&cat=p&typeid=i","cat":316011},{"id":55146,"n":"Jambon à poêler Fleury Michon 2x80g","p":2.81,"u":"17,56 €/KG","img":"https://fd9-photos.leclercdrive.fr/image.ashx?id=2975155&use=l&cat=p&typeid=i","cat":316009},{"id":55197,"n":"Plat bébé soir Blédiner 12 mois Macaroni ratatouille - 2x200g","p":2.44,"u":"6,10 €/KG","img":"https://fd9-photos.leclercdrive.fr/image.ashx?id=2845826&use=l&cat=p&typeid=i","cat":312239},{"id":55206,"n":"Plat bébé Blédina 12 mois Pâtes tomate jambon - 2x200g","p":2.99,"u":"7,48 €/KG","img":"https://fd9-photos.leclercdrive.fr/image.ashx?id=2975071&use=l&cat=p&typeid=i","cat":312237},{"id":55209,"n":"Fromage Chaource AOP 500g","p":7.1,"u":"14,20 €/KG","img":"https://fd9-photos.leclercdrive.fr/image.ashx?id=2967103&use=l&cat=p&typeid=i","cat":329558},{"id":55260,"n":"Rôti de porc supérieur L'Atelier Charcuterie x4 -180g","p":3.68,"u":"20,44 €/KG","img":"https://fd9-photos.leclercdrive.fr/image.ashx?id=2998856&use=l&cat=p&typeid=i","cat":316009},{"id":55261,"n":"Pâté de campagne Breton L'Atelier Charcuterie - 170g","p":2.39,"u":"14,06 €/KG","img":"https://fd9-photos.leclercdrive.fr/image.ashx?id=2448285&use=l&cat=p&typeid=i","cat":316008},{"id":55262,"n":"Pâté Campagne Supérieur L'Atelier Charcuterie - 170g","p":2.08,"u":"12,24 €/KG","img":"https://fd9-photos.leclercdrive.fr/image.ashx?id=2905862&use=l&cat=p&typeid=i","cat":316008},{"id":55263,"n":"Terrine de lapin  L'Atelier Charcuterie - 170g","p":3.99,"u":"23,47 €/KG","img":"https://fd9-photos.leclercdrive.fr/image.ashx?id=2974702&use=l&cat=p&typeid=i","cat":316008},{"id":55264,"n":"Mousse de foie Supérieure L'Atelier Charcuterie - 170g","p":2.19,"u":"12,88 €/KG","img":"https://fd9-photos.leclercdrive.fr/image.ashx?id=2882289&use=l&cat=p&typeid=i","cat":316008},{"id":55265,"n":"Mousse de canard Supérieure L'Atelier Charcuterie - 170g","p":2.71,"u":"15,94 €/KG","img":"https://fd9-photos.leclercdrive.fr/image.ashx?id=2882529&use=l&cat=p&typeid=i","cat":316008},{"id":55267,"n":"Tête roulée L'Atelier Charcuterie x4 - 170g","p":3.38,"u":"19,88 €/KG","img":"https://fd9-photos.leclercdrive.fr/image.ashx?id=2955264&use=l&cat=p&typeid=i","cat":316008},{"id":55269,"n":"Boudin noir oignons rissolés L'Atelier Charcuterie x3 - 375g","p":4.04,"u":"10,77 €/KG","img":"https://fd9-photos.leclercdrive.fr/image.ashx?id=2765825&use=l&cat=p&typeid=i","cat":316012},{"id":55287,"n":"Bougie d'anniversaire Ardence Couleur divers -Chiffre 2 - x1","p":0.43,"img":"https://fd9-photos.leclercdrive.fr/image.ashx?id=2051894&use=l&cat=p&typeid=i","cat":335913},{"id":55377,"n":"Bougie Bien Air Fruits rouges 30heures - x1","p":2.19,"img":"https://fd9-photos.leclercdrive.fr/image.ashx?id=2939073&use=l&cat=p&typeid=i","cat":284666},{"id":55381,"n":"Cacahuètes Tokapi  Grillées à sec - 120g","p":0.47,"u":"3,92 €/KG","img":"https://fd9-photos.leclercdrive.fr/image.ashx?id=2799778&use=l&cat=p&typeid=i","cat":284448},{"id":55415,"n":"Bougie Bien Air Anti-tabac 30h - x1","p":1.83,"img":"https://fd9-photos.leclercdrive.fr/image.ashx?id=2999613&use=l&cat=p&typeid=i","cat":284666},{"id":55416,"n":"Recharge adhésive Mamison  36 feuilles-  x2","p":2.22,"img":"https://fd9-photos.leclercdrive.fr/image.ashx?id=1066450&use=l&cat=p&typeid=i","cat":284669},{"id":55429,"n":"Crème Chantilly UHT Président Aérosol sucré aromatisé - 250g","p":3.05,"u":"12,20 €/KG","img":"https://fd9-photos.leclercdrive.fr/image.ashx?id=2860169&use=l&cat=p&typeid=i","cat":284382},{"id":55439,"n":"Salade Niçoise Côté Snack Au thon - 250g","p":1.77,"u":"7,08 €/KG","img":"https://fd9-photos.leclercdrive.fr/image.ashx?id=2868316&use=l&cat=p&typeid=i","cat":284437},{"id":55442,"n":"Salade Parisienne Côté Snack Au thon - 250g","p":2.49,"u":"9,96 €/KG","img":"https://fd9-photos.leclercdrive.fr/image.ashx?id=2394678&use=l&cat=p&typeid=i","cat":284437},{"id":55573,"n":"Soda Coca-Cola Original Bouteille - 1L","p":1.7,"u":"1,70 €/L","img":"https://fd9-photos.leclercdrive.fr/image.ashx?id=2194409&use=l&cat=p&typeid=i","cat":284530},{"id":55642,"n":"Ramette Esquisse x500 - A4 - 100g - Ultra blanc","p":7.9,"img":"https://fd9-photos.leclercdrive.fr/image.ashx?id=2943250&use=l&cat=p&typeid=i","cat":284697},{"id":55700,"n":"Haricots Verts Cassegrain Extra Fins Ceuillis main 110g","p":1.34,"u":"12,18 €/KG","img":"https://fd9-photos.leclercdrive.fr/image.ashx?id=2913034&use=l&cat=p&typeid=i","cat":312606},{"id":55887,"n":"Bougie Bien Air Vanille Caramel 30h - x1","p":1.8,"img":"https://fd9-photos.leclercdrive.fr/image.ashx?id=2399761&use=l&cat=p&typeid=i","cat":284666},{"id":55949,"n":"Riz soja bio Céréal Bio  à l'espagnol repas express-220g","p":2.29,"u":"10,41 €/KG","img":"https://fd9-photos.leclercdrive.fr/image.ashx?id=2575093&use=l&cat=p&typeid=i","cat":287600},{"id":56156,"n":"Saucisson sec des Pyrénées NRT 250g","p":4.49,"u":"17,96 €/KG","img":"https://fd9-photos.leclercdrive.fr/image.ashx?id=2917178&use=l&cat=p&typeid=i","cat":316006},{"id":56157,"n":"Saucisse sèche des Pyrénées NRT 250g","p":4.49,"u":"17,96 €/KG","img":"https://fd9-photos.leclercdrive.fr/image.ashx?id=2917181&use=l&cat=p&typeid=i","cat":316006},{"id":56418,"n":"Vinaigre de cidre Bio Village Bio 75cl","p":2.09,"u":"2,79 €/L","img":"https://fd9-photos.leclercdrive.fr/image.ashx?id=1069902&use=l&cat=p&typeid=i","cat":298543},{"id":56440,"n":"Biscuit Citron Yuzu GERBLE  sans sucre 6 132g","p":1.89,"u":"14,32 €/KG","img":"https://fd9-photos.leclercdrive.fr/image.ashx?id=2664016&use=l&cat=p&typeid=i","cat":318653},{"id":56444,"n":"Biscuits chocolat amande GERBLE  - 4x4, 200g","p":1.8,"u":"9,00 €/KG","img":"https://fd9-photos.leclercdrive.fr/image.ashx?id=2967004&use=l&cat=p&typeid=i","cat":318651},{"id":56456,"n":"Biscuit Coco GERBLE  sans sucre - 132g","p":1.93,"u":"14,62 €/KG","img":"https://fd9-photos.leclercdrive.fr/image.ashx?id=2662826&use=l&cat=p&typeid=i","cat":318653},{"id":56457,"n":"Biscuit Sésame Vanille GERBLE  sans sucres - 132g","p":1.96,"u":"14,85 €/KG","img":"https://fd9-photos.leclercdrive.fr/image.ashx?id=2664013&use=l&cat=p&typeid=i","cat":318653},{"id":56517,"n":"Eau minérale naturelle Contrex 6x1.5L","p":3.0,"u":"0,33 €/L","img":"https://fd9-photos.leclercdrive.fr/image.ashx?id=2758773&use=l&cat=p&typeid=i","cat":284535},{"id":56547,"n":"Flocons d'avoine bio Bio Village - 500g","p":1.48,"u":"2,96 €/KG","img":"https://fd9-photos.leclercdrive.fr/image.ashx?id=2688243&use=l&cat=p&typeid=i","cat":309512},{"id":56552,"n":"Chocolat en poudre Nesquik  Moins de sucres 350g","p":3.89,"u":"11,11 €/KG","img":"https://fd9-photos.leclercdrive.fr/image.ashx?id=2629677&use=l&cat=p&typeid=i","cat":293235},{"id":56558,"n":"Croquettes chat Tous mes amis Boeuf/poulet/légumes - 7.5kg","p":10.46,"u":"1,39 €/KG","img":"https://fd9-photos.leclercdrive.fr/image.ashx?id=2319118&use=l&cat=p&typeid=i","cat":284680},{"id":56609,"n":"Fromage à tartiner Madame Loïk Fouetté Nature - 320g","p":3.25,"u":"10,16 €/KG","img":"https://fd9-photos.leclercdrive.fr/image.ashx?id=2967798&use=l&cat=p&typeid=i","cat":314029},{"id":56610,"n":"Fromage à tartiner Madame Loïk Fouetté Nature - 180g","p":2.02,"u":"11,22 €/KG","img":"https://fd9-photos.leclercdrive.fr/image.ashx?id=2948015&use=l&cat=p&typeid=i","cat":314029},{"id":56613,"n":"IGP Pays d'Oc rouge Merlot Grand Sud 13.5% vol - BIB 5L","p":18.11,"u":"3,62 €/L","img":"https://fd9-photos.leclercdrive.fr/image.ashx?id=2837457&use=l&cat=p&typeid=i","cat":289556},{"id":56683,"n":"Pur jus d'ananas Bio Village  Bio - 1L","p":3.81,"u":"3,81 €/L","img":"https://fd9-photos.leclercdrive.fr/image.ashx?id=2901539&use=l&cat=p&typeid=i","cat":284916},{"id":56741,"n":"Fromage raclette Entremont  Sans croûte - 350g","p":4.81,"u":"13,74 €/KG","img":"https://fd9-photos.leclercdrive.fr/image.ashx?id=2980902&use=l&cat=p&typeid=i","cat":314037},{"id":56770,"n":"Fleur de sel de Guérande IGP  NRT - 125g","p":2.49,"u":"19,92 €/KG","img":"https://fd9-photos.leclercdrive.fr/image.ashx?id=2644924&use=l&cat=p&typeid=i","cat":284457},{"id":56831,"n":"Nuggets de poulet Maître Coq Sachet - 1kg","p":5.79,"u":"5,79 €/KG","img":"https://fd9-photos.leclercdrive.fr/image.ashx?id=2936404&use=l&cat=p&typeid=i","cat":319780},{"id":56845,"n":"Bâtonnets de poisson Findus  Colin d'Alaska MSC x16 - 448g","p":4.41,"u":"9,84 €/KG","img":"https://fd9-photos.leclercdrive.fr/image.ashx?id=2650684&use=l&cat=p&typeid=i","cat":319788},{"id":56872,"n":"Tartiflette Côté Table  350g","p":2.74,"u":"7,83 €/KG","img":"https://fd9-photos.leclercdrive.fr/image.ashx?id=2970456&use=l&cat=p&typeid=i","cat":284953},{"id":56873,"n":"Hachis parmentier Côté Table 350g","p":2.53,"u":"7,23 €/KG","img":"https://fd9-photos.leclercdrive.fr/image.ashx?id=2393893&use=l&cat=p&typeid=i","cat":284953},{"id":56874,"n":"Lasagnes bolognaise Côté Table Barquette - 350g","p":2.39,"u":"6,83 €/KG","img":"https://fd9-photos.leclercdrive.fr/image.ashx?id=2476164&use=l&cat=p&typeid=i","cat":284953},{"id":56881,"n":"Bavettes marinées Socopa Fondue echalotes - x2 - 300g","p":7.3,"u":"24,33 €/KG","img":"https://fd9-photos.leclercdrive.fr/image.ashx?id=2414606&use=l&cat=p&typeid=i","cat":284328},{"id":56883,"n":"Recharge essential mist AirWick Jasmin étoile - 20ml","p":4.99,"u":"249,50 €/L","img":"https://fd9-photos.leclercdrive.fr/image.ashx?id=1596122&use=l&cat=p&typeid=i","cat":311629},{"id":56884,"n":"Merguez fortes Socopa  A la Marocaine - 6x55g","p":5.74,"u":"17,39 €/KG","img":"https://fd9-photos.leclercdrive.fr/image.ashx?id=2972859&use=l&cat=p&typeid=i","cat":284334},{"id":56887,"n":"Burger du chef Socopa Spécial burger 15%MG - 250g","p":4.12,"u":"16,48 €/KG","img":"https://fd9-photos.leclercdrive.fr/image.ashx?id=2456159&use=l&cat=p&typeid=i","cat":284332},{"id":56919,"n":"Bière blonde Pelforth 5.8%vol - 20x25cl","p":10.53,"u":"2,11 €/L","img":"https://fd9-photos.leclercdrive.fr/image.ashx?id=2764523&use=l&cat=p&typeid=i","cat":334873},{"id":56935,"n":"Pâte à tartiner Nutella 400g","p":3.35,"u":"8,38 €/KG","img":"https://fd9-photos.leclercdrive.fr/image.ashx?id=2935645&use=l&cat=p&typeid=i","cat":284481},{"id":56953,"n":"Cordons bleus Côté Croc Au poulet x2 - 200g","p":1.59,"u":"7,95 €/KG","img":"https://fd9-photos.leclercdrive.fr/image.ashx?id=2801046&use=l&cat=p&typeid=i","cat":333683},{"id":56967,"n":"Biscuits déli Matin P'tit Deli Pepites chocolat -  600g","p":3.31,"u":"5,52 €/KG","img":"https://fd9-photos.leclercdrive.fr/image.ashx?id=2999514&use=l&cat=p&typeid=i","cat":284491},{"id":56975,"n":"Saucisson sec Saint-Azay Pur porc - 250g","p":4.09,"u":"16,36 €/KG","img":"https://fd9-photos.leclercdrive.fr/image.ashx?id=2967579&use=l&cat=p&typeid=i","cat":316006},{"id":56996,"n":"Jus de fruit Jafaden  Pur jus multifruits - 2L","p":2.59,"u":"1,30 €/L","img":"https://fd9-photos.leclercdrive.fr/image.ashx?id=2920196&use=l&cat=p&typeid=i","cat":284917},{"id":57007,"n":"Fromage tartiflette Les Croisés 27%mg - 250g","p":2.88,"u":"11,52 €/KG","img":"https://fd9-photos.leclercdrive.fr/image.ashx?id=2793248&use=l&cat=p&typeid=i","cat":314037},{"id":57017,"n":"Friandises chat Catisfactions Poulet - 60g","p":1.16,"u":"19,33 €/KG","img":"https://fd9-photos.leclercdrive.fr/image.ashx?id=2914762&use=l&cat=p&typeid=i","cat":285285},{"id":57030,"n":"Fromage Morbier NRT AOP  250g","p":3.59,"u":"14,36 €/KG","img":"https://fd9-photos.leclercdrive.fr/image.ashx?id=2624034&use=l&cat=p&typeid=i","cat":329184},{"id":57034,"n":"Fromage Mini Mont d'Or NRT AOP  x1 - 400g","p":8.85,"u":"22,13 €/KG","img":"https://fd9-photos.leclercdrive.fr/image.ashx?id=2934844&use=l&cat=p&typeid=i","cat":314037},{"id":57040,"n":"Bière blanche 1664 Blanc 5° - 6x25cl","p":4.59,"u":"3,06 €/L","img":"https://fd9-photos.leclercdrive.fr/image.ashx?id=2886699&use=l&cat=p&typeid=i","cat":334878},{"id":57044,"n":"Bière blonde Kronenbourg 4,2° - 12x33cl canettes","p":7.73,"u":"1,95 €/L","img":"https://fd9-photos.leclercdrive.fr/image.ashx?id=2854366&use=l&cat=p&typeid=i","cat":334853},{"id":57070,"n":"Assortiment de pâtés en croûte x16 - 256g","p":4.45,"u":"17,38 €/KG","img":"https://fd9-photos.leclercdrive.fr/image.ashx?id=2576208&use=l&cat=p&typeid=i","cat":327280},{"id":57100,"n":"Yaourts aux fruits Délisse Abricot - 4x125g","p":1.68,"u":"3,36 €/KG","img":"https://fd9-photos.leclercdrive.fr/image.ashx?id=2586025&use=l&cat=p&typeid=i","cat":284410},{"id":57155,"n":"Yaourts à la Grecque Delisse Lit de miel - 4x150g","p":2.89,"u":"4,82 €/KG","img":"https://fd9-photos.leclercdrive.fr/image.ashx?id=2699702&use=l&cat=p&typeid=i","cat":314999},{"id":57184,"n":"Yaourt Lait de brebis Délisse Vanille - 4x125g","p":2.29,"u":"4,58 €/P","img":"https://fd9-photos.leclercdrive.fr/image.ashx?id=1993589&use=l&cat=p&typeid=i","cat":314998},{"id":57189,"n":"Yaourt lait brebis Délisse Citron - 4x125g","p":2.39,"u":"4,78 €/KG","img":"https://fd9-photos.leclercdrive.fr/image.ashx?id=1889797&use=l&cat=p&typeid=i","cat":314998},{"id":57274,"n":"Boisson aux fruits Oasis Goût Pomme Cassis Framboise 1L","p":1.82,"u":"1,82 €/L","img":"https://fd9-photos.leclercdrive.fr/image.ashx?id=3011083&use=l&cat=p&typeid=i","cat":295018},{"id":57275,"n":"Boisson aux fruits Oasis Tropical - 1L","p":1.6,"u":"1,60 €/L","img":"https://fd9-photos.leclercdrive.fr/image.ashx?id=2666638&use=l&cat=p&typeid=i","cat":295018},{"id":57284,"n":"AOC Prosecco Riccadonna Extra Dry - 11° - 75cl","p":6.29,"u":"8,39 €/L","img":"https://fd9-photos.leclercdrive.fr/image.ashx?id=2666303&use=l&cat=p&typeid=i","cat":289461},{"id":57307,"n":"Pur jus Jafaden Orange, raisin, clémentine, pamplemousse - 1L","p":2.29,"u":"2,29 €/L","img":"https://fd9-photos.leclercdrive.fr/image.ashx?id=2869799&use=l&cat=p&typeid=i","cat":284917},{"id":57384,"n":"Galettes Maison Tino Pommes de terre, emmental - x4","p":5.03,"u":"11,43 €/KG","img":"https://fd9-photos.leclercdrive.fr/image.ashx?id=1708734&use=l&cat=p&typeid=i","cat":333671},{"id":57387,"n":"Crème Saint Agur  250g","p":3.96,"u":"15,84 €/KG","img":"https://fd9-photos.leclercdrive.fr/image.ashx?id=2414160&use=l&cat=p&typeid=i","cat":314029},{"id":57410,"n":"Croissants Croustipâte x4 - 240g","p":1.59,"u":"6,63 €/KG","img":"https://fd9-photos.leclercdrive.fr/image.ashx?id=2886100&use=l&cat=p&typeid=i","cat":333681},{"id":57706,"n":"Salades Bonduelle Tortis, concombres, saumon 300g","p":2.94,"u":"9,80 €/KG","img":"https://fd9-photos.leclercdrive.fr/image.ashx?id=2905303&use=l&cat=p&typeid=i","cat":333657},{"id":57707,"n":"Piémontaise Bonduelle Poulet rôti - 320g","p":3.02,"u":"9,44 €/KG","img":"https://fd9-photos.leclercdrive.fr/image.ashx?id=2904697&use=l&cat=p&typeid=i","cat":333657},{"id":57709,"n":"Salade Laitue Les Crudettes 100% coeur  - 150g","p":1.75,"u":"11,67 €/KG","img":"https://fd9-photos.leclercdrive.fr/image.ashx?id=2089688&use=l&cat=p&typeid=i","cat":284353},{"id":57713,"n":"Vin Union européenne blanc Lichette Alouettes - 5L","p":13.38,"u":"2,68 €/L","img":"https://fd9-photos.leclercdrive.fr/image.ashx?id=2859194&use=l&cat=p&typeid=i","cat":289557},{"id":57714,"n":"Vin de l'Union Européenne rouge Cramoisay - 4x75 cl","p":10.09,"u":"3,36 €/L","img":"https://fd9-photos.leclercdrive.fr/image.ashx?id=1924724&use=l&cat=p&typeid=i","cat":289556},{"id":57763,"n":"Pâtes Serpentini Panzani 3 Minutes - 500g","p":1.38,"u":"2,76 €/KG","img":"https://fd9-photos.leclercdrive.fr/image.ashx?id=2896078&use=l&cat=p&typeid=i","cat":284427},{"id":57764,"n":"Pâtes Farfalle Panzani  3 Minutes - 500G","p":1.29,"u":"2,58 €/KG","img":"https://fd9-photos.leclercdrive.fr/image.ashx?id=2896090&use=l&cat=p&typeid=i","cat":284427},{"id":57768,"n":"Tablette de chocolat noir Lindt Sésame grillé - 100g","p":2.35,"u":"23,50 €/KG","img":"https://fd9-photos.leclercdrive.fr/image.ashx?id=2689490&use=l&cat=p&typeid=i","cat":284956},{"id":57779,"n":"Capsules café Plantation Espresso n°5 - x16 - 92g","p":2.69,"u":"29,24 €/KG","img":"https://fd9-photos.leclercdrive.fr/image.ashx?id=2649729&use=l&cat=p&typeid=i","cat":293239},{"id":57782,"n":"Capsules café Plantation Cappuccino - 2x8 - 166g","p":3.45,"u":"20,78 €/KG","img":"https://fd9-photos.leclercdrive.fr/image.ashx?id=2856558&use=l&cat=p&typeid=i","cat":293239},{"id":57783,"n":"Capsules café Plantation Espresso forte n°7 - x16 - 105g","p":2.99,"u":"28,48 €/KG","img":"https://fd9-photos.leclercdrive.fr/image.ashx?id=2649732&use=l&cat=p&typeid=i","cat":293239},{"id":57785,"n":"Capsules café Plantation Lungo n°6 - x16 - 99.2g","p":2.69,"u":"27,17 €/KG","img":"https://fd9-photos.leclercdrive.fr/image.ashx?id=2649735&use=l&cat=p&typeid=i","cat":293239},{"id":57786,"n":"Capsules café Plantation Gigante n°5 - x16 - 112g","p":2.99,"u":"26,70 €/KG","img":"https://fd9-photos.leclercdrive.fr/image.ashx?id=2649738&use=l&cat=p&typeid=i","cat":293239},{"id":57804,"n":"Tomato Ketchup Heinz - 570g","p":2.25,"u":"3,95 €/KG","img":"https://fd9-photos.leclercdrive.fr/image.ashx?id=2924944&use=l&cat=p&typeid=i","cat":284455},{"id":57812,"n":"Petits pots bébé P'TITE RECETTE Couscous 8M+ - 2x200g","p":1.96,"u":"4,90 €/KG","img":"https://fd9-photos.leclercdrive.fr/image.ashx?id=2525696&use=l&cat=p&typeid=i","cat":312236},{"id":57814,"n":"Petits pots bébé P'TITE RECETTE Hachis Parmentier 8M+ - 2x200g","p":1.86,"u":"4,65 €/KG","img":"https://fd9-photos.leclercdrive.fr/image.ashx?id=2629689&use=l&cat=p&typeid=i","cat":312236},{"id":57815,"n":"Petits pots bébé P'TITE RECETTE Spaghetti bolognaise 8m -2x200g","p":1.84,"u":"4,60 €/KG","img":"https://fd9-photos.leclercdrive.fr/image.ashx?id=2629683&use=l&cat=p&typeid=i","cat":312236},{"id":57816,"n":"Petits pots bébé P'TITE RECETTE Pot au feu 8M+ - 2x200g","p":2.19,"u":"5,48 €/KG","img":"https://fd9-photos.leclercdrive.fr/image.ashx?id=2518415&use=l&cat=p&typeid=i","cat":312236},{"id":57821,"n":"Petits pots bébé PTIT SOUPER pâtes courgettes 6M+ - 2x200g","p":2.05,"u":"5,13 €/KG","img":"https://fd9-photos.leclercdrive.fr/image.ashx?id=2526523&use=l&cat=p&typeid=i","cat":312239},{"id":57823,"n":"Petits pots bébé P'TIT SOUPER Carottes semoule 6M+ - 2x200g","p":1.84,"u":"4,60 €/KG","img":"https://fd9-photos.leclercdrive.fr/image.ashx?id=2527109&use=l&cat=p&typeid=i","cat":312239},{"id":57824,"n":"Petits pots bébé P'TIT SOUPER Risotto carottes 12M+ - 2x200g","p":2.18,"u":"5,45 €/KG","img":"https://fd9-photos.leclercdrive.fr/image.ashx?id=2526526&use=l&cat=p&typeid=i","cat":312239},{"id":57883,"n":"Petits pots bébé P'TITE RECETTE  riz dinde 12M+ - 2x200g","p":1.84,"u":"4,60 €/KG","img":"https://fd9-photos.leclercdrive.fr/image.ashx?id=2629686&use=l&cat=p&typeid=i","cat":312237},{"id":57953,"n":"Papier cuisson Albal x16 feuilles","p":2.74,"img":"https://fd9-photos.leclercdrive.fr/image.ashx?id=2551447&use=l&cat=p&typeid=i","cat":334134},{"id":57956,"n":"Serviettes fuites urinaires  TENA Discreet - Mini - x20","p":3.62,"u":"0,18 €/P","img":"https://fd9-photos.leclercdrive.fr/image.ashx?id=2597241&use=l&cat=p&typeid=i","cat":284628},{"id":57983,"n":"Râpe Électrique Velvet Smooth Exfoliante et Contour des Pieds","p":23.9,"u":"Dont 0,17 € d'éco-part.","img":"https://fd9-photos.leclercdrive.fr/image.ashx?id=2465143&use=l&cat=p&typeid=i","cat":325354},{"id":57984,"n":"Râpe Électrique 2 en 1 Exfoliante et Lissante Pieds","p":24.39,"u":"Dont 0,17 € d'éco-part.","img":"https://fd9-photos.leclercdrive.fr/image.ashx?id=2457473&use=l&cat=p&typeid=i","cat":325354},{"id":58119,"n":"Madeleines longue pépites sucre Le Ster x20 - 250g","p":1.66,"u":"6,64 €/KG","img":"https://fd9-photos.leclercdrive.fr/image.ashx?id=2962566&use=l&cat=p&typeid=i","cat":284492},{"id":58122,"n":"Colin d'Alaska Findus Façon meuniere - x2 - 250g","p":2.82,"u":"11,28 €/KG","img":"https://fd9-photos.leclercdrive.fr/image.ashx?id=2654914&use=l&cat=p&typeid=i","cat":319788},{"id":58125,"n":"flan dany chocolat 4x100g","p":1.5,"u":"3,75 €/KG","img":"https://fd9-photos.leclercdrive.fr/image.ashx?id=2132316&use=l&cat=p&typeid=i","cat":284414},{"id":58154,"n":"Serpillère Sillage Blanche grand format 60x100","p":2.75,"img":"https://fd9-photos.leclercdrive.fr/image.ashx?id=1297317&use=l&cat=p&typeid=i","cat":284669},{"id":58201,"n":"Désodorisant Bien Air  Senteur muguet - 300ml","p":1.09,"u":"3,63 €/L","img":"https://fd9-photos.leclercdrive.fr/image.ashx?id=2607942&use=l&cat=p&typeid=i","cat":311626},{"id":58202,"n":"Désodorisant Bien Air Floral - 300ml","p":1.09,"u":"3,63 €/L","img":"https://fd9-photos.leclercdrive.fr/image.ashx?id=2614573&use=l&cat=p&typeid=i","cat":311626},{"id":58203,"n":"Désodorisant Bien Air  Fruits rouges - 300ml","p":1.35,"u":"4,50 €/L","img":"https://fd9-photos.leclercdrive.fr/image.ashx?id=2613723&use=l&cat=p&typeid=i","cat":311626},{"id":58205,"n":"Désodorisant Bien Air Vanille - 300ml","p":1.09,"u":"3,63 €/L","img":"https://fd9-photos.leclercdrive.fr/image.ashx?id=2613726&use=l&cat=p&typeid=i","cat":311626},{"id":58206,"n":"Désodorisant Bien Air Agrume, anti-tabac - 300ml","p":1.15,"u":"3,83 €/L","img":"https://fd9-photos.leclercdrive.fr/image.ashx?id=2613729&use=l&cat=p&typeid=i","cat":311626},{"id":58214,"n":"Carré gourmand Garden Gourmet Tomates et mozzarella 160g","p":2.35,"u":"14,69 €/KG","img":"https://fd9-photos.leclercdrive.fr/image.ashx?id=3009107&use=l&cat=p&typeid=i","cat":316036},{"id":58218,"n":"Croissants Côté Table Jambon emmental - 2x170g","p":2.92,"u":"8,59 €/KG","img":"https://fd9-photos.leclercdrive.fr/image.ashx?id=2885128&use=l&cat=p&typeid=i","cat":333671},{"id":58220,"n":"Quenelles Côté Table x6 - 240g","p":1.21,"u":"5,04 €/KG","img":"https://fd9-photos.leclercdrive.fr/image.ashx?id=2858836&use=l&cat=p&typeid=i","cat":333682},{"id":58222,"n":"Nuggets Côté Croc Fromage - 180g","p":1.84,"u":"10,22 €/KG","img":"https://fd9-photos.leclercdrive.fr/image.ashx?id=2462260&use=l&cat=p&typeid=i","cat":333684},{"id":58232,"n":"Pâte feuilletée Tablier Blanc Rectangulaire - 230g","p":1.14,"u":"4,96 €/KG","img":"https://fd9-photos.leclercdrive.fr/image.ashx?id=2635931&use=l&cat=p&typeid=i","cat":333681},{"id":58365,"n":"Tartelettes Chocolat P'tit Déli Fourrées au lait - 225g","p":1.39,"u":"6,18 €/KG","img":"https://fd9-photos.leclercdrive.fr/image.ashx?id=2523715&use=l&cat=p&typeid=i","cat":284488},{"id":58428,"n":"Sachet fraicheur chat Sheba Boeuf poulet en sauce - 6x50g","p":2.59,"u":"8,63 €/KG","img":"https://fd9-photos.leclercdrive.fr/image.ashx?id=2895927&use=l&cat=p&typeid=i","cat":285286},{"id":58444,"n":"Cacahuètes Benenuts-Twinuts Nature format familial - 260g","p":1.92,"u":"7,38 €/KG","img":"https://fd9-photos.leclercdrive.fr/image.ashx?id=2967744&use=l&cat=p&typeid=i","cat":284448},{"id":58449,"n":"Tomates pelées entières D'aucy 238g","p":1.01,"u":"4,24 €/KG","img":"https://fd9-photos.leclercdrive.fr/image.ashx?id=2503425&use=l&cat=p&typeid=i","cat":312608},{"id":58459,"n":"Croquettes chat Purina One Adulte - Boeuf/Céréales - 1.5Kg","p":6.77,"u":"4,51 €/KG","img":"https://fd9-photos.leclercdrive.fr/image.ashx?id=2433548&use=l&cat=p&typeid=i","cat":284680},{"id":58463,"n":"Gâche tranchée La Fournée Dorée 500g","p":2.17,"u":"4,34 €/KG","img":"https://fd9-photos.leclercdrive.fr/image.ashx?id=2277956&use=l&cat=p&typeid=i","cat":284478},{"id":58490,"n":"Sauce Béchamel Maggi 350ml","p":1.65,"u":"4,71 €/L","img":"https://fd9-photos.leclercdrive.fr/image.ashx?id=2977726&use=l&cat=p&typeid=i","cat":288381},{"id":58510,"n":"Jambon cru fumé Eco+ 14 tranches - 200g","p":1.96,"u":"9,80 €/KG","img":"https://fd9-photos.leclercdrive.fr/image.ashx?id=2779172&use=l&cat=p&typeid=i","cat":316007},{"id":58512,"n":"Quiche Lorraine Eco+ 400g","p":1.79,"u":"4,48 €/KG","img":"https://fd9-photos.leclercdrive.fr/image.ashx?id=2843575&use=l&cat=p&typeid=i","cat":333680},{"id":58513,"n":"Croque monsieur Eco+ x2 - 260g","p":1.37,"u":"5,27 €/KG","img":"https://fd9-photos.leclercdrive.fr/image.ashx?id=2758496&use=l&cat=p&typeid=i","cat":333671},{"id":58514,"n":"Croissant au Jambon Eco+ 2x140g","p":1.67,"u":"5,96 €/KG","img":"https://fd9-photos.leclercdrive.fr/image.ashx?id=2783815&use=l&cat=p&typeid=i","cat":333671},{"id":58518,"n":"Tortellini à la viande Eco+ 500g","p":1.74,"u":"3,48 €/KG","img":"https://fd9-photos.leclercdrive.fr/image.ashx?id=2606795&use=l&cat=p&typeid=i","cat":333682},{"id":58525,"n":"Salade choux rouge  Menu fraîcheur - 300g","p":1.81,"u":"6,03 €/KG","img":"https://fd9-photos.leclercdrive.fr/image.ashx?id=2901458&use=l&cat=p&typeid=i","cat":333657},{"id":58526,"n":"Salade cervelas Menu fraîcheur 300g","p":2.57,"u":"8,57 €/KG","img":"https://fd9-photos.leclercdrive.fr/image.ashx?id=2645957&use=l&cat=p&typeid=i","cat":333657},{"id":58529,"n":"Pâte à tartiner L.Georgelin Cacao noisettes - 400g","p":4.56,"u":"11,40 €/KG","img":"https://fd9-photos.leclercdrive.fr/image.ashx?id=1557088&use=l&cat=p&typeid=i","cat":284481},{"id":58548,"n":"Sachets repas chats Purina One Sauce boeuf poulet x4 - 340g","p":1.95,"u":"5,74 €/KG","img":"https://fd9-photos.leclercdrive.fr/image.ashx?id=2468239&use=l&cat=p&typeid=i","cat":285286},{"id":58578,"n":"Dessert bébé lacté Blédina 6m Fraise - 6x55g","p":2.24,"u":"6,79 €/KG","img":"https://fd9-photos.leclercdrive.fr/image.ashx?id=2952451&use=l&cat=p&typeid=i","cat":312392},{"id":58610,"n":"Brocolis cuits Notre Jardin 750g","p":1.79,"u":"2,39 €/KG","img":"https://fd9-photos.leclercdrive.fr/image.ashx?id=2873153&use=l&cat=p&typeid=i","cat":319805},{"id":58621,"n":"Asperges blanches Géant Vert mini - 110g","p":2.41,"u":"21,91 €/KG","img":"https://fd9-photos.leclercdrive.fr/image.ashx?id=2840554&use=l&cat=p&typeid=i","cat":312611},{"id":58625,"n":"Cœurs de palmiers Géant Vert - 220g","p":3.56,"u":"16,18 €/KG","img":"https://fd9-photos.leclercdrive.fr/image.ashx?id=2840560&use=l&cat=p&typeid=i","cat":312611},{"id":58626,"n":"Coeurs d'artichauts Géant Vert - 240g","p":2.86,"u":"11,92 €/KG","img":"https://fd9-photos.leclercdrive.fr/image.ashx?id=2840566&use=l&cat=p&typeid=i","cat":312611},{"id":58635,"n":"Soupe Douceur automne Knorr Crème fraîche - 1L","p":2.69,"u":"2,69 €/L","img":"https://fd9-photos.leclercdrive.fr/image.ashx?id=2212824&use=l&cat=p&typeid=i","cat":284462},{"id":58649,"n":"Steak haché Férial  Pur boeuf 15%mg - 125g","p":2.19,"u":"17,52 €/KG","img":"https://fd9-photos.leclercdrive.fr/image.ashx?id=2613309&use=l&cat=p&typeid=i","cat":284332},{"id":58685,"n":"Jambon Speck Saint Azay 100g","p":2.39,"u":"23,90 €/KG","img":"https://fd9-photos.leclercdrive.fr/image.ashx?id=2856739&use=l&cat=p&typeid=i","cat":316007},{"id":58740,"n":"Haché à cuisiner Charal Happy Family - 600g","p":7.65,"u":"12,75 €/KG","img":"https://fd9-photos.leclercdrive.fr/image.ashx?id=2977330&use=l&cat=p&typeid=i","cat":319779},{"id":58939,"n":"Yaourt à boire Actimel fraise - 12x100g","p":4.02,"u":"3,35 €/KG","img":"https://fd9-photos.leclercdrive.fr/image.ashx?id=2996458&use=l&cat=p&typeid=i","cat":284415},{"id":58944,"n":"Yaourts à boire Actimel Nature - 12x100g","p":4.01,"u":"3,34 €/KG","img":"https://fd9-photos.leclercdrive.fr/image.ashx?id=2996461&use=l&cat=p&typeid=i","cat":284415},{"id":58946,"n":"Yaourts à boire Actimel Multifruits - 8x100g","p":3.34,"u":"4,18 €/KG","img":"https://fd9-photos.leclercdrive.fr/image.ashx?id=2996464&use=l&cat=p&typeid=i","cat":284415},{"id":58950,"n":"Yaourts à boire Actimel nature 0%mg - 8x100g","p":3.47,"u":"4,34 €/KG","img":"https://fd9-photos.leclercdrive.fr/image.ashx?id=2996470&use=l&cat=p&typeid=i","cat":284415},{"id":59041,"n":"Céréales Extra Kellogg's Chocolat au lait - 800g","p":4.88,"u":"6,10 €/KG","img":"https://fd9-photos.leclercdrive.fr/image.ashx?id=2694941&use=l&cat=p&typeid=i","cat":309512},{"id":59235,"n":"Café dosettes Tassimo L'Or Café Long Classique x24","p":6.68,"u":"42,82 €/KG","img":"https://fd9-photos.leclercdrive.fr/image.ashx?id=2100356&use=l&cat=p&typeid=i","cat":293240},{"id":59253,"n":"Café dosettes Tassimo L'Or Petit Déjeuner Classique x24","p":7.53,"u":"37,84 €/KG","img":"https://fd9-photos.leclercdrive.fr/image.ashx?id=2100365&use=l&cat=p&typeid=i","cat":293240},{"id":59257,"n":"Café dosettes Tassimo Grand-mère - petit déjeuner x16","p":3.51,"u":"26,39 €/KG","img":"https://fd9-photos.leclercdrive.fr/image.ashx?id=2100359&use=l&cat=p&typeid=i","cat":293240},{"id":59284,"n":"Maoam Mixx Haribo Sachet bonbons - 250g","p":1.88,"u":"7,52 €/KG","img":"https://fd9-photos.leclercdrive.fr/image.ashx?id=2876956&use=l&cat=p&typeid=i","cat":304250},{"id":59287,"n":"Cornichons Rustica 6 épices - 360g","p":2.29,"u":"6,36 €/KG","img":"https://fd9-photos.leclercdrive.fr/image.ashx?id=2916710&use=l&cat=p&typeid=i","cat":284458},{"id":59291,"n":"Sauce bolognaise Bio Village  Bio - 350g","p":1.69,"u":"4,83 €/KG","img":"https://fd9-photos.leclercdrive.fr/image.ashx?id=2753381&use=l&cat=p&typeid=i","cat":287599},{"id":59293,"n":"Sauce provençale Bio Village  Bio - 350g","p":1.63,"u":"4,66 €/KG","img":"https://fd9-photos.leclercdrive.fr/image.ashx?id=2712995&use=l&cat=p&typeid=i","cat":287599},{"id":59296,"n":"Sauce tomate Bio Village  Basilic bio - 350g","p":1.63,"u":"4,66 €/KG","img":"https://fd9-photos.leclercdrive.fr/image.ashx?id=2696289&use=l&cat=p&typeid=i","cat":287599},{"id":59299,"n":"Bonbons KINDER Schoko-Bons Chocolat au lait - 225G","p":3.43,"u":"15,24 €/KG","img":"https://fd9-photos.leclercdrive.fr/image.ashx?id=2679633&use=l&cat=p&typeid=i","cat":304238},{"id":59307,"n":"Miami Pik Haribo Sachet bonbons acidulés - 200g","p":1.48,"u":"7,40 €/KG","img":"https://fd9-photos.leclercdrive.fr/image.ashx?id=2984895&use=l&cat=p&typeid=i","cat":304250},{"id":59314,"n":"Huile d'Olive Tramier  Vierge Extra Biologique 75cl","p":8.99,"u":"11,99 €/L","img":"https://fd9-photos.leclercdrive.fr/image.ashx?id=2803916&use=l&cat=p&typeid=i","cat":284453},{"id":59339,"n":"Barquette chien sénior Cesar Terrine en gelée - 4x150g","p":3.96,"u":"6,60 €/KG","img":"https://fd9-photos.leclercdrive.fr/image.ashx?id=2091320&use=l&cat=p&typeid=i","cat":284673},{"id":59340,"n":"Barquette chien Cesar Terrine cœur légumes - 4x150g","p":4.02,"u":"6,70 €/KG","img":"https://fd9-photos.leclercdrive.fr/image.ashx?id=2091317&use=l&cat=p&typeid=i","cat":284673},{"id":59341,"n":"Barquette chien Cesar Terrine du jardin - 4x150g","p":3.64,"u":"6,07 €/KG","img":"https://fd9-photos.leclercdrive.fr/image.ashx?id=2091314&use=l&cat=p&typeid=i","cat":284673},{"id":59345,"n":"Rigatoni Tradizioni d'Italia N°124 - 500g","p":1.69,"u":"3,38 €/KG","img":"https://fd9-photos.leclercdrive.fr/image.ashx?id=2657325&use=l&cat=p&typeid=i","cat":284427},{"id":59398,"n":"Café moulu L'Or Intense 100% Arabica - 3x250g","p":13.89,"u":"18,52 €/KG","img":"https://fd9-photos.leclercdrive.fr/image.ashx?id=2802377&use=l&cat=p&typeid=i","cat":284750},{"id":59499,"n":"Bière Chouffe Blonde 75cl","p":4.78,"u":"6,37 €/L","img":"https://fd9-photos.leclercdrive.fr/image.ashx?id=2959199&use=l&cat=p&typeid=i","cat":334872},{"id":59539,"n":"Pêches Douceur du Verger Sirop léger - 230 g","p":1.26,"u":"5,48 €/KG","img":"https://fd9-photos.leclercdrive.fr/image.ashx?id=2666468&use=l&cat=p&typeid=i","cat":284507},{"id":59553,"n":"Croustilles  Belin  Emmental - 138g","p":1.23,"u":"8,91 €/KG","img":"https://fd9-photos.leclercdrive.fr/image.ashx?id=3002267&use=l&cat=p&typeid=i","cat":284449},{"id":59556,"n":"Croustilles Belin Cacahuète - 138g","p":1.35,"u":"9,78 €/KG","img":"https://fd9-photos.leclercdrive.fr/image.ashx?id=3002270&use=l&cat=p&typeid=i","cat":284449},{"id":59564,"n":"Galette riz chocolat Gerblé   Chocolat noir - 130,4g","p":1.7,"u":"13,08 €/KG","img":"https://fd9-photos.leclercdrive.fr/image.ashx?id=2664037&use=l&cat=p&typeid=i","cat":318651},{"id":59565,"n":"Pâte à tartiner Nustikao 1kg","p":4.25,"u":"4,25 €/KG","img":"https://fd9-photos.leclercdrive.fr/image.ashx?id=2856564&use=l&cat=p&typeid=i","cat":284481},{"id":59618,"n":"Soupe Knorr Tomates/mozza - 1L","p":2.7,"u":"2,70 €/L","img":"https://fd9-photos.leclercdrive.fr/image.ashx?id=2408258&use=l&cat=p&typeid=i","cat":284462},{"id":59695,"n":"Yaourt à la grecque YAOS Vanille - 4x125g","p":2.72,"u":"5,44 €/KG","img":"https://fd9-photos.leclercdrive.fr/image.ashx?id=3007972&use=l&cat=p&typeid=i","cat":314999},{"id":59714,"n":"Cacahuètes Tokapi  Grillées à sec - 200g","p":0.78,"u":"3,90 €/KG","img":"https://fd9-photos.leclercdrive.fr/image.ashx?id=2799781&use=l&cat=p&typeid=i","cat":284448},{"id":59715,"n":"Double concentré de tomates Tube - 200g","p":1.35,"u":"6,75 €/KG","img":"https://fd9-photos.leclercdrive.fr/image.ashx?id=2072728&use=l&cat=p&typeid=i","cat":288384},{"id":59718,"n":"Saumon tagliatelles D'Aucy Micro-ondes - 300g","p":2.83,"u":"9,43 €/KG","img":"https://fd9-photos.leclercdrive.fr/image.ashx?id=2117168&use=l&cat=p&typeid=i","cat":284953},{"id":59722,"n":"Crème légère semi-épaisse  Bridélice 18%mg - 3x20cl","p":2.51,"u":"4,18 €/L","img":"https://fd9-photos.leclercdrive.fr/image.ashx?id=2904733&use=l&cat=p&typeid=i","cat":284381},{"id":59725,"n":"Bâtonnets Surimi Saveur Coraya  x12 - 180g","p":2.01,"u":"11,17 €/KG","img":"https://fd9-photos.leclercdrive.fr/image.ashx?id=2962677&use=l&cat=p&typeid=i","cat":285189},{"id":59728,"n":"Sucre Beghin Say Bourbon/vanille - 650g","p":4.22,"u":"6,49 €/KG","img":"https://fd9-photos.leclercdrive.fr/image.ashx?id=2766259&use=l&cat=p&typeid=i","cat":284502},{"id":59729,"n":"Bâtonnets Suprêmes Coraya x18 - 280g","p":3.46,"u":"12,36 €/KG","img":"https://fd9-photos.leclercdrive.fr/image.ashx?id=2268909&use=l&cat=p&typeid=i","cat":285189},{"id":59732,"n":"Bâtonnets surimi Fleury Michon -25% sel  x14 - 230g","p":2.78,"u":"278,00 €/L","img":"https://fd9-photos.leclercdrive.fr/image.ashx?id=2936941&use=l&cat=p&typeid=i","cat":285189},{"id":59751,"n":"Rollmops au vinaigre  MSC Ronde des mers - 400g","p":2.29,"u":"5,73 €/KG","img":"https://fd9-photos.leclercdrive.fr/image.ashx?id=2686470&use=l&cat=p&typeid=i","cat":285190},{"id":59761,"n":"Lingettes Lotus Baby Peau nette - x64","p":1.96,"u":"0,03 €/P","img":"https://fd9-photos.leclercdrive.fr/image.ashx?id=2904431&use=l&cat=p&typeid=i","cat":284738},{"id":59774,"n":"Sérum physiologique Biolane 30x5ml","p":3.66,"u":"24,40 €/L","img":"https://fd9-photos.leclercdrive.fr/image.ashx?id=2733232&use=l&cat=p&typeid=i","cat":284741},{"id":59832,"n":"Secret de crème Président Semi-épaisse 25%mg - 3x20cl","p":4.11,"u":"6,85 €/L","img":"https://fd9-photos.leclercdrive.fr/image.ashx?id=2699861&use=l&cat=p&typeid=i","cat":284381},{"id":60015,"n":"Pancakes Pasquier x10 - 350g","p":1.98,"u":"5,66 €/KG","img":"https://fd9-photos.leclercdrive.fr/image.ashx?id=2688878&use=l&cat=p&typeid=i","cat":284495},{"id":60051,"n":"Gâteaux Lulu L'Ourson Fraise - 150g","p":1.44,"u":"9,60 €/KG","img":"https://fd9-photos.leclercdrive.fr/image.ashx?id=3008050&use=l&cat=p&typeid=i","cat":284495},{"id":60068,"n":"Pavé Gourmand Garden Gourmet Courgettes Fromage 180g","p":3.32,"u":"18,44 €/KG","img":"https://fd9-photos.leclercdrive.fr/image.ashx?id=2973294&use=l&cat=p&typeid=i","cat":316036},{"id":60118,"n":"Ratatouille niçoise D'aucy  750g","p":1.84,"u":"2,45 €/KG","img":"https://fd9-photos.leclercdrive.fr/image.ashx?id=2665904&use=l&cat=p&typeid=i","cat":312612},{"id":60144,"n":"Lait demi-écrémé GrandLait Léger digeste Bouteille - 1L","p":1.48,"u":"1,48 €/L","img":"https://fd9-photos.leclercdrive.fr/image.ashx?id=2916174&use=l&cat=p&typeid=i","cat":285609},{"id":60165,"n":"Boisson végétale Alpro noisette - 1l","p":2.2,"u":"2,20 €/L","img":"https://fd9-photos.leclercdrive.fr/image.ashx?id=2849602&use=l&cat=p&typeid=i","cat":316067},{"id":60168,"n":"fromage blanc jockey Nature 3%MG - 8x100g","p":2.55,"u":"3,19 €/KG","img":"https://fd9-photos.leclercdrive.fr/image.ashx?id=2230369&use=l&cat=p&typeid=i","cat":284409},{"id":60171,"n":"boisson végétale lait d'amande grillée alpro -1l","p":2.15,"u":"2,15 €/L","img":"https://fd9-photos.leclercdrive.fr/image.ashx?id=2988671&use=l&cat=p&typeid=i","cat":316067},{"id":60174,"n":"Madeleine Bonne Maman  Chocolat au lait x10 - 300g","p":3.38,"u":"11,27 €/KG","img":"https://fd9-photos.leclercdrive.fr/image.ashx?id=2949940&use=l&cat=p&typeid=i","cat":284492},{"id":60175,"n":"Madeleines St Michel  Oeuf en plein air - 1kg","p":3.92,"u":"3,92 €/KG","img":"https://fd9-photos.leclercdrive.fr/image.ashx?id=2936194&use=l&cat=p&typeid=i","cat":284492},{"id":60192,"n":"Pancakes Le Ster  x8 - 280g","p":2.26,"u":"8,07 €/KG","img":"https://fd9-photos.leclercdrive.fr/image.ashx?id=2827215&use=l&cat=p&typeid=i","cat":284495},{"id":60258,"n":"AOP Côteaux Varois en Provence Rosé Estandon Lumière - 75cl","p":6.8,"u":"9,07 €/L","img":"https://fd9-photos.leclercdrive.fr/image.ashx?id=2889460&use=l&cat=p&typeid=i","cat":289558},{"id":60537,"n":"Purée surgelé  Bonduelle 4 saveurs  - 780g","p":3.25,"u":"4,17 €/KG","img":"https://fd9-photos.leclercdrive.fr/image.ashx?id=2996518&use=l&cat=p&typeid=i","cat":319805},{"id":60539,"n":"Purée delice Bonduelle  Courgette Céleri Brocoli - 780g","p":3.33,"u":"4,27 €/KG","img":"https://fd9-photos.leclercdrive.fr/image.ashx?id=2910043&use=l&cat=p&typeid=i","cat":319805},{"id":60588,"n":"Emmental Président 250g","p":2.81,"u":"11,24 €/KG","img":"https://fd9-photos.leclercdrive.fr/image.ashx?id=2752942&use=l&cat=p&typeid=i","cat":314034},{"id":60637,"n":"Matière grasse St Hubert 41 à tartiner - 38% MG - 500g","p":3.77,"u":"7,54 €/KG","img":"https://fd9-photos.leclercdrive.fr/image.ashx?id=2734147&use=l&cat=p&typeid=i","cat":315229},{"id":60774,"n":"Bière blonde Leffe 6,6% - 6x25cl","p":4.93,"u":"3,29 €/L","img":"https://fd9-photos.leclercdrive.fr/image.ashx?id=2995421&use=l&cat=p&typeid=i","cat":334852},{"id":60775,"n":"Dés de jambon Herta  2x75g","p":2.1,"u":"14,00 €/KG","img":"https://fd9-photos.leclercdrive.fr/image.ashx?id=2877133&use=l&cat=p&typeid=i","cat":316011},{"id":60777,"n":"Brique de brebis Lou Pérac Fromage de brebis - 150g","p":2.86,"u":"19,07 €/KG","img":"https://fd9-photos.leclercdrive.fr/image.ashx?id=2785154&use=l&cat=p&typeid=i","cat":314031},{"id":60890,"n":"Chaussée aux moines 340g","p":2.89,"u":"8,50 €/KG","img":"https://fd9-photos.leclercdrive.fr/image.ashx?id=2830030&use=l&cat=p&typeid=i","cat":329184},{"id":60891,"n":"Camembert Président 250g","p":1.8,"u":"7,20 €/KG","img":"https://fd9-photos.leclercdrive.fr/image.ashx?id=2878873&use=l&cat=p&typeid=i","cat":314033},{"id":60892,"n":"Emmental râpé fondant Président 200g","p":2.05,"u":"10,25 €/KG","img":"https://fd9-photos.leclercdrive.fr/image.ashx?id=2488455&use=l&cat=p&typeid=i","cat":314035},{"id":60893,"n":"Brique fondante Président Fondante - 200g","p":2.43,"u":"12,15 €/KG","img":"https://fd9-photos.leclercdrive.fr/image.ashx?id=2652840&use=l&cat=p&typeid=i","cat":314033},{"id":60930,"n":"Thé Earl Grey Twinings x25 sachets - 50g","p":2.06,"u":"41,20 €/KG","img":"https://fd9-photos.leclercdrive.fr/image.ashx?id=2889817&use=l&cat=p&typeid=i","cat":293233},{"id":60931,"n":"Thé Ceylan Scotland Twinings x20 - 40g","p":2.5,"u":"62,50 €/KG","img":"https://fd9-photos.leclercdrive.fr/image.ashx?id=2893024&use=l&cat=p&typeid=i","cat":293233},{"id":60974,"n":"Pur jus Tropicana Orange Pure Premium Sans pulpe - 1L","p":2.54,"u":"2,54 €/L","img":"https://fd9-photos.leclercdrive.fr/image.ashx?id=2586186&use=l&cat=p&typeid=i","cat":284521},{"id":60978,"n":"Roquefort AOP Société Fromage de brebis - 150g","p":2.93,"u":"19,53 €/KG","img":"https://fd9-photos.leclercdrive.fr/image.ashx?id=2729713&use=l&cat=p&typeid=i","cat":314032},{"id":61021,"n":"Risotto champignon poulet Marie 900g","p":4.56,"u":"5,07 €/KG","img":"https://fd9-photos.leclercdrive.fr/image.ashx?id=2996755&use=l&cat=p&typeid=i","cat":284254},{"id":61166,"n":"Mousse Maronsui's La Laitière Crème de marrons 8x68,8g","p":3.4,"u":"6,18 €/KG","img":"https://fd9-photos.leclercdrive.fr/image.ashx?id=3010969&use=l&cat=p&typeid=i","cat":284417},{"id":61167,"n":"Crème légère épaisse Bridélice 15%mg - 497g","p":1.9,"u":"3,82 €/KG","img":"https://fd9-photos.leclercdrive.fr/image.ashx?id=2996578&use=l&cat=p&typeid=i","cat":284381},{"id":61169,"n":"Petit suisse NESQUIK Chocolat 6x60g","p":1.56,"u":"4,33 €/KG","img":"https://fd9-photos.leclercdrive.fr/image.ashx?id=3007933&use=l&cat=p&typeid=i","cat":284414},{"id":61293,"n":"Boisson Jafaden Orange carotte citron - 1L","p":1.89,"u":"1,89 €/L","img":"https://fd9-photos.leclercdrive.fr/image.ashx?id=2956753&use=l&cat=p&typeid=i","cat":284917},{"id":61594,"n":"Tomato Ketchup Heinz - 910g","p":2.9,"u":"3,19 €/KG","img":"https://fd9-photos.leclercdrive.fr/image.ashx?id=2923420&use=l&cat=p&typeid=i","cat":284455},{"id":61596,"n":"Sauce au poivre Rustica Pot - 245g","p":1.13,"u":"4,61 €/KG","img":"https://fd9-photos.leclercdrive.fr/image.ashx?id=2954373&use=l&cat=p&typeid=i","cat":318430},{"id":61597,"n":"Sauce bourguignonne Rustica Pot - 250g","p":1.0,"u":"4,00 €/KG","img":"https://fd9-photos.leclercdrive.fr/image.ashx?id=2954376&use=l&cat=p&typeid=i","cat":318430},{"id":61605,"n":"Sauce barbecue Rustica Flacon souple - 280g","p":1.39,"u":"4,96 €/KG","img":"https://fd9-photos.leclercdrive.fr/image.ashx?id=2559704&use=l&cat=p&typeid=i","cat":318431},{"id":61626,"n":"Cocktail Douceur du Verger 4 fruits - Sirop léger - 250 g","p":1.5,"u":"6,00 €/KG","img":"https://fd9-photos.leclercdrive.fr/image.ashx?id=2783026&use=l&cat=p&typeid=i","cat":284507},{"id":61634,"n":"Poires Douceur du Verger Sirop léger - 455 g","p":1.95,"u":"4,29 €/KG","img":"https://fd9-photos.leclercdrive.fr/image.ashx?id=2783020&use=l&cat=p&typeid=i","cat":284507},{"id":61638,"n":"Lentilles Préparées Cassegrain Tendres et Fondantes 460g","p":2.44,"u":"5,30 €/KG","img":"https://fd9-photos.leclercdrive.fr/image.ashx?id=3011047&use=l&cat=p&typeid=i","cat":312609},{"id":61697,"n":"Eponges Spontex Multicolore - x3","p":1.51,"u":"0,50 €/P","img":"https://fd9-photos.leclercdrive.fr/image.ashx?id=2972847&use=l&cat=p&typeid=i","cat":284667},{"id":61874,"n":"Gel shampooing douche Fa Men Perfect wave flacon - 250ml","p":1.78,"u":"7,12 €/L","img":"https://fd9-photos.leclercdrive.fr/image.ashx?id=2995091&use=l&cat=p&typeid=i","cat":284619},{"id":61983,"n":"Sachet repas Gourmet  Terrine coffret - 4x85g","p":1.99,"u":"5,85 €/KG","img":"https://fd9-photos.leclercdrive.fr/image.ashx?id=2901118&use=l&cat=p&typeid=i","cat":285286},{"id":62001,"n":"Jus de citron jaune 1L","p":3.3,"u":"3,30 €/L","img":"https://fd9-photos.leclercdrive.fr/image.ashx?id=2656991&use=l&cat=p&typeid=i","cat":288383},{"id":62043,"n":"Lentilles préparées D'aucy  265g","p":0.89,"u":"3,36 €/KG","img":"https://fd9-photos.leclercdrive.fr/image.ashx?id=2560600&use=l&cat=p&typeid=i","cat":312609},{"id":62057,"n":"Champignons Eco+ Entiers - 230g","p":1.11,"u":"4,83 €/KG","img":"https://fd9-photos.leclercdrive.fr/image.ashx?id=2782999&use=l&cat=p&typeid=i","cat":312610},{"id":62067,"n":"Flageolets Préparés Cassegrain Extra Fins 130g","p":1.07,"u":"8,23 €/KG","img":"https://fd9-photos.leclercdrive.fr/image.ashx?id=2912980&use=l&cat=p&typeid=i","cat":312606},{"id":62083,"n":"Soda Schweppes Saveur Agrumes - 1L","p":1.59,"u":"1,59 €/L","img":"https://fd9-photos.leclercdrive.fr/image.ashx?id=2852414&use=l&cat=p&typeid=i","cat":284532},{"id":62094,"n":"Sauce fajitas Old El Paso à cuisiner doux - 395g","p":2.23,"u":"5,65 €/KG","img":"https://fd9-photos.leclercdrive.fr/image.ashx?id=2950852&use=l&cat=p&typeid=i","cat":288993},{"id":62095,"n":"Chips Tortilla Old El Paso Fajita - 185g","p":2.29,"u":"12,38 €/KG","img":"https://fd9-photos.leclercdrive.fr/image.ashx?id=2444522&use=l&cat=p&typeid=i","cat":288993},{"id":62098,"n":"Miel et gélée royale Lune de miel - 250g","p":6.4,"u":"25,60 €/KG","img":"https://fd9-photos.leclercdrive.fr/image.ashx?id=2327755&use=l&cat=p&typeid=i","cat":287643},{"id":62101,"n":"Miel l'Apiculteur liquide   et savoureux - 500g","p":6.93,"u":"13,86 €/KG","img":"https://fd9-photos.leclercdrive.fr/image.ashx?id=3008077&use=l&cat=p&typeid=i","cat":287643},{"id":62112,"n":"Compotes Pom'Potes Gourdes  Pomme Nature - 12x90g","p":4.9,"u":"4,54 €/KG","img":"https://fd9-photos.leclercdrive.fr/image.ashx?id=3010927&use=l&cat=p&typeid=i","cat":284508},{"id":62128,"n":"Biscuits fourrés Prince Tout chocolat - 300g","p":1.49,"u":"4,97 €/KG","img":"https://fd9-photos.leclercdrive.fr/image.ashx?id=2528801&use=l&cat=p&typeid=i","cat":284488},{"id":62130,"n":"Cookies extra moelleux Granola Pépites de chocolat - 312g","p":3.95,"u":"12,66 €/KG","img":"https://fd9-photos.leclercdrive.fr/image.ashx?id=2306723&use=l&cat=p&typeid=i","cat":325066},{"id":62146,"n":"Brioche La Fournée Dorée Tranchée crème fraiche - 500g","p":2.27,"u":"4,54 €/KG","img":"https://fd9-photos.leclercdrive.fr/image.ashx?id=2415365&use=l&cat=p&typeid=i","cat":284478},{"id":62152,"n":"Graines de chia bio Happy Bio   250g","p":4.9,"u":"19,60 €/KG","img":"https://fd9-photos.leclercdrive.fr/image.ashx?id=2970990&use=l&cat=p&typeid=i","cat":318651},{"id":62162,"n":"Donuts Curly 100g","p":1.13,"u":"11,30 €/KG","img":"https://fd9-photos.leclercdrive.fr/image.ashx?id=2446836&use=l&cat=p&typeid=i","cat":284449},{"id":62226,"n":"Soda Coca-Cola Sans Sucres Bouteille - 1L","p":1.35,"u":"1,35 €/L","img":"https://fd9-photos.leclercdrive.fr/image.ashx?id=2194418&use=l&cat=p&typeid=i","cat":284530},{"id":62246,"n":"Soda au cola Pepsi La bouteille de 1.5L","p":1.17,"u":"0,78 €/L","img":"https://fd9-photos.leclercdrive.fr/image.ashx?id=2896318&use=l&cat=p&typeid=i","cat":284530},{"id":62251,"n":"Soda au cola Pepsi Zéro sucres La bouteille de 1.5L","p":1.15,"u":"0,77 €/L","img":"https://fd9-photos.leclercdrive.fr/image.ashx?id=2683130&use=l&cat=p&typeid=i","cat":284530},{"id":62252,"n":"Soda 7UP Citron et citron vert - 1.5L","p":1.2,"u":"0,80 €/L","img":"https://fd9-photos.leclercdrive.fr/image.ashx?id=2748545&use=l&cat=p&typeid=i","cat":284531},{"id":62298,"n":"Sauce caesar Florette 175ml","p":2.49,"u":"14,23 €/L","img":"https://fd9-photos.leclercdrive.fr/image.ashx?id=2634067&use=l&cat=p&typeid=i","cat":284382},{"id":62303,"n":"yaourt fruits bio les 2 vaches brassé framboise - 4x115g","p":2.0,"u":"4,35 €/KG","img":"https://fd9-photos.leclercdrive.fr/image.ashx?id=2571533&use=l&cat=p&typeid=i","cat":284410},{"id":62335,"n":"yaourt fruits bio les 2 vaches brassé myrtille - 4x115g","p":2.01,"u":"4,37 €/KG","img":"https://fd9-photos.leclercdrive.fr/image.ashx?id=2571530&use=l&cat=p&typeid=i","cat":284410},{"id":62340,"n":"Jus d'oranges pressées Andros 1.5L","p":4.24,"u":"2,83 €/L","img":"https://fd9-photos.leclercdrive.fr/image.ashx?id=2904272&use=l&cat=p&typeid=i","cat":285435},{"id":62357,"n":"Faisselle Rians Coulis framboise - 240g","p":1.97,"u":"8,21 €/KG","img":"https://fd9-photos.leclercdrive.fr/image.ashx?id=2522776&use=l&cat=p&typeid=i","cat":284410},{"id":62359,"n":"Jus d'oranges pressées  Sans pulpe Andros - 1.5L","p":4.24,"u":"2,83 €/L","img":"https://fd9-photos.leclercdrive.fr/image.ashx?id=2876104&use=l&cat=p&typeid=i","cat":285435},{"id":62416,"n":"Citrons pressés Andros 1L","p":2.45,"u":"2,45 €/L","img":"https://fd9-photos.leclercdrive.fr/image.ashx?id=2882650&use=l&cat=p&typeid=i","cat":285435},{"id":62417,"n":"Jus de pamplemousse rose pressé Andros - 1L","p":3.2,"u":"3,20 €/L","img":"https://fd9-photos.leclercdrive.fr/image.ashx?id=2928423&use=l&cat=p&typeid=i","cat":285435},{"id":62418,"n":"Jus d'oranges douces Andros 1L","p":3.47,"u":"3,47 €/L","img":"https://fd9-photos.leclercdrive.fr/image.ashx?id=2882638&use=l&cat=p&typeid=i","cat":285435},{"id":62496,"n":"Biscuit bébé Blédina 12 mois Petit beurre - 133g","p":1.85,"u":"13,91 €/KG","img":"https://fd9-photos.leclercdrive.fr/image.ashx?id=2974288&use=l&cat=p&typeid=i","cat":312227},{"id":62497,"n":"Biscuit bébé Blédina 12 mois  Petit beurre pépites choco-133g","p":2.15,"u":"16,17 €/KG","img":"https://fd9-photos.leclercdrive.fr/image.ashx?id=2639344&use=l&cat=p&typeid=i","cat":312227},{"id":62567,"n":"Papier toilette Mimosa Humide x50","p":1.29,"u":"0,03 €/P","img":"https://fd9-photos.leclercdrive.fr/image.ashx?id=2823126&use=l&cat=p&typeid=i","cat":284634},{"id":62568,"n":"Papier toilette Mimosa Humide douceur x50","p":1.29,"u":"0,03 €/P","img":"https://fd9-photos.leclercdrive.fr/image.ashx?id=3013615&use=l&cat=p&typeid=i","cat":284634},{"id":62571,"n":"Soda à l'orange Orangina 1L","p":1.7,"u":"1,70 €/L","img":"https://fd9-photos.leclercdrive.fr/image.ashx?id=2668413&use=l&cat=p&typeid=i","cat":284532},{"id":62574,"n":"Bière ambrée Grimbergen 6,5° - 6x25cl","p":5.8,"u":"3,87 €/L","img":"https://fd9-photos.leclercdrive.fr/image.ashx?id=2293483&use=l&cat=p&typeid=i","cat":334852},{"id":62575,"n":"Coton disque Inell Rond confort x70","p":0.61,"u":"0,01 €/P","img":"https://fd9-photos.leclercdrive.fr/image.ashx?id=2169171&use=l&cat=p&typeid=i","cat":285593},{"id":62576,"n":"Bière blanche Grimbergen 6° - 6x25cl","p":5.24,"u":"3,49 €/L","img":"https://fd9-photos.leclercdrive.fr/image.ashx?id=2294375&use=l&cat=p&typeid=i","cat":334878},{"id":62581,"n":"Bière aromatisée Grimbergen Cerise 5,5° - 6x25cl","p":5.81,"u":"3,87 €/L","img":"https://fd9-photos.leclercdrive.fr/image.ashx?id=2312798&use=l&cat=p&typeid=i","cat":334878},{"id":62614,"n":"Pâte à tartiner Ovomaltine Crunchy - 360g","p":3.15,"u":"8,75 €/KG","img":"https://fd9-photos.leclercdrive.fr/image.ashx?id=2428645&use=l&cat=p&typeid=i","cat":284481},{"id":62619,"n":"Biscuits nappés Pépito Chocolat au lait - 2x192g","p":2.61,"u":"6,80 €/KG","img":"https://fd9-photos.leclercdrive.fr/image.ashx?id=2989444&use=l&cat=p&typeid=i","cat":284488},{"id":62673,"n":"Dentifrice Sensodyne Rapide action blancheur - 75ml","p":4.29,"u":"57,20 €/L","img":"https://fd9-photos.leclercdrive.fr/image.ashx?id=2556303&use=l&cat=p&typeid=i","cat":284612},{"id":62677,"n":"Gel douche bio So Bio Etic Aloe vera sans sulfate 650ml","p":5.66,"u":"8,71 €/L","img":"https://fd9-photos.leclercdrive.fr/image.ashx?id=2850596&use=l&cat=p&typeid=i","cat":284594},{"id":62678,"n":"Crème douche bio So Bio Etic Lait d'anesse - 650ml","p":6.27,"u":"9,65 €/L","img":"https://fd9-photos.leclercdrive.fr/image.ashx?id=2862515&use=l&cat=p&typeid=i","cat":284594},{"id":62681,"n":"Eau de javel Clair Parfum citron - 2L","p":0.98,"u":"0,49 €/L","img":"https://fd9-photos.leclercdrive.fr/image.ashx?id=2949206&use=l&cat=p&typeid=i","cat":284661},{"id":62682,"n":"Javel en gel Clair  Citron vert - 750ml","p":1.18,"u":"1,57 €/L","img":"https://fd9-photos.leclercdrive.fr/image.ashx?id=2843881&use=l&cat=p&typeid=i","cat":284661},{"id":62723,"n":"Biscuits fourrés Prince Multi céréales - 293g","p":1.52,"u":"5,19 €/KG","img":"https://fd9-photos.leclercdrive.fr/image.ashx?id=2350993&use=l&cat=p&typeid=i","cat":284488},{"id":62725,"n":"Saucisson sec Saint-Azay  Maxi format - 600g","p":7.35,"u":"12,25 €/KG","img":"https://fd9-photos.leclercdrive.fr/image.ashx?id=2943686&use=l&cat=p&typeid=i","cat":316006},{"id":62726,"n":"Compote bio Bio Village Bocal pomme - 625g","p":2.07,"u":"3,31 €/KG","img":"https://fd9-photos.leclercdrive.fr/image.ashx?id=1948042&use=l&cat=p&typeid=i","cat":284508},{"id":62733,"n":"Biscuits Choco Moo Milka Chocolat - 200g","p":1.72,"u":"8,60 €/KG","img":"https://fd9-photos.leclercdrive.fr/image.ashx?id=2990994&use=l&cat=p&typeid=i","cat":284488},{"id":63170,"n":"Sucre de canne Daddy Petits morceaux - 1kg","p":2.23,"u":"2,23 €/KG","img":"https://fd9-photos.leclercdrive.fr/image.ashx?id=2276420&use=l&cat=p&typeid=i","cat":284502},{"id":63248,"n":"Biscuits fourrés Prince Maxi Chocolat - 2X250g","p":3.36,"u":"6,72 €/KG","img":"https://fd9-photos.leclercdrive.fr/image.ashx?id=2347308&use=l&cat=p&typeid=i","cat":284488},{"id":63284,"n":"AOP Champagne Canard Duchêne Charles VII Brut - 75cl","p":31.21,"u":"41,61 €/L","img":"https://fd9-photos.leclercdrive.fr/image.ashx?id=2174390&use=l&cat=p&typeid=i","cat":284542},{"id":63304,"n":"Pizza Crust Sodebo Classic Jambon Emmental - 600g","p":4.86,"u":"8,10 €/KG","img":"https://fd9-photos.leclercdrive.fr/image.ashx?id=3008254&use=l&cat=p&typeid=i","cat":333679},{"id":63306,"n":"Pizza Crust Sodebo Buffalo boeuf poivrons - 600g","p":5.78,"u":"9,63 €/KG","img":"https://fd9-photos.leclercdrive.fr/image.ashx?id=3011197&use=l&cat=p&typeid=i","cat":333679},{"id":63435,"n":"Yaourt brassé lait de chèvre Soignon Citron - 4x125g","p":2.56,"u":"5,12 €/KG","img":"https://fd9-photos.leclercdrive.fr/image.ashx?id=2518274&use=l&cat=p&typeid=i","cat":314998},{"id":63437,"n":"Yaourt Brassé lait de chèvre  Soignon Abricot - 4x125g","p":2.56,"u":"5,12 €/KG","img":"https://fd9-photos.leclercdrive.fr/image.ashx?id=2518271&use=l&cat=p&typeid=i","cat":314998},{"id":63496,"n":"Fromage crottin Rians Cendré - 2x60g","p":3.13,"u":"26,08 €/KG","img":"https://fd9-photos.leclercdrive.fr/image.ashx?id=2578103&use=l&cat=p&typeid=i","cat":314031},{"id":63504,"n":"Fromage Pavé d'Affinois 300g","p":3.48,"u":"11,60 €/KG","img":"https://fd9-photos.leclercdrive.fr/image.ashx?id=3002069&use=l&cat=p&typeid=i","cat":314033},{"id":63505,"n":"Fromage Pavé d'Affinois 200g","p":2.41,"u":"12,05 €/KG","img":"https://fd9-photos.leclercdrive.fr/image.ashx?id=3002081&use=l&cat=p&typeid=i","cat":314033},{"id":63520,"n":"Pizza crust Sodebo Cheesy 4 fromages - 580g","p":4.82,"u":"8,31 €/KG","img":"https://fd9-photos.leclercdrive.fr/image.ashx?id=2912098&use=l&cat=p&typeid=i","cat":333679},{"id":63523,"n":"Crousty chicken Le Gaulois Long filet - 400g","p":5.34,"u":"13,35 €/KG","img":"https://fd9-photos.leclercdrive.fr/image.ashx?id=2968214&use=l&cat=p&typeid=i","cat":333684},{"id":63541,"n":"Sauce barbecue Rustica 560g","p":1.78,"u":"3,18 €/KG","img":"https://fd9-photos.leclercdrive.fr/image.ashx?id=2092948&use=l&cat=p&typeid=i","cat":318431},{"id":63608,"n":"Chèvre fouetté Soignon Nature - 140g","p":2.44,"u":"17,43 €/KG","img":"https://fd9-photos.leclercdrive.fr/image.ashx?id=2516602&use=l&cat=p&typeid=i","cat":314029},{"id":63622,"n":"Sandwich XXL Daunat Pain suédois - jambon/cheddar","p":2.69,"u":"11,70 €/KG","img":"https://fd9-photos.leclercdrive.fr/image.ashx?id=2857383&use=l&cat=p&typeid=i","cat":333658},{"id":63632,"n":"Tartinade de poivrons confits Sud & Sol - 150g","p":2.65,"u":"17,67 €/KG","img":"https://fd9-photos.leclercdrive.fr/image.ashx?id=2986642&use=l&cat=p&typeid=i","cat":315999},{"id":63674,"n":"3 poivres Ducros Moulin - 34g","p":3.44,"u":"101,18 €/KG","img":"https://fd9-photos.leclercdrive.fr/image.ashx?id=2559460&use=l&cat=p&typeid=i","cat":284457},{"id":63685,"n":"4 épices moulues Ducros 37g","p":1.67,"u":"45,14 €/KG","img":"https://fd9-photos.leclercdrive.fr/image.ashx?id=2983213&use=l&cat=p&typeid=i","cat":298297},{"id":63759,"n":"Pur Jus Jafaden Mutlifruits - 2L","p":2.75,"u":"1,38 €/L","img":"https://fd9-photos.leclercdrive.fr/image.ashx?id=2762955&use=l&cat=p&typeid=i","cat":284917},{"id":63762,"n":"Boisson aux fruits Oasis Tropical - 6x33cl","p":3.56,"u":"1,80 €/L","img":"https://fd9-photos.leclercdrive.fr/image.ashx?id=2900812&use=l&cat=p&typeid=i","cat":295018},{"id":63765,"n":"Boisson aux fruits Oasis Orange - 6x33cl","p":4.07,"u":"2,06 €/L","img":"https://fd9-photos.leclercdrive.fr/image.ashx?id=2681718&use=l&cat=p&typeid=i","cat":295018},{"id":63768,"n":"Boisson aux fruits Oasis Pomme Cassis Framboise - 6x33cl","p":4.01,"u":"2,03 €/L","img":"https://fd9-photos.leclercdrive.fr/image.ashx?id=3014449&use=l&cat=p&typeid=i","cat":295018},{"id":63776,"n":"Sirop Moulin de Valdonne Fraise des bois - 70cl","p":3.22,"u":"4,60 €/L","img":"https://fd9-photos.leclercdrive.fr/image.ashx?id=2170589&use=l&cat=p&typeid=i","cat":295020},{"id":63794,"n":"Soda Schweppes Saveur Citron - 6x33cl","p":3.67,"u":"1,85 €/L","img":"https://fd9-photos.leclercdrive.fr/image.ashx?id=2852743&use=l&cat=p&typeid=i","cat":284532},{"id":63795,"n":"Soda Schweppes Indian Tonic - 6x33cl","p":3.65,"u":"1,84 €/L","img":"https://fd9-photos.leclercdrive.fr/image.ashx?id=2852423&use=l&cat=p&typeid=i","cat":284531},{"id":63797,"n":"Soda Schweppes Saveur Agrumes - 6x33cl","p":3.51,"u":"1,77 €/L","img":"https://fd9-photos.leclercdrive.fr/image.ashx?id=2852737&use=l&cat=p&typeid=i","cat":284532},{"id":63798,"n":"Soda Schweppes Saveur Agrumes Zero - 6x33cl","p":3.08,"u":"1,56 €/L","img":"https://fd9-photos.leclercdrive.fr/image.ashx?id=2852740&use=l&cat=p&typeid=i","cat":284532},{"id":63824,"n":"Soda Coca-Cola Zéro Sans caféine - 1.25L","p":1.52,"u":"1,22 €/L","img":"https://fd9-photos.leclercdrive.fr/image.ashx?id=3009059&use=l&cat=p&typeid=i","cat":284530},{"id":63837,"n":"Champignons Eco+ Pieds et morceaux - 230g","p":0.82,"u":"3,57 €/KG","img":"https://fd9-photos.leclercdrive.fr/image.ashx?id=2783002&use=l&cat=p&typeid=i","cat":312610},{"id":63959,"n":"Burger le Charolais Côté Snack 180g","p":2.49,"u":"13,83 €/KG","img":"https://fd9-photos.leclercdrive.fr/image.ashx?id=2776292&use=l&cat=p&typeid=i","cat":333671},{"id":63961,"n":"Burger le campagnard Côté Snack Poulet emmental - 180g","p":2.49,"u":"13,83 €/KG","img":"https://fd9-photos.leclercdrive.fr/image.ashx?id=2898251&use=l&cat=p&typeid=i","cat":333671},{"id":63962,"n":"Baguette Alliance    250g","p":0.99,"u":"3,96 €/KG","img":"https://fd9-photos.leclercdrive.fr/image.ashx?id=1173649&use=l&cat=p&typeid=i","cat":284359},{"id":63963,"n":"Baguette Alliance  3x250g + 1 offerte","p":2.97,"u":"2,97 €/KG","img":"https://fd9-photos.leclercdrive.fr/image.ashx?id=1173652&use=l&cat=p&typeid=i","cat":284359},{"id":63993,"n":"Crème glacée Eskiss  Douceur de vanille - 500g","p":3.91,"u":"7,82 €/KG","img":"https://fd9-photos.leclercdrive.fr/image.ashx?id=2982634&use=l&cat=p&typeid=i","cat":284263},{"id":64032,"n":"Pur jus d'orange Tropicana Sans pulpe - 2x1L","p":5.08,"u":"2,54 €/L","img":"https://fd9-photos.leclercdrive.fr/image.ashx?id=2605671&use=l&cat=p&typeid=i","cat":284521},{"id":64057,"n":"Bière Desperados Red 12x33cl","p":17.8,"u":"4,49 €/L","img":"https://fd9-photos.leclercdrive.fr/image.ashx?id=2651074&use=l&cat=p&typeid=i","cat":334878},{"id":64108,"n":"Fromage à Tartiner Carré Frais  Nature 8 Portions - 200g","p":2.16,"u":"10,80 €/KG","img":"https://fd9-photos.leclercdrive.fr/image.ashx?id=2452209&use=l&cat=p&typeid=i","cat":314029},{"id":64170,"n":"Surimi Petits Coraya Sauce mayonnaise  x21 - 210g","p":2.79,"u":"13,29 €/KG","img":"https://fd9-photos.leclercdrive.fr/image.ashx?id=2968880&use=l&cat=p&typeid=i","cat":285189},{"id":64171,"n":"Tranches de Surimi Coraya x6 - 200g","p":2.41,"u":"12,05 €/KG","img":"https://fd9-photos.leclercdrive.fr/image.ashx?id=2760898&use=l&cat=p&typeid=i","cat":285189},{"id":64191,"n":"Tomates cerises allongées Panier du Primeur - 250g","p":1.59,"u":"6,36 €/KG","img":"https://fd9-photos.leclercdrive.fr/image.ashx?id=2988099&use=l&cat=p&typeid=i","cat":284352},{"id":64281,"n":"Matière grasse St Hubert 41 à tartiner - 38% MG - 250g","p":2.41,"u":"9,64 €/KG","img":"https://fd9-photos.leclercdrive.fr/image.ashx?id=2734141&use=l&cat=p&typeid=i","cat":315229},{"id":64630,"n":"Coquilles Saint Jacques Tipiak Fond de poireaux - 4x90g","p":7.15,"u":"19,86 €/KG","img":"https://fd9-photos.leclercdrive.fr/image.ashx?id=2560978&use=l&cat=p&typeid=i","cat":319775},{"id":64666,"n":"Gâteaux moelleux Kinder Délice Coeur lait enrobé Cacao - x10","p":3.22,"u":"8,26 €/KG","img":"https://fd9-photos.leclercdrive.fr/image.ashx?id=2832476&use=l&cat=p&typeid=i","cat":284495},{"id":64680,"n":"Soupe liquide Liebig Potiron Kiri Brique - 2x30cl","p":2.38,"u":"3,97 €/L","img":"https://fd9-photos.leclercdrive.fr/image.ashx?id=2892136&use=l&cat=p&typeid=i","cat":284462},{"id":64684,"n":"Soupe liquide brique Liebig  Légumes façon Poêlée - 2x30cl","p":2.2,"u":"3,67 €/L","img":"https://fd9-photos.leclercdrive.fr/image.ashx?id=2598073&use=l&cat=p&typeid=i","cat":284462},{"id":64685,"n":"Soupe liquide Liebig  Potiron - 2x30cl","p":2.07,"u":"3,45 €/L","img":"https://fd9-photos.leclercdrive.fr/image.ashx?id=2369915&use=l&cat=p&typeid=i","cat":284462},{"id":64686,"n":"Soupe liquide brique Liebig  Velouté légumes soleil - 2x30cl","p":1.89,"u":"3,15 €/L","img":"https://fd9-photos.leclercdrive.fr/image.ashx?id=2203382&use=l&cat=p&typeid=i","cat":284462},{"id":64692,"n":"Chocolat Pâtissier Nestlé Dessert - Noir corsé - 200g","p":3.04,"u":"15,20 €/KG","img":"https://fd9-photos.leclercdrive.fr/image.ashx?id=2889895&use=l&cat=p&typeid=i","cat":285562},{"id":64694,"n":"Culottes Confort Protect Depend Homme - L/XL - x9","p":7.6,"u":"0,84 €/P","img":"https://fd9-photos.leclercdrive.fr/image.ashx?id=2057755&use=l&cat=p&typeid=i","cat":291514},{"id":64698,"n":"Culotte Active-Fit Depend Homme - L/XL - x8","p":8.97,"u":"1,12 €/P","img":"https://fd9-photos.leclercdrive.fr/image.ashx?id=1883177&use=l&cat=p&typeid=i","cat":291514},{"id":64889,"n":"Végétal Nuggets Garden Gourmet Soja et Blé 200g","p":2.8,"u":"14,00 €/KG","img":"https://fd9-photos.leclercdrive.fr/image.ashx?id=2963967&use=l&cat=p&typeid=i","cat":316036},{"id":64897,"n":"Tortellini à poêler Lustucru Jambon emmental - 300g","p":2.18,"u":"7,27 €/KG","img":"https://fd9-photos.leclercdrive.fr/image.ashx?id=2792393&use=l&cat=p&typeid=i","cat":333682},{"id":64910,"n":"Secret de mousse La Laitière Citron - 4x59g","p":1.65,"u":"6,99 €/KG","img":"https://fd9-photos.leclercdrive.fr/image.ashx?id=2616532&use=l&cat=p&typeid=i","cat":284417},{"id":64913,"n":"Yaourt à boire Actimel nature et fraise - 8x100g","p":3.62,"u":"4,53 €/KG","img":"https://fd9-photos.leclercdrive.fr/image.ashx?id=2996467&use=l&cat=p&typeid=i","cat":284415},{"id":64964,"n":"Eau minérale gazeuse Quezac 6x1.15L","p":2.81,"u":"0,41 €/L","img":"https://fd9-photos.leclercdrive.fr/image.ashx?id=2975341&use=l&cat=p&typeid=i","cat":284536},{"id":64980,"n":"Parmentier de canard  Maison Tino - 750g","p":8.5,"u":"11,33 €/KG","img":"https://fd9-photos.leclercdrive.fr/image.ashx?id=2554656&use=l&cat=p&typeid=i","cat":333666},{"id":64983,"n":"Parmentier de boeuf Maison Tino -  750g","p":9.6,"u":"12,80 €/KG","img":"https://fd9-photos.leclercdrive.fr/image.ashx?id=2554650&use=l&cat=p&typeid=i","cat":333666},{"id":65013,"n":"AIRWICK Spray Désodorisant  Pure Rafraichissant - 250ml","p":3.71,"u":"14,84 €/L","img":"https://fd9-photos.leclercdrive.fr/image.ashx?id=2962011&use=l&cat=p&typeid=i","cat":311626},{"id":65044,"n":"Biscuits petit déjeuner Belvita Miel & pépites chocolat - 435g","p":2.7,"u":"6,21 €/KG","img":"https://fd9-photos.leclercdrive.fr/image.ashx?id=2989441&use=l&cat=p&typeid=i","cat":284491},{"id":65336,"n":"Café dosettes Tassimo L'Or Espresso Splendente x16","p":4.87,"u":"43,48 €/KG","img":"https://fd9-photos.leclercdrive.fr/image.ashx?id=2853404&use=l&cat=p&typeid=i","cat":293240},{"id":65341,"n":"Bonbons LUTTI Koala Guimauve Chocolat - 185g","p":1.57,"u":"8,49 €/KG","img":"https://fd9-photos.leclercdrive.fr/image.ashx?id=2806147&use=l&cat=p&typeid=i","cat":304250},{"id":65342,"n":"Bonbons LUTTI Surffizz Piquants Fruits - 200g","p":1.16,"u":"5,80 €/KG","img":"https://fd9-photos.leclercdrive.fr/image.ashx?id=2806144&use=l&cat=p&typeid=i","cat":304250},{"id":65366,"n":"Bière blonde Affligem Pack 6.7% vol. - 20x25cl","p":14.83,"u":"2,97 €/L","img":"https://fd9-photos.leclercdrive.fr/image.ashx?id=2774274&use=l&cat=p&typeid=i","cat":334852},{"id":65904,"n":"Liniment Mots d'Enfants 500ml","p":3.9,"u":"7,80 €/L","img":"https://fd9-photos.leclercdrive.fr/image.ashx?id=2290721&use=l&cat=p&typeid=i","cat":284741},{"id":65948,"n":"Andouillettes grillées Aux herbes - 6+2 offerts - 1kg","p":7.18,"u":"7,18 €/KG","img":"https://fd9-photos.leclercdrive.fr/image.ashx?id=2634235&use=l&cat=p&typeid=i","cat":316012},{"id":65970,"n":"Crème légère fluide Bridélice 12%MG - 3x20cl","p":2.52,"u":"4,20 €/L","img":"https://fd9-photos.leclercdrive.fr/image.ashx?id=2904736&use=l&cat=p&typeid=i","cat":284381},{"id":65973,"n":"Abricots Douceur du Verger Sirop léger - 235 g","p":1.44,"u":"6,13 €/KG","img":"https://fd9-photos.leclercdrive.fr/image.ashx?id=2622891&use=l&cat=p&typeid=i","cat":284507},{"id":66266,"n":"Brioche tranchée Pasquier Tranches gourmandes - 450g","p":2.18,"u":"4,84 €/KG","img":"https://fd9-photos.leclercdrive.fr/image.ashx?id=2850940&use=l&cat=p&typeid=i","cat":284478},{"id":66279,"n":"Roquefort AOP Les croisés - 32%mg - 100g","p":2.15,"u":"21,50 €/KG","img":"https://fd9-photos.leclercdrive.fr/image.ashx?id=2562885&use=l&cat=p&typeid=i","cat":314032},{"id":66284,"n":"Saucisson sec Saint-Azay 30 tranches - 100g","p":1.43,"u":"14,30 €/KG","img":"https://fd9-photos.leclercdrive.fr/image.ashx?id=2907213&use=l&cat=p&typeid=i","cat":316007},{"id":66290,"n":"Saucisson sec saint-Azay Au comté - 30 tranches - 100g","p":2.33,"u":"23,30 €/P","img":"https://fd9-photos.leclercdrive.fr/image.ashx?id=2907216&use=l&cat=p&typeid=i","cat":316007},{"id":66293,"n":"Eau aromatisée Volvic juicy jus de fraise - 6x50cl","p":3.97,"u":"1,32 €/L","img":"https://fd9-photos.leclercdrive.fr/image.ashx?id=2961996&use=l&cat=p&typeid=i","cat":284537},{"id":66356,"n":"Café Soluble Nescafé  Cappuccino Classique - 280g","p":4.44,"u":"15,86 €/KG","img":"https://fd9-photos.leclercdrive.fr/image.ashx?id=2918044&use=l&cat=p&typeid=i","cat":284843},{"id":66366,"n":"Déodorant compressé Sanex  Zéro % Extra control - 100ml","p":3.5,"u":"35,00 €/L","img":"https://fd9-photos.leclercdrive.fr/image.ashx?id=2664274&use=l&cat=p&typeid=i","cat":284618},{"id":66385,"n":"Démaquillant yeux Inell Waterproof bi-phase - 150ml","p":1.98,"u":"13,20 €/L","img":"https://fd9-photos.leclercdrive.fr/image.ashx?id=1962713&use=l&cat=p&typeid=i","cat":284603},{"id":66527,"n":"Fromage Le Vieux Pané Finement typé - 200g","p":3.28,"u":"16,40 €/KG","img":"https://fd9-photos.leclercdrive.fr/image.ashx?id=2770380&use=l&cat=p&typeid=i","cat":329558},{"id":66555,"n":"Café moulu Bio Village Bio Ethiopie - 250g","p":4.35,"u":"17,40 €/KG","img":"https://fd9-photos.leclercdrive.fr/image.ashx?id=2468876&use=l&cat=p&typeid=i","cat":284750},{"id":66651,"n":"Doonuts nappés St Michel 180g","p":1.76,"u":"9,78 €/KG","img":"https://fd9-photos.leclercdrive.fr/image.ashx?id=2928495&use=l&cat=p&typeid=i","cat":284495},{"id":66652,"n":"Doonuts marbrés St Michel 180g","p":1.82,"u":"10,11 €/KG","img":"https://fd9-photos.leclercdrive.fr/image.ashx?id=2962299&use=l&cat=p&typeid=i","cat":284495},{"id":66739,"n":"Petits Pots  - P'tite Recette  Paëlla - dès 12 mois - 2x200g","p":2.39,"u":"5,98 €/KG","img":"https://fd9-photos.leclercdrive.fr/image.ashx?id=2525693&use=l&cat=p&typeid=i","cat":312237},{"id":66740,"n":"P'tite Recette Nestlé Lentilles Vertes Jambon 12 mois - 2x200g","p":2.21,"u":"5,53 €/KG","img":"https://fd9-photos.leclercdrive.fr/image.ashx?id=2525690&use=l&cat=p&typeid=i","cat":312237},{"id":66746,"n":"Tomme de brebis Lou Pérac Fromage de brebis - 200g","p":4.12,"u":"20,60 €/KG","img":"https://fd9-photos.leclercdrive.fr/image.ashx?id=2758840&use=l&cat=p&typeid=i","cat":329184},{"id":66747,"n":"Ma Crème anglaise Bridélice UHT - 50cl","p":1.84,"u":"3,68 €/L","img":"https://fd9-photos.leclercdrive.fr/image.ashx?id=2643086&use=l&cat=p&typeid=i","cat":284382},{"id":66756,"n":"Calzone Turini Jambon fromage gratinée 380g","p":3.09,"u":"8,13 €/KG","img":"https://fd9-photos.leclercdrive.fr/image.ashx?id=2289165&use=l&cat=p&typeid=i","cat":333679},{"id":66761,"n":"Mini gratins Côté Table Légumes du soleil - 400g","p":3.69,"u":"9,23 €/KG","img":"https://fd9-photos.leclercdrive.fr/image.ashx?id=2059098&use=l&cat=p&typeid=i","cat":319802},{"id":66772,"n":"Gésiers de volaille Provençale - 300g","p":2.49,"u":"8,30 €/KG","img":"https://fd9-photos.leclercdrive.fr/image.ashx?id=2814872&use=l&cat=p&typeid=i","cat":284715},{"id":66803,"n":"Biscuits Nutella B-ready Cacao noisettes - 330g","p":3.97,"u":"12,03 €/KG","img":"https://fd9-photos.leclercdrive.fr/image.ashx?id=2770599&use=l&cat=p&typeid=i","cat":284488},{"id":66804,"n":"Biscuits Nutella B-ready Cacao Noisettes - 220g","p":2.81,"u":"12,77 €/KG","img":"https://fd9-photos.leclercdrive.fr/image.ashx?id=2630784&use=l&cat=p&typeid=i","cat":284488},{"id":66838,"n":"Gel coiffant Vitanove  Fixation béton - 250ml","p":1.61,"u":"6,44 €/L","img":"https://fd9-photos.leclercdrive.fr/image.ashx?id=2294339&use=l&cat=p&typeid=i","cat":284609},{"id":66843,"n":"Bandes de cire froide Siliss Visage - x32","p":2.19,"u":"0,07 €/P","img":"https://fd9-photos.leclercdrive.fr/image.ashx?id=2699708&use=l&cat=p&typeid=i","cat":325351},{"id":66965,"n":"Matière grasse Primevere Oméga 3 - 55% - 500g","p":2.96,"u":"5,92 €/KG","img":"https://fd9-photos.leclercdrive.fr/image.ashx?id=2939328&use=l&cat=p&typeid=i","cat":315229},{"id":66967,"n":"Matière grasse Primevere 63%MG - oméga 3 - 500g","p":3.3,"u":"6,60 €/KG","img":"https://fd9-photos.leclercdrive.fr/image.ashx?id=2936044&use=l&cat=p&typeid=i","cat":315229},{"id":66968,"n":"Beurre tendre Président Doux - 82% MG - 250g","p":3.14,"u":"12,56 €/KG","img":"https://fd9-photos.leclercdrive.fr/image.ashx?id=2811944&use=l&cat=p&typeid=i","cat":284379},{"id":66969,"n":"Pommes de terre Notre Jardin En lamelle - 500g","p":1.38,"u":"2,76 €/KG","img":"https://fd9-photos.leclercdrive.fr/image.ashx?id=2670335&use=l&cat=p&typeid=i","cat":284352},{"id":66974,"n":"Quart de jambon sec Saint Azay 18 tranches - 220g","p":2.84,"u":"12,91 €/KG","img":"https://fd9-photos.leclercdrive.fr/image.ashx?id=2874386&use=l&cat=p&typeid=i","cat":316007},{"id":66978,"n":"Poire bio Bio Village Barquette x4","p":2.99,"u":"0,75 €/P","img":"https://fd9-photos.leclercdrive.fr/image.ashx?id=2552002&use=l&cat=p&typeid=i","cat":284356},{"id":66982,"n":"Truite eau douce Ronde des Mers x4 tranches - 100g","p":3.09,"u":"30,90 €/KG","img":"https://fd9-photos.leclercdrive.fr/image.ashx?id=2981882&use=l&cat=p&typeid=i","cat":285188},{"id":66985,"n":"Roulés au fromage Côté Table x2 - 260g","p":2.32,"u":"8,92 €/KG","img":"https://fd9-photos.leclercdrive.fr/image.ashx?id=2794838&use=l&cat=p&typeid=i","cat":333671},{"id":66989,"n":"Yaourt bifidus Activia céréales noix - 4x120g","p":2.13,"u":"4,44 €/KG","img":"https://fd9-photos.leclercdrive.fr/image.ashx?id=2901623&use=l&cat=p&typeid=i","cat":315000},{"id":66990,"n":"Yaourt bifidus Activia céréales muesli - 4x120g","p":2.04,"u":"4,25 €/KG","img":"https://fd9-photos.leclercdrive.fr/image.ashx?id=2901620&use=l&cat=p&typeid=i","cat":315000},{"id":67071,"n":"Fromage Maroilles Fauquet  Quart AOP - 210g","p":3.24,"u":"15,43 €/KG","img":"https://fd9-photos.leclercdrive.fr/image.ashx?id=2834509&use=l&cat=p&typeid=i","cat":329558},{"id":67168,"n":"Yaourt à boire Actimel fruits pêche gelée royale - 12x100g","p":4.78,"u":"3,98 €/KG","img":"https://fd9-photos.leclercdrive.fr/image.ashx?id=2996473&use=l&cat=p&typeid=i","cat":284415},{"id":67378,"n":"Sirop Eco+ Grenadine - 1L","p":1.71,"u":"1,71 €/L","img":"https://fd9-photos.leclercdrive.fr/image.ashx?id=2901419&use=l&cat=p&typeid=i","cat":295020},{"id":67392,"n":"Boisson aux fruits gazeuses Pulpe orange - 1,5L","p":1.17,"u":"0,78 €/L","img":"https://fd9-photos.leclercdrive.fr/image.ashx?id=2754198&use=l&cat=p&typeid=i","cat":284532},{"id":67393,"n":"Beurre gastronomique Président Doux - 82% MG - 250g","p":2.76,"u":"11,04 €/KG","img":"https://fd9-photos.leclercdrive.fr/image.ashx?id=3011104&use=l&cat=p&typeid=i","cat":284379},{"id":67421,"n":"Soupe Bio Mouliné Knorr Légumes du potager - 1L","p":3.13,"u":"3,13 €/L","img":"https://fd9-photos.leclercdrive.fr/image.ashx?id=2312578&use=l&cat=p&typeid=i","cat":284462},{"id":67425,"n":"yaourt bifidus activia céréales quinoa noisette - 4x120g","p":2.14,"u":"4,46 €/KG","img":"https://fd9-photos.leclercdrive.fr/image.ashx?id=2901626&use=l&cat=p&typeid=i","cat":315000},{"id":67460,"n":"Champignons Pieds morceaux - 460g","p":1.42,"u":"3,09 €/KG","img":"https://fd9-photos.leclercdrive.fr/image.ashx?id=2783005&use=l&cat=p&typeid=i","cat":312610},{"id":67568,"n":"Curry moulu Rustica 42g","p":0.55,"u":"13,10 €/KG","img":"https://fd9-photos.leclercdrive.fr/image.ashx?id=2772975&use=l&cat=p&typeid=i","cat":298297},{"id":67569,"n":"Oignon semoule Rustica Déshydraté - 30g","p":0.99,"u":"33,00 €/KG","img":"https://fd9-photos.leclercdrive.fr/image.ashx?id=2772978&use=l&cat=p&typeid=i","cat":298297},{"id":67570,"n":"Poivre noir moulu Rustica Indonésie - 38g","p":0.81,"u":"21,32 €/KG","img":"https://fd9-photos.leclercdrive.fr/image.ashx?id=2797793&use=l&cat=p&typeid=i","cat":284457},{"id":67571,"n":"Poivre noir Rustica Moulin - 28g","p":1.22,"u":"43,57 €/KG","img":"https://fd9-photos.leclercdrive.fr/image.ashx?id=2932674&use=l&cat=p&typeid=i","cat":284457},{"id":67572,"n":"Ciboulette Rustica 4g","p":0.43,"u":"107,50 €/KG","img":"https://fd9-photos.leclercdrive.fr/image.ashx?id=2772990&use=l&cat=p&typeid=i","cat":298297},{"id":67573,"n":"Cumin moulu Rustica 32g","p":0.59,"u":"18,44 €/KG","img":"https://fd9-photos.leclercdrive.fr/image.ashx?id=2772963&use=l&cat=p&typeid=i","cat":298297},{"id":67575,"n":"Saucisse fumée de Savoie Socopa Façon charcutière x4 - 320g","p":3.5,"u":"10,94 €/KG","img":"https://fd9-photos.leclercdrive.fr/image.ashx?id=2264686&use=l&cat=p&typeid=i","cat":284334},{"id":67585,"n":"Baby Carottes 450g","p":3.49,"u":"7,76 €/KG","img":"https://fd9-photos.leclercdrive.fr/image.ashx?id=2786498&use=l&cat=p&typeid=i","cat":284352},{"id":67620,"n":"Persil Rustica 5g","p":0.39,"u":"78,00 €/KG","img":"https://fd9-photos.leclercdrive.fr/image.ashx?id=2772969&use=l&cat=p&typeid=i","cat":298297},{"id":67621,"n":"Paprika doux moulu Rustica  40g","p":0.49,"u":"12,25 €/KG","img":"https://fd9-photos.leclercdrive.fr/image.ashx?id=2772966&use=l&cat=p&typeid=i","cat":298297},{"id":67622,"n":"Thym Rustica 14g","p":0.4,"u":"28,57 €/KG","img":"https://fd9-photos.leclercdrive.fr/image.ashx?id=2797784&use=l&cat=p&typeid=i","cat":298297},{"id":67652,"n":"Poivre gris moulu Flacon - 36g","p":1.11,"u":"30,83 €/KG","img":"https://fd9-photos.leclercdrive.fr/image.ashx?id=2797778&use=l&cat=p&typeid=i","cat":284457},{"id":67653,"n":"Gingembre moulu Rustica 27g","p":1.19,"u":"44,07 €/KG","img":"https://fd9-photos.leclercdrive.fr/image.ashx?id=2797796&use=l&cat=p&typeid=i","cat":298297},{"id":67654,"n":"Ail semoule Bio Village Bio 56g","p":1.99,"u":"35,54 €/KG","img":"https://fd9-photos.leclercdrive.fr/image.ashx?id=2991461&use=l&cat=p&typeid=i","cat":298297},{"id":67667,"n":"Purée de tomate Panzani Tomacouli nature - 500g","p":0.93,"u":"1,86 €/KG","img":"https://fd9-photos.leclercdrive.fr/image.ashx?id=2979623&use=l&cat=p&typeid=i","cat":288384},{"id":67677,"n":"Clous de girofle Rustica 23g","p":1.32,"u":"57,39 €/KG","img":"https://fd9-photos.leclercdrive.fr/image.ashx?id=2797787&use=l&cat=p&typeid=i","cat":298297},{"id":67678,"n":"Curcuma moulu Rustica 37g","p":0.66,"u":"17,84 €/KG","img":"https://fd9-photos.leclercdrive.fr/image.ashx?id=2772981&use=l&cat=p&typeid=i","cat":298297},{"id":67679,"n":"Estragon Rustica 7g","p":0.79,"u":"112,86 €/KG","img":"https://fd9-photos.leclercdrive.fr/image.ashx?id=2772993&use=l&cat=p&typeid=i","cat":298297},{"id":67680,"n":"Herbes de provence Rustica 120g","p":2.6,"u":"21,67 €/KG","img":"https://fd9-photos.leclercdrive.fr/image.ashx?id=2907228&use=l&cat=p&typeid=i","cat":298297},{"id":67681,"n":"Herbes de Provence Rustica 18g","p":0.41,"u":"22,78 €/KG","img":"https://fd9-photos.leclercdrive.fr/image.ashx?id=2772972&use=l&cat=p&typeid=i","cat":298297},{"id":67682,"n":"Noix de Muscade Rustica Moulue - 32g","p":1.35,"u":"42,19 €/KG","img":"https://fd9-photos.leclercdrive.fr/image.ashx?id=2772996&use=l&cat=p&typeid=i","cat":298297},{"id":67683,"n":"Persillade Rustica 95g","p":1.74,"u":"18,32 €/KG","img":"https://fd9-photos.leclercdrive.fr/image.ashx?id=2932668&use=l&cat=p&typeid=i","cat":298297},{"id":67712,"n":"Yaourts nature Délisse Au lait chèvre - 4x125g","p":1.84,"u":"3,68 €/KG","img":"https://fd9-photos.leclercdrive.fr/image.ashx?id=1847192&use=l&cat=p&typeid=i","cat":314998},{"id":67714,"n":"Yaourts à la Grecque Délisse Lait brebis, nature - 2x150g","p":1.84,"u":"6,13 €/KG","img":"https://fd9-photos.leclercdrive.fr/image.ashx?id=1993586&use=l&cat=p&typeid=i","cat":314999},{"id":67715,"n":"Liégeois Délisse Pistache - 4x100g","p":1.62,"u":"4,05 €/KG","img":"https://fd9-photos.leclercdrive.fr/image.ashx?id=2652514&use=l&cat=p&typeid=i","cat":285042},{"id":67726,"n":"AOC Crémant de Bourgogne Veuve Ambal Rosé brut - 75cl","p":7.99,"u":"10,65 €/L","img":"https://fd9-photos.leclercdrive.fr/image.ashx?id=2021286&use=l&cat=p&typeid=i","cat":284545},{"id":67807,"n":"Nettoyant spray Clair Javel - Cuisine - 750ml","p":1.73,"u":"2,31 €/L","img":"https://fd9-photos.leclercdrive.fr/image.ashx?id=2840479&use=l&cat=p&typeid=i","cat":325357},{"id":67875,"n":"The Pik Box Haribo Boîte bonbons acidulés - 550g","p":4.83,"u":"8,78 €/KG","img":"https://fd9-photos.leclercdrive.fr/image.ashx?id=2805219&use=l&cat=p&typeid=i","cat":304250},{"id":67885,"n":"Crème fraîche épaisse Président Entière 30%mg - 45cl","p":2.27,"u":"5,04 €/L","img":"https://fd9-photos.leclercdrive.fr/image.ashx?id=2971948&use=l&cat=p&typeid=i","cat":284381},{"id":68009,"n":"Yaourt Enfant Petits Filous Fruits Mixés Panaché - 18x50g","p":2.81,"u":"3,12 €/KG","img":"https://fd9-photos.leclercdrive.fr/image.ashx?id=2767362&use=l&cat=p&typeid=i","cat":284414},{"id":68010,"n":"Crème dessert Bio Les 2 vaches Vanille - 4x95g","p":1.84,"u":"4,84 €/KG","img":"https://fd9-photos.leclercdrive.fr/image.ashx?id=2774015&use=l&cat=p&typeid=i","cat":285041},{"id":68011,"n":"Crème dessert Bio Les 2 vaches Caramel - 4x95g","p":1.71,"u":"4,50 €/KG","img":"https://fd9-photos.leclercdrive.fr/image.ashx?id=2774097&use=l&cat=p&typeid=i","cat":285041},{"id":68012,"n":"Crème dessert Bio Les 2 vaches Chocolat - 4x95g","p":1.74,"u":"4,58 €/KG","img":"https://fd9-photos.leclercdrive.fr/image.ashx?id=2774100&use=l&cat=p&typeid=i","cat":285041},{"id":68087,"n":"Ananas Douceur du Verger Tranches brisées -  340g","p":1.59,"u":"4,68 €/KG","img":"https://fd9-photos.leclercdrive.fr/image.ashx?id=2485086&use=l&cat=p&typeid=i","cat":284507},{"id":68088,"n":"Cannelle Rustica 39g","p":0.88,"u":"22,56 €/KG","img":"https://fd9-photos.leclercdrive.fr/image.ashx?id=2772960&use=l&cat=p&typeid=i","cat":298297},{"id":68093,"n":"Champignons Paris Notre Jardin Entiers - 2x115g","p":1.85,"u":"8,04 €/KG","img":"https://fd9-photos.leclercdrive.fr/image.ashx?id=2724699&use=l&cat=p&typeid=i","cat":312610},{"id":68094,"n":"Poivre blanc Rustica Moulu - 36g","p":1.89,"u":"52,50 €/KG","img":"https://fd9-photos.leclercdrive.fr/image.ashx?id=1216415&use=l&cat=p&typeid=i","cat":284457},{"id":68095,"n":"Yaourt à la grecque YAOS Nature lit de fraises 4x125g","p":2.56,"u":"5,12 €/KG","img":"https://fd9-photos.leclercdrive.fr/image.ashx?id=2729734&use=l&cat=p&typeid=i","cat":314999},{"id":68097,"n":"Yaourt à la grecque YAOS Citron - 4x125g","p":2.72,"u":"5,44 €/KG","img":"https://fd9-photos.leclercdrive.fr/image.ashx?id=2578672&use=l&cat=p&typeid=i","cat":314999},{"id":68214,"n":"Biscuits Petits Cœurs LU Chocolat - 125g","p":1.15,"u":"9,20 €/KG","img":"https://fd9-photos.leclercdrive.fr/image.ashx?id=3002021&use=l&cat=p&typeid=i","cat":284488},{"id":68217,"n":"Biscuits Croc Sablé Pépito  Chocolat - 294g","p":1.19,"u":"4,05 €/KG","img":"https://fd9-photos.leclercdrive.fr/image.ashx?id=2347254&use=l&cat=p&typeid=i","cat":284488},{"id":68278,"n":"Recharge gel lavant Manava Hypoallergénique - 250ml","p":0.66,"u":"2,64 €/L","img":"https://fd9-photos.leclercdrive.fr/image.ashx?id=2935537&use=l&cat=p&typeid=i","cat":284597},{"id":68432,"n":"Gel WC Syphon Activ'Effect Fraîcheur pin - 750ml","p":0.74,"u":"0,99 €/L","img":"https://fd9-photos.leclercdrive.fr/image.ashx?id=2388382&use=l&cat=p&typeid=i","cat":284662},{"id":68445,"n":"Recharge crème lavante Manava Framboise pivoine - 250ml","p":0.57,"u":"2,28 €/L","img":"https://fd9-photos.leclercdrive.fr/image.ashx?id=2935510&use=l&cat=p&typeid=i","cat":284597},{"id":68449,"n":"Perles désodorisantes Bien Air Japon","p":2.25,"img":"https://fd9-photos.leclercdrive.fr/image.ashx?id=2568798&use=l&cat=p&typeid=i","cat":311628},{"id":68453,"n":"Gel lavant Manava Hypoallergénique - 300ml","p":1.05,"u":"3,50 €/L","img":"https://fd9-photos.leclercdrive.fr/image.ashx?id=2935528&use=l&cat=p&typeid=i","cat":284597},{"id":68454,"n":"Savon noir Clair Mou - 1kg","p":4.3,"u":"4,30 €/KG","img":"https://fd9-photos.leclercdrive.fr/image.ashx?id=1294158&use=l&cat=p&typeid=i","cat":284907},{"id":68455,"n":"Gel nettoyant Syphon Entretien menthe - 1L","p":2.89,"u":"2,89 €/L","img":"https://fd9-photos.leclercdrive.fr/image.ashx?id=2943659&use=l&cat=p&typeid=i","cat":284908},{"id":68475,"n":"Culotte Chorys Médium nuit - x12","p":8.56,"u":"0,71 €/P","img":"https://fd9-photos.leclercdrive.fr/image.ashx?id=2716009&use=l&cat=p&typeid=i","cat":284628},{"id":68476,"n":"Culotte Chorys Absorption plus large nuit x10","p":7.14,"u":"0,71 €/P","img":"https://fd9-photos.leclercdrive.fr/image.ashx?id=2704490&use=l&cat=p&typeid=i","cat":284628},{"id":68861,"n":"Miel Bio Village Bio crémeux de fleurs - 500g","p":4.99,"u":"9,98 €/KG","img":"https://fd9-photos.leclercdrive.fr/image.ashx?id=2564219&use=l&cat=p&typeid=i","cat":287643},{"id":68862,"n":"Pâte à tartiner Nustikao 600g","p":2.73,"u":"4,55 €/KG","img":"https://fd9-photos.leclercdrive.fr/image.ashx?id=2814869&use=l&cat=p&typeid=i","cat":284481},{"id":68863,"n":"Compote Douceur du Verger Gourdes Pomme - 12x90g","p":2.95,"u":"2,73 €/KG","img":"https://fd9-photos.leclercdrive.fr/image.ashx?id=2843794&use=l&cat=p&typeid=i","cat":284508},{"id":68864,"n":"Compote Douceur du Verger Bocal pomme poire - 710g","p":1.75,"u":"2,46 €/KG","img":"https://fd9-photos.leclercdrive.fr/image.ashx?id=2663539&use=l&cat=p&typeid=i","cat":284508},{"id":68865,"n":"Compote Douceur du Verger Bocal pomme vanille - 710g","p":1.57,"u":"2,21 €/KG","img":"https://fd9-photos.leclercdrive.fr/image.ashx?id=2663542&use=l&cat=p&typeid=i","cat":284508},{"id":68866,"n":"Compote Douceur du Verger Bocal pomme - 710g","p":1.27,"u":"1,79 €/KG","img":"https://fd9-photos.leclercdrive.fr/image.ashx?id=2663536&use=l&cat=p&typeid=i","cat":284508},{"id":68868,"n":"Riz long Bio Village Bio semi complet - 500g","p":2.25,"u":"4,50 €/KG","img":"https://fd9-photos.leclercdrive.fr/image.ashx?id=2441513&use=l&cat=p&typeid=i","cat":284428},{"id":68882,"n":"Compote bio Bio Village Coupelle pomme - 8x100g","p":2.89,"u":"3,61 €/KG","img":"https://fd9-photos.leclercdrive.fr/image.ashx?id=1947749&use=l&cat=p&typeid=i","cat":284508},{"id":68913,"n":"Purificateur d'air Sanytol Désinfectant - 300ml","p":3.82,"u":"12,73 €/L","img":"https://fd9-photos.leclercdrive.fr/image.ashx?id=2901659&use=l&cat=p&typeid=i","cat":311626},{"id":68951,"n":"Crème dessert La Laitière  Velours de crème caramel 4x85g","p":1.99,"u":"5,85 €/KG","img":"https://fd9-photos.leclercdrive.fr/image.ashx?id=3007930&use=l&cat=p&typeid=i","cat":285041},{"id":68952,"n":"Crème dessert La Laitière Velours de crème chocolat 4x85g","p":2.19,"u":"6,44 €/KG","img":"https://fd9-photos.leclercdrive.fr/image.ashx?id=2633824&use=l&cat=p&typeid=i","cat":285041},{"id":68953,"n":"Crème dessert La Laitière Chocolat Caramel - 4x85g","p":2.19,"u":"6,44 €/KG","img":"https://fd9-photos.leclercdrive.fr/image.ashx?id=2633827&use=l&cat=p&typeid=i","cat":285041},{"id":68986,"n":"Lait d'amande Bio Village Sans sucre bio - 1L","p":1.41,"u":"1,41 €/L","img":"https://fd9-photos.leclercdrive.fr/image.ashx?id=2939097&use=l&cat=p&typeid=i","cat":316067},{"id":69006,"n":"Tomates séchées Rustica Bocal - 280g","p":2.5,"u":"8,93 €/KG","img":"https://fd9-photos.leclercdrive.fr/image.ashx?id=2539457&use=l&cat=p&typeid=i","cat":284458},{"id":69061,"n":"Yaourt nature Danone 4x125g","p":0.93,"u":"1,86 €/KG","img":"https://fd9-photos.leclercdrive.fr/image.ashx?id=2911184&use=l&cat=p&typeid=i","cat":284409},{"id":69062,"n":"Yaourt nature Danone 12x125g","p":2.75,"u":"1,83 €/KG","img":"https://fd9-photos.leclercdrive.fr/image.ashx?id=2915688&use=l&cat=p&typeid=i","cat":284409},{"id":69063,"n":"Yaourt nature Danone 16x125g","p":3.15,"u":"1,58 €/KG","img":"https://fd9-photos.leclercdrive.fr/image.ashx?id=2915691&use=l&cat=p&typeid=i","cat":284409},{"id":69067,"n":"Crème dessert Délisse Saveur cookies - 4x125g","p":1.52,"u":"3,04 €/KG","img":"https://fd9-photos.leclercdrive.fr/image.ashx?id=2441405&use=l&cat=p&typeid=i","cat":285041},{"id":69069,"n":"Yaourts brassés velouté Danone Nature - 12x125g","p":3.6,"u":"2,40 €/KG","img":"https://fd9-photos.leclercdrive.fr/image.ashx?id=2865581&use=l&cat=p&typeid=i","cat":284409},{"id":69070,"n":"Yaourts brassés velouté Danone Nature - 16x125g","p":4.25,"u":"2,13 €/KG","img":"https://fd9-photos.leclercdrive.fr/image.ashx?id=2865584&use=l&cat=p&typeid=i","cat":284409},{"id":69073,"n":"Yaourts brassés velouté Danone Nature - 4x125g","p":1.41,"u":"2,82 €/KG","img":"https://fd9-photos.leclercdrive.fr/image.ashx?id=2865587&use=l&cat=p&typeid=i","cat":284409},{"id":69074,"n":"Yaourts brassés Velouté Danone Nature - 8x125g","p":2.46,"u":"2,46 €/KG","img":"https://fd9-photos.leclercdrive.fr/image.ashx?id=2865590&use=l&cat=p&typeid=i","cat":284409},{"id":69084,"n":"petit suisse aux fruits danonino - 6x100g","p":3.01,"u":"5,02 €/KG","img":"https://fd9-photos.leclercdrive.fr/image.ashx?id=3003134&use=l&cat=p&typeid=i","cat":284414},{"id":69141,"n":"Papier cuisson Elembal Rouleau 8m","p":1.07,"u":"0,13 €/MT","img":"https://fd9-photos.leclercdrive.fr/image.ashx?id=2169168&use=l&cat=p&typeid=i","cat":334134},{"id":69145,"n":"Crème lavante Manava Framboise pivoine - 300ml","p":1.28,"u":"4,27 €/L","img":"https://fd9-photos.leclercdrive.fr/image.ashx?id=2935507&use=l&cat=p&typeid=i","cat":284597},{"id":69147,"n":"Café dosettes Tassimo L'Or Café Long Classique x16","p":4.64,"u":"44,62 €/KG","img":"https://fd9-photos.leclercdrive.fr/image.ashx?id=2160312&use=l&cat=p&typeid=i","cat":293240},{"id":69148,"n":"Café dosettes Tassimo L'Or Café Long Intense x16","p":4.85,"u":"37,89 €/KG","img":"https://fd9-photos.leclercdrive.fr/image.ashx?id=2290599&use=l&cat=p&typeid=i","cat":293240},{"id":69150,"n":"Nettoyant multi surfaces Clair Citron - 1.5L","p":1.7,"u":"1,13 €/L","img":"https://fd9-photos.leclercdrive.fr/image.ashx?id=2534211&use=l&cat=p&typeid=i","cat":284907},{"id":69151,"n":"Nettoyant multi surfaces Clair Pins - 1.5L","p":1.75,"u":"1,17 €/L","img":"https://fd9-photos.leclercdrive.fr/image.ashx?id=2369164&use=l&cat=p&typeid=i","cat":284907},{"id":69152,"n":"Nettoyant multi surfaces Clair Fleurs - 1.5L","p":1.79,"u":"1,19 €/L","img":"https://fd9-photos.leclercdrive.fr/image.ashx?id=2381556&use=l&cat=p&typeid=i","cat":284907},{"id":69153,"n":"Nettoyant multi surfaces Clair Fraîcheur pure - 1.5L","p":1.75,"u":"1,17 €/L","img":"https://fd9-photos.leclercdrive.fr/image.ashx?id=2373263&use=l&cat=p&typeid=i","cat":284907},{"id":69154,"n":"Nettoyant multi surfaces Clair Savon de Marseille - 1.5L","p":1.82,"u":"1,21 €/L","img":"https://fd9-photos.leclercdrive.fr/image.ashx?id=2081708&use=l&cat=p&typeid=i","cat":284907},{"id":69155,"n":"Nettoyant multi surfaces Clair Savon noir - 1.5L","p":1.85,"u":"1,23 €/L","img":"https://fd9-photos.leclercdrive.fr/image.ashx?id=2849584&use=l&cat=p&typeid=i","cat":284907},{"id":69206,"n":"Jus de raisins Andros Muscatés pressés - 1L","p":2.88,"u":"2,88 €/L","img":"https://fd9-photos.leclercdrive.fr/image.ashx?id=2882653&use=l&cat=p&typeid=i","cat":285435},{"id":69213,"n":"Frites à peau McCain Côté Resto - 650g","p":2.67,"u":"4,11 €/KG","img":"https://fd9-photos.leclercdrive.fr/image.ashx?id=2927047&use=l&cat=p&typeid=i","cat":319791},{"id":69215,"n":"Pains wrap Epi d'Or Nature x6 - 383g","p":1.95,"u":"5,09 €/KG","img":"https://fd9-photos.leclercdrive.fr/image.ashx?id=2425488&use=l&cat=p&typeid=i","cat":284985},{"id":69268,"n":"Liquide vaisselle Rainett Citron écologique - 750ml","p":1.84,"u":"2,45 €/L","img":"https://fd9-photos.leclercdrive.fr/image.ashx?id=2297129&use=l&cat=p&typeid=i","cat":284655},{"id":69274,"n":"Eau de toilette Alix de Faure Patchouli - 110ml","p":3.2,"u":"29,09 €/L","img":"https://fd9-photos.leclercdrive.fr/image.ashx?id=2675765&use=l&cat=p&typeid=i","cat":291525},{"id":69280,"n":"Couches bébé Mots d'enfants Midi T3 4/9kg - x50 changes","p":6.9,"u":"0,14 €/P","img":"https://fd9-photos.leclercdrive.fr/image.ashx?id=2699717&use=l&cat=p&typeid=i","cat":284737},{"id":69281,"n":"Couches bébé Mots d'enfants Ultra confort T4 7/18kg - x44","p":6.57,"u":"0,15 €/P","img":"https://fd9-photos.leclercdrive.fr/image.ashx?id=2699720&use=l&cat=p&typeid=i","cat":284737},{"id":69282,"n":"Couches bébé Mots d'enfants Ultra confort T4+  9/20kg - x41","p":6.45,"u":"0,16 €/P","img":"https://fd9-photos.leclercdrive.fr/image.ashx?id=2699723&use=l&cat=p&typeid=i","cat":284737},{"id":69283,"n":"Couches bébé Mots d'enfants Ultra confort T5 11/25kg - x39","p":6.35,"u":"0,16 €/P","img":"https://fd9-photos.leclercdrive.fr/image.ashx?id=2699726&use=l&cat=p&typeid=i","cat":284737},{"id":69284,"n":"Couches bébé Mots d'enfants Ultra confort T6  16/23kg - x33","p":8.29,"u":"0,25 €/P","img":"https://fd9-photos.leclercdrive.fr/image.ashx?id=2699729&use=l&cat=p&typeid=i","cat":284737},{"id":69285,"n":"Couches bébé Mots d'enfants T4 Ultra confort 7/18kg - x144","p":19.85,"u":"0,14 €/P","img":"https://fd9-photos.leclercdrive.fr/image.ashx?id=2689429&use=l&cat=p&typeid=i","cat":284737},{"id":69286,"n":"Couches bébé Mots d'enfants T5 Ultra confort 11/25kg - x136","p":19.85,"u":"0,15 €/P","img":"https://fd9-photos.leclercdrive.fr/image.ashx?id=2691833&use=l&cat=p&typeid=i","cat":284737},{"id":69315,"n":"Sirop saveur mojito Frucci 75cl","p":3.25,"u":"4,33 €/L","img":"https://fd9-photos.leclercdrive.fr/image.ashx?id=2898032&use=l&cat=p&typeid=i","cat":295020},{"id":69317,"n":"Eau minérale naturelle Vittel 6x1.5L","p":2.76,"u":"0,31 €/L","img":"https://fd9-photos.leclercdrive.fr/image.ashx?id=3000441&use=l&cat=p&typeid=i","cat":284535},{"id":69379,"n":"From'Chaud Ermitage 50% mg - 200g","p":3.06,"u":"15,30 €/KG","img":"https://fd9-photos.leclercdrive.fr/image.ashx?id=2966002&use=l&cat=p&typeid=i","cat":314037},{"id":69383,"n":"Fromage à Raclette RichesMonts  Duo Classique & Fumée - 420G","p":6.51,"u":"15,50 €/KG","img":"https://fd9-photos.leclercdrive.fr/image.ashx?id=2953815&use=l&cat=p&typeid=i","cat":314037},{"id":69385,"n":"Fromage à Raclette RichesMonts  Duo Classique 3 Poivres - 420G","p":6.31,"u":"15,02 €/KG","img":"https://fd9-photos.leclercdrive.fr/image.ashx?id=2953818&use=l&cat=p&typeid=i","cat":314037},{"id":69395,"n":"Fromage Raclette Entremont Triangle 3 saveurs - 600g","p":9.37,"u":"15,62 €/KG","img":"https://fd9-photos.leclercdrive.fr/image.ashx?id=2951746&use=l&cat=p&typeid=i","cat":314037},{"id":69396,"n":"Fromage à Raclette RichesMonts  Sans croûte 18 Tranches - 420g","p":5.91,"u":"14,07 €/KG","img":"https://fd9-photos.leclercdrive.fr/image.ashx?id=2960765&use=l&cat=p&typeid=i","cat":314037},{"id":69494,"n":"Terrine de campagne forestière L'Atelier Charcuterie - 170g","p":2.95,"u":"17,35 €/KG","img":"https://fd9-photos.leclercdrive.fr/image.ashx?id=2882292&use=l&cat=p&typeid=i","cat":316008},{"id":69496,"n":"Rillettes de porc Label Rouge L'Atelier Charcuterie - 170g","p":3.49,"u":"20,53 €/KG","img":"https://fd9-photos.leclercdrive.fr/image.ashx?id=2955261&use=l&cat=p&typeid=i","cat":316008},{"id":69679,"n":"Yaourt à la grecque YAOS Nature lit de myrtilles 4x125g","p":2.75,"u":"5,50 €/KG","img":"https://fd9-photos.leclercdrive.fr/image.ashx?id=2614933&use=l&cat=p&typeid=i","cat":314999},{"id":69680,"n":"Yaourt à la grecque YAOS Nature lit de pêches 4x125g","p":2.71,"u":"5,42 €/KG","img":"https://fd9-photos.leclercdrive.fr/image.ashx?id=2539533&use=l&cat=p&typeid=i","cat":314999},{"id":69694,"n":"Mini Président 5 portions - 150g","p":3.53,"u":"23,53 €/KG","img":"https://fd9-photos.leclercdrive.fr/image.ashx?id=2628752&use=l&cat=p&typeid=i","cat":314030},{"id":69737,"n":"AOC Coteaux Varois en Provence vin rosé Terres Ocrées - BIB 3L","p":15.99,"u":"5,33 €/L","img":"https://fd9-photos.leclercdrive.fr/image.ashx?id=2716000&use=l&cat=p&typeid=i","cat":289560},{"id":69739,"n":"Mini feuilletés Côté Table Apéritifs - x30 - 360g","p":3.72,"u":"10,33 €/KG","img":"https://fd9-photos.leclercdrive.fr/image.ashx?id=2212509&use=l&cat=p&typeid=i","cat":319774},{"id":69803,"n":"Riz provençale Bonduelle Thon - 320g","p":1.93,"u":"6,03 €/KG","img":"https://fd9-photos.leclercdrive.fr/image.ashx?id=2907905&use=l&cat=p&typeid=i","cat":333657},{"id":70123,"n":"Fromage blanc Danone Nature 3%MG - 8x100g","p":2.96,"u":"3,70 €/KG","img":"https://fd9-photos.leclercdrive.fr/image.ashx?id=2792075&use=l&cat=p&typeid=i","cat":284409},{"id":70126,"n":"Fromage blanc Danone Nature 3%MG - 4x100g","p":1.75,"u":"4,38 €/KG","img":"https://fd9-photos.leclercdrive.fr/image.ashx?id=2833225&use=l&cat=p&typeid=i","cat":284409},{"id":70140,"n":"Yaourt Nature Panier de Yoplait Lit de Fruits Panaché - 6x140g","p":2.99,"u":"3,56 €/KG","img":"https://fd9-photos.leclercdrive.fr/image.ashx?id=2884429&use=l&cat=p&typeid=i","cat":284410},{"id":70158,"n":"Yaourt Nature Panier de Yoplait Lit Fruits de Saison - 6x140g","p":3.0,"u":"3,57 €/KG","img":"https://fd9-photos.leclercdrive.fr/image.ashx?id=2992062&use=l&cat=p&typeid=i","cat":284410},{"id":70389,"n":"Café dosettes Tassimo L'Or Cappuccino x8","p":4.89,"u":"18,31 €/KG","img":"https://fd9-photos.leclercdrive.fr/image.ashx?id=2100305&use=l&cat=p&typeid=i","cat":293240},{"id":70480,"n":"Chocolats Ferrero Collection Assortiments x24 - 269g","p":9.98,"u":"37,10 €/KG","img":"https://fd9-photos.leclercdrive.fr/image.ashx?id=2871181&use=l&cat=p&typeid=i","cat":327595},{"id":70579,"n":"Fromage Caprice des Dieux  200g","p":2.9,"u":"14,50 €/KG","img":"https://fd9-photos.leclercdrive.fr/image.ashx?id=2762438&use=l&cat=p&typeid=i","cat":314033},{"id":70588,"n":"Boudin blanc à l'ancienne L'Atelier Charcuterie x3 - 390g","p":5.53,"u":"14,18 €/KG","img":"https://fd9-photos.leclercdrive.fr/image.ashx?id=2994345&use=l&cat=p&typeid=i","cat":316012},{"id":70914,"n":"Poivre noir grains Rustica 90g","p":2.32,"u":"25,78 €/KG","img":"https://fd9-photos.leclercdrive.fr/image.ashx?id=2870047&use=l&cat=p&typeid=i","cat":284457},{"id":70980,"n":"Crousty chicken Le Gaulois L'original - 400g","p":5.33,"u":"13,33 €/KG","img":"https://fd9-photos.leclercdrive.fr/image.ashx?id=2967765&use=l&cat=p&typeid=i","cat":333684},{"id":70993,"n":"Coulommiers Président  350g","p":2.77,"u":"7,91 €/KG","img":"https://fd9-photos.leclercdrive.fr/image.ashx?id=2029862&use=l&cat=p&typeid=i","cat":314033},{"id":71034,"n":"Fromage Epoisses Rians Germain Selection cremier - 250g","p":6.91,"u":"27,64 €/KG","img":"https://fd9-photos.leclercdrive.fr/image.ashx?id=1730130&use=l&cat=p&typeid=i","cat":329558},{"id":71060,"n":"Basilic Rustica 11g","p":0.39,"u":"35,45 €/KG","img":"https://fd9-photos.leclercdrive.fr/image.ashx?id=2772957&use=l&cat=p&typeid=i","cat":298297},{"id":71075,"n":"Vinaigrette biphase Rustica Tomate/ Balsamique - 50cl","p":2.72,"u":"5,44 €/L","img":"https://fd9-photos.leclercdrive.fr/image.ashx?id=1972937&use=l&cat=p&typeid=i","cat":284456},{"id":71076,"n":"Vinaigrette Rustica Moutarde ancienne - 1L","p":1.78,"u":"1,78 €/L","img":"https://fd9-photos.leclercdrive.fr/image.ashx?id=1957767&use=l&cat=p&typeid=i","cat":284456},{"id":71077,"n":"Vinaigrette biphase Rustica Ciboulette/Echalote - 50cl","p":2.79,"u":"5,58 €/L","img":"https://fd9-photos.leclercdrive.fr/image.ashx?id=1943241&use=l&cat=p&typeid=i","cat":284456},{"id":71099,"n":"IGP Pays d'Oc Merlot vin rouge Vieux Carion 12% vol - BIB 3L","p":7.99,"u":"2,66 €/L","img":"https://fd9-photos.leclercdrive.fr/image.ashx?id=2905231&use=l&cat=p&typeid=i","cat":289560},{"id":71102,"n":"Bière Desperados 65cl","p":2.54,"u":"3,91 €/L","img":"https://fd9-photos.leclercdrive.fr/image.ashx?id=2977960&use=l&cat=p&typeid=i","cat":334878},{"id":71106,"n":"Ail semoule Rustica 110g","p":1.39,"u":"12,64 €/KG","img":"https://fd9-photos.leclercdrive.fr/image.ashx?id=2870038&use=l&cat=p&typeid=i","cat":298297},{"id":71107,"n":"Bouquet garni entier Rustica 17g","p":1.68,"u":"98,82 €/KG","img":"https://fd9-photos.leclercdrive.fr/image.ashx?id=1710608&use=l&cat=p&typeid=i","cat":298297},{"id":71154,"n":"Arôme vanille Tablier Blanc 200ml","p":2.31,"u":"11,55 €/L","img":"https://fd9-photos.leclercdrive.fr/image.ashx?id=2487476&use=l&cat=p&typeid=i","cat":284504},{"id":71155,"n":"Ail semoule Rustica Flacon - 60g","p":0.99,"u":"16,50 €/KG","img":"https://fd9-photos.leclercdrive.fr/image.ashx?id=2797790&use=l&cat=p&typeid=i","cat":298297},{"id":71156,"n":"Moulin 5 baies Rustica Flacon - 24g","p":1.19,"u":"49,58 €/KG","img":"https://fd9-photos.leclercdrive.fr/image.ashx?id=2907231&use=l&cat=p&typeid=i","cat":284457},{"id":71157,"n":"Herbe de provence haché Rustica 40g","p":0.88,"u":"22,00 €/KG","img":"https://fd9-photos.leclercdrive.fr/image.ashx?id=1239455&use=l&cat=p&typeid=i","cat":298297},{"id":71158,"n":"Poivre gris moulu Rustica Boite - 90g","p":2.29,"u":"25,44 €/KG","img":"https://fd9-photos.leclercdrive.fr/image.ashx?id=2907204&use=l&cat=p&typeid=i","cat":284457},{"id":71162,"n":"Assortiment crackers Tokapi 85g","p":0.69,"u":"8,12 €/KG","img":"https://fd9-photos.leclercdrive.fr/image.ashx?id=1926981&use=l&cat=p&typeid=i","cat":297000},{"id":71164,"n":"Gel lavant Bionaïa Abricot bio - 300ml","p":1.79,"u":"5,97 €/L","img":"https://fd9-photos.leclercdrive.fr/image.ashx?id=2935525&use=l&cat=p&typeid=i","cat":284597},{"id":71351,"n":"Cocktail Pêche Océan Fruits de mer - 500g","p":4.94,"u":"9,88 €/KG","img":"https://fd9-photos.leclercdrive.fr/image.ashx?id=2686347&use=l&cat=p&typeid=i","cat":319787},{"id":71417,"n":"Petits pois très fins Eco  560g","p":1.15,"u":"2,05 €/KG","img":"https://fd9-photos.leclercdrive.fr/image.ashx?id=3003711&use=l&cat=p&typeid=i","cat":312607},{"id":71419,"n":"Petits pois carottes Eco  530g","p":1.12,"u":"2,11 €/KG","img":"https://fd9-photos.leclercdrive.fr/image.ashx?id=3003714&use=l&cat=p&typeid=i","cat":312607},{"id":71422,"n":"Macedoine de legumes Eco  530g","p":1.11,"u":"2,09 €/KG","img":"https://fd9-photos.leclercdrive.fr/image.ashx?id=2729245&use=l&cat=p&typeid=i","cat":312612},{"id":71429,"n":"Haricots verts extra fins Eco  440g","p":1.04,"u":"2,36 €/KG","img":"https://fd9-photos.leclercdrive.fr/image.ashx?id=3003726&use=l&cat=p&typeid=i","cat":312606},{"id":71431,"n":"Tomates entières pelées Eco+ - 480g","p":1.1,"u":"2,29 €/KG","img":"https://fd9-photos.leclercdrive.fr/image.ashx?id=3003729&use=l&cat=p&typeid=i","cat":312608},{"id":71433,"n":"Choux-fleurs Eco+ 1kg","p":1.31,"u":"1,31 €/KG","img":"https://fd9-photos.leclercdrive.fr/image.ashx?id=2729254&use=l&cat=p&typeid=i","cat":319805},{"id":71442,"n":"Cassoulet Eco+ 840g","p":1.97,"u":"2,35 €/KG","img":"https://fd9-photos.leclercdrive.fr/image.ashx?id=2847937&use=l&cat=p&typeid=i","cat":284440},{"id":71444,"n":"Galettes au beurre Eco+ x16 - 125g","p":0.64,"u":"5,12 €/KG","img":"https://fd9-photos.leclercdrive.fr/image.ashx?id=2746781&use=l&cat=p&typeid=i","cat":284487},{"id":71448,"n":"Raviolis à la sauce tomate Eco+ 800g","p":1.69,"u":"2,11 €/KG","img":"https://fd9-photos.leclercdrive.fr/image.ashx?id=2688288&use=l&cat=p&typeid=i","cat":284442},{"id":71451,"n":"Serviettes maxi nuit Eco+ x10","p":0.64,"u":"0,06 €/P","img":"https://fd9-photos.leclercdrive.fr/image.ashx?id=2824739&use=l&cat=p&typeid=i","cat":284624},{"id":71469,"n":"DOC Prosecco extra-dry blanc 7% vol - 75cl","p":4.99,"u":"6,65 €/L","img":"https://fd9-photos.leclercdrive.fr/image.ashx?id=2977171&use=l&cat=p&typeid=i","cat":289461},{"id":71489,"n":"Croissants Epi d'Or x8 - 320g","p":1.64,"u":"5,13 €/KG","img":"https://fd9-photos.leclercdrive.fr/image.ashx?id=2860766&use=l&cat=p&typeid=i","cat":296366},{"id":71490,"n":"Vin d'Espagne blanc Sauvignon Adrien Champaud - BIB 5L","p":9.99,"u":"2,00 €/L","img":"https://fd9-photos.leclercdrive.fr/image.ashx?id=2960511&use=l&cat=p&typeid=i","cat":289560},{"id":71491,"n":"Croissants Epi d'Or x14 - 560g","p":2.79,"u":"4,98 €/KG","img":"https://fd9-photos.leclercdrive.fr/image.ashx?id=2860769&use=l&cat=p&typeid=i","cat":296366},{"id":71524,"n":"Goûter rectangle P'tit Déli Fourré chocolat - 125g","p":1.19,"u":"9,52 €/KG","img":"https://fd9-photos.leclercdrive.fr/image.ashx?id=2619725&use=l&cat=p&typeid=i","cat":284488},{"id":71535,"n":"Pommes de terre NRT à l'échirlète - 600g","p":3.55,"u":"5,92 €/KG","img":"https://fd9-photos.leclercdrive.fr/image.ashx?id=2699855&use=l&cat=p&typeid=i","cat":319792},{"id":71553,"n":"Déodorant Manava Freesia Orchidée - 200ml","p":1.34,"u":"6,70 €/L","img":"https://fd9-photos.leclercdrive.fr/image.ashx?id=2656454&use=l&cat=p&typeid=i","cat":284595},{"id":71565,"n":"Pêches Douceur du Verger Sirop léger - 465g","p":1.62,"u":"3,48 €/KG","img":"https://fd9-photos.leclercdrive.fr/image.ashx?id=2666471&use=l&cat=p&typeid=i","cat":284507},{"id":71566,"n":"Sauce Soja Tables Du Monde 125ml","p":0.83,"u":"6,64 €/L","img":"https://fd9-photos.leclercdrive.fr/image.ashx?id=2679765&use=l&cat=p&typeid=i","cat":288992},{"id":71568,"n":"Sauce soja sucrée Table du monde - 125ml","p":0.83,"u":"6,64 €/L","img":"https://fd9-photos.leclercdrive.fr/image.ashx?id=2679762&use=l&cat=p&typeid=i","cat":288992},{"id":71578,"n":"Crème lavante Manava Surgras - 300ml","p":1.12,"u":"3,73 €/L","img":"https://fd9-photos.leclercdrive.fr/image.ashx?id=2935513&use=l&cat=p&typeid=i","cat":284597},{"id":71579,"n":"Recharge crème lavante Manava Surgras - 250ml","p":0.66,"u":"2,64 €/L","img":"https://fd9-photos.leclercdrive.fr/image.ashx?id=2935516&use=l&cat=p&typeid=i","cat":284597},{"id":71599,"n":"Bicarbonate de soude Clair 500g","p":1.5,"u":"3,00 €/KG","img":"https://fd9-photos.leclercdrive.fr/image.ashx?id=2822129&use=l&cat=p&typeid=i","cat":325365},{"id":71602,"n":"Change bébé Mots d'Enfants Nouveau né - T1 - 2/5kg - x23","p":2.36,"u":"0,10 €/P","img":"https://fd9-photos.leclercdrive.fr/image.ashx?id=2487165&use=l&cat=p&typeid=i","cat":284737},{"id":71629,"n":"Boisson végétale Bio Village Lait amande intense bio - 1l","p":2.39,"u":"2,39 €/L","img":"https://fd9-photos.leclercdrive.fr/image.ashx?id=2386185&use=l&cat=p&typeid=i","cat":316067},{"id":72032,"n":"Bière blonde Affligem 6.7% vol -  Fût 5L","p":20.33,"u":"4,07 €/L","img":"https://fd9-photos.leclercdrive.fr/image.ashx?id=2672722&use=l&cat=p&typeid=i","cat":334879},{"id":72759,"n":"Riz au lait Délisse Au lait de brebis - 2x140g","p":1.65,"u":"5,89 €/KG","img":"https://fd9-photos.leclercdrive.fr/image.ashx?id=1993595&use=l&cat=p&typeid=i","cat":314998},{"id":72786,"n":"Bière blonde Pelforth Fût pression - 5L","p":15.94,"u":"3,19 €/L","img":"https://fd9-photos.leclercdrive.fr/image.ashx?id=2767249&use=l&cat=p&typeid=i","cat":334879},{"id":72789,"n":"Bière blonde Desperados Fût 5L","p":19.89,"u":"3,98 €/L","img":"https://fd9-photos.leclercdrive.fr/image.ashx?id=2983513&use=l&cat=p&typeid=i","cat":334879},{"id":72791,"n":"Bière Desperados 3x33cl","p":4.35,"u":"4,39 €/L","img":"https://fd9-photos.leclercdrive.fr/image.ashx?id=2983120&use=l&cat=p&typeid=i","cat":334878},{"id":72932,"n":"Spaghetti bolognaise Côté Table 415g","p":2.03,"u":"4,89 €/KG","img":"https://fd9-photos.leclercdrive.fr/image.ashx?id=2977882&use=l&cat=p&typeid=i","cat":284442},{"id":73001,"n":"Blinis Ronde des mers x4 - 200g","p":1.25,"u":"6,25 €/KG","img":"https://fd9-photos.leclercdrive.fr/image.ashx?id=1919585&use=l&cat=p&typeid=i","cat":285191},{"id":73006,"n":"Sauce pour nems Tables du monde 125ml","p":0.99,"u":"7,92 €/L","img":"https://fd9-photos.leclercdrive.fr/image.ashx?id=2526306&use=l&cat=p&typeid=i","cat":288992},{"id":73084,"n":"Crème Hydratante Visage Mixa Peaux Sensibles - 100ml","p":2.73,"u":"27,30 €/L","img":"https://fd9-photos.leclercdrive.fr/image.ashx?id=2300749&use=l&cat=p&typeid=i","cat":325345},{"id":73689,"n":"Pomme jaune bio Bio Village x4","p":1.99,"u":"0,50 €/P","img":"https://fd9-photos.leclercdrive.fr/image.ashx?id=2556544&use=l&cat=p&typeid=i","cat":284356},{"id":73697,"n":"Compote Allégée en sucres Eco+ Bocal pomme - 720g","p":0.85,"u":"1,18 €/KG","img":"https://fd9-photos.leclercdrive.fr/image.ashx?id=2953185&use=l&cat=p&typeid=i","cat":284508},{"id":73706,"n":"Riz basmati Eco+ 1kg","p":2.01,"u":"2,01 €/KG","img":"https://fd9-photos.leclercdrive.fr/image.ashx?id=2141651&use=l&cat=p&typeid=i","cat":284428},{"id":73708,"n":"Purée de tomate Eco+ Brique - 500g","p":0.51,"u":"1,02 €/KG","img":"https://fd9-photos.leclercdrive.fr/image.ashx?id=2756576&use=l&cat=p&typeid=i","cat":288384},{"id":73729,"n":"Tartelettes à la fraise Eco+ x12 - 200g","p":0.8,"u":"4,00 €/KG","img":"https://fd9-photos.leclercdrive.fr/image.ashx?id=2869757&use=l&cat=p&typeid=i","cat":284489},{"id":73732,"n":"Gel WC javel Eco+ 750ml","p":0.57,"u":"0,76 €/L","img":"https://fd9-photos.leclercdrive.fr/image.ashx?id=2768074&use=l&cat=p&typeid=i","cat":284662},{"id":73781,"n":"Maïs doux Eco+ 285g","p":0.78,"u":"2,74 €/KG","img":"https://fd9-photos.leclercdrive.fr/image.ashx?id=3003738&use=l&cat=p&typeid=i","cat":312611},{"id":73783,"n":"Cocktail 4 fruits Eco+ Sirop léger - 500 g","p":1.66,"u":"3,32 €/KG","img":"https://fd9-photos.leclercdrive.fr/image.ashx?id=2783011&use=l&cat=p&typeid=i","cat":284507},{"id":73787,"n":"Sardines Eco+ Huile de tournesol - 3x125g","p":2.06,"u":"5,49 €/KG","img":"https://fd9-photos.leclercdrive.fr/image.ashx?id=2694070&use=l&cat=p&typeid=i","cat":305146},{"id":73790,"n":"Café soluble Eco+ 200g","p":3.47,"u":"17,35 €/KG","img":"https://fd9-photos.leclercdrive.fr/image.ashx?id=1654429&use=l&cat=p&typeid=i","cat":284843},{"id":73791,"n":"Chips nature Eco+ 200g","p":1.0,"u":"5,00 €/KG","img":"https://fd9-photos.leclercdrive.fr/image.ashx?id=2943596&use=l&cat=p&typeid=i","cat":284447},{"id":73793,"n":"Goûters ronds Eco+ Fourrés chocolat - 500g","p":1.35,"u":"2,70 €/KG","img":"https://fd9-photos.leclercdrive.fr/image.ashx?id=2222751&use=l&cat=p&typeid=i","cat":284488},{"id":73797,"n":"Pâtes Eco+ Macaroni - 1kg","p":0.99,"u":"0,99 €/KG","img":"https://fd9-photos.leclercdrive.fr/image.ashx?id=2742605&use=l&cat=p&typeid=i","cat":284427},{"id":73798,"n":"Pâtes Eco+ Coquillettes - 1kg","p":1.01,"u":"1,01 €/KG","img":"https://fd9-photos.leclercdrive.fr/image.ashx?id=2885723&use=l&cat=p&typeid=i","cat":284427},{"id":73799,"n":"Pâtes Eco+ Torsades - 1kg","p":1.0,"u":"1,00 €/KG","img":"https://fd9-photos.leclercdrive.fr/image.ashx?id=2885726&use=l&cat=p&typeid=i","cat":284427},{"id":73801,"n":"Dosettes café Eco+ 100% Robusta - x48 - 336g","p":4.09,"u":"12,17 €/KG","img":"https://fd9-photos.leclercdrive.fr/image.ashx?id=2800222&use=l&cat=p&typeid=i","cat":293238},{"id":73805,"n":"Biscuit fourré cacao Eco+ x12 - 225g","p":0.93,"u":"4,13 €/KG","img":"https://fd9-photos.leclercdrive.fr/image.ashx?id=2834223&use=l&cat=p&typeid=i","cat":284488},{"id":73806,"n":"Eau de javel Eco+ 3x250ml","p":0.46,"u":"0,61 €/L","img":"https://fd9-photos.leclercdrive.fr/image.ashx?id=2949164&use=l&cat=p&typeid=i","cat":284661},{"id":73807,"n":"Carré coton bébé Eco+ x60","p":0.99,"u":"0,02 €/P","img":"https://fd9-photos.leclercdrive.fr/image.ashx?id=2771115&use=l&cat=p&typeid=i","cat":284739},{"id":74047,"n":"Parmentier de porc Eco+ 1kg","p":2.6,"u":"2,60 €/KG","img":"https://fd9-photos.leclercdrive.fr/image.ashx?id=2774885&use=l&cat=p&typeid=i","cat":284254},{"id":74048,"n":"Lasagnes à la bolognaise Eco + 1kg","p":2.54,"u":"2,54 €/KG","img":"https://fd9-photos.leclercdrive.fr/image.ashx?id=2779166&use=l&cat=p&typeid=i","cat":284254},{"id":74089,"n":"Batonnets Poissons panés Eco+ x15 - 450g","p":1.6,"u":"3,56 €/KG","img":"https://fd9-photos.leclercdrive.fr/image.ashx?id=2843565&use=l&cat=p&typeid=i","cat":319788},{"id":74090,"n":"Nectar Multifruits Eco+ Brique - 2L","p":1.38,"u":"0,69 €/L","img":"https://fd9-photos.leclercdrive.fr/image.ashx?id=2751853&use=l&cat=p&typeid=i","cat":284917},{"id":74101,"n":"Saucisson sec Eco+ 200g","p":1.73,"u":"8,65 €/KG","img":"https://fd9-photos.leclercdrive.fr/image.ashx?id=2859146&use=l&cat=p&typeid=i","cat":316006},{"id":74105,"n":"Pur jus d'orange Eco  1.5L","p":2.46,"u":"1,64 €/L","img":"https://fd9-photos.leclercdrive.fr/image.ashx?id=2720136&use=l&cat=p&typeid=i","cat":284521},{"id":74110,"n":"Chorizo doux Eco+ 250g","p":1.66,"u":"6,64 €/KG","img":"https://fd9-photos.leclercdrive.fr/image.ashx?id=2694082&use=l&cat=p&typeid=i","cat":316006},{"id":74115,"n":"Petit Brie Eco+ 32%mg - 500g","p":3.39,"u":"6,78 €/KG","img":"https://fd9-photos.leclercdrive.fr/image.ashx?id=2938403&use=l&cat=p&typeid=i","cat":314033},{"id":74116,"n":"Bière blonde de luxe 4% - 50cl","p":0.57,"u":"1,14 €/L","img":"https://fd9-photos.leclercdrive.fr/image.ashx?id=2955629&use=l&cat=p&typeid=i","cat":334853},{"id":74123,"n":"Citron jaune Rustica 200ml","p":0.79,"u":"3,95 €/L","img":"https://fd9-photos.leclercdrive.fr/image.ashx?id=2627652&use=l&cat=p&typeid=i","cat":288383},{"id":74124,"n":"Citron vert Rustica 200ml","p":0.89,"u":"4,45 €/L","img":"https://fd9-photos.leclercdrive.fr/image.ashx?id=2635768&use=l&cat=p&typeid=i","cat":288383},{"id":74133,"n":"Bâtonnets de Surimi Pêche Océan MSC - x18 bâtonnets - 300g","p":2.05,"u":"6,83 €/KG","img":"https://fd9-photos.leclercdrive.fr/image.ashx?id=2981894&use=l&cat=p&typeid=i","cat":285189},{"id":74157,"n":"Bâtonnet Savoureux Pêche Océan Ail et fines herbes x16 - 256g","p":2.39,"u":"9,34 €/KG","img":"https://fd9-photos.leclercdrive.fr/image.ashx?id=3012427&use=l&cat=p&typeid=i","cat":285189},{"id":74284,"n":"Brocolis bio Bio Village 500g","p":2.49,"u":"4,98 €/KG","img":"https://fd9-photos.leclercdrive.fr/image.ashx?id=2960547&use=l&cat=p&typeid=i","cat":284352},{"id":74289,"n":"Terrine de saumon Guyader Saumon / Saumon fumé - 350g","p":5.28,"u":"15,09 €/KG","img":"https://fd9-photos.leclercdrive.fr/image.ashx?id=2750471&use=l&cat=p&typeid=i","cat":285191},{"id":74292,"n":"Terrine de noix Guyader St Jacques A la bretonne - 350g","p":6.46,"u":"18,46 €/KG","img":"https://fd9-photos.leclercdrive.fr/image.ashx?id=2750468&use=l&cat=p&typeid=i","cat":285191},{"id":74354,"n":"Brosse à dents Elmex Sensitive Souple - x1","p":2.25,"img":"https://fd9-photos.leclercdrive.fr/image.ashx?id=2099486&use=l&cat=p&typeid=i","cat":284614},{"id":74381,"n":"Mousse de canard Madrange Au porto - 180g","p":1.67,"u":"9,28 €/KG","img":"https://fd9-photos.leclercdrive.fr/image.ashx?id=2865704&use=l&cat=p&typeid=i","cat":316008},{"id":74585,"n":"Tomme Pays Basque Istara  Fromage brebis et vache - 180g","p":3.47,"u":"19,28 €/KG","img":"https://fd9-photos.leclercdrive.fr/image.ashx?id=2848548&use=l&cat=p&typeid=i","cat":314031},{"id":74588,"n":"Fromage à Raclette RichesMonts  Sans croûte 28 Tranches - 750g","p":10.04,"u":"13,39 €/KG","img":"https://fd9-photos.leclercdrive.fr/image.ashx?id=2953806&use=l&cat=p&typeid=i","cat":314037},{"id":75337,"n":"Café en grains Méo L'original Bio - 500g","p":8.75,"u":"17,50 €/KG","img":"https://fd9-photos.leclercdrive.fr/image.ashx?id=2798533&use=l&cat=p&typeid=i","cat":293237},{"id":75357,"n":"Jus multifruits Jafaden Matin Fruité - 1L","p":2.09,"u":"2,09 €/L","img":"https://fd9-photos.leclercdrive.fr/image.ashx?id=2916713&use=l&cat=p&typeid=i","cat":285435},{"id":75359,"n":"Soupe mouliné bio Knorr Tomates oignons et herbes - 1L","p":3.56,"u":"3,56 €/L","img":"https://fd9-photos.leclercdrive.fr/image.ashx?id=2312949&use=l&cat=p&typeid=i","cat":284462},{"id":75491,"n":"Tablette chocolat au lait Lindt Praliné noisettes - 225g","p":3.96,"u":"17,60 €/KG","img":"https://fd9-photos.leclercdrive.fr/image.ashx?id=2423756&use=l&cat=p&typeid=i","cat":284497},{"id":75539,"n":"Saucisse cockail Tradilege Bacon - 300g","p":2.99,"u":"9,97 €/KG","img":"https://fd9-photos.leclercdrive.fr/image.ashx?id=2930784&use=l&cat=p&typeid=i","cat":316012},{"id":75573,"n":"Mousse aux cèpes Madrange 180g","p":1.56,"u":"8,67 €/KG","img":"https://fd9-photos.leclercdrive.fr/image.ashx?id=3008209&use=l&cat=p&typeid=i","cat":316008},{"id":75587,"n":"Oignon jaune bio Bio village 1kg","p":2.79,"u":"2,79 €/KG","img":"https://fd9-photos.leclercdrive.fr/image.ashx?id=2922451&use=l&cat=p&typeid=i","cat":284352},{"id":75593,"n":"Ail blanc bio Bio Village 250g","p":3.79,"u":"15,16 €/KG","img":"https://fd9-photos.leclercdrive.fr/image.ashx?id=2922457&use=l&cat=p&typeid=i","cat":284352},{"id":75595,"n":"Courge butternut bio Bio Village - x1","p":2.59,"img":"https://fd9-photos.leclercdrive.fr/image.ashx?id=2645759&use=l&cat=p&typeid=i","cat":284352},{"id":75604,"n":"Effilés viandes Plénima  Chat adulte - 4x85g","p":1.56,"u":"4,59 €/KG","img":"https://fd9-photos.leclercdrive.fr/image.ashx?id=2361122&use=l&cat=p&typeid=i","cat":285286},{"id":75976,"n":"Potimarron bio Bio Village 1p","p":2.69,"img":"https://fd9-photos.leclercdrive.fr/image.ashx?id=2645765&use=l&cat=p&typeid=i","cat":284352},{"id":76008,"n":"Chocolat au lait Lindt Création La Crème brûlée - 150g","p":3.11,"u":"20,73 €/KG","img":"https://fd9-photos.leclercdrive.fr/image.ashx?id=2685802&use=l&cat=p&typeid=i","cat":284497},{"id":76011,"n":"Chocolat noir Lindt Création Le Rocher noir - 150g","p":3.11,"u":"20,73 €/KG","img":"https://fd9-photos.leclercdrive.fr/image.ashx?id=2685808&use=l&cat=p&typeid=i","cat":284956},{"id":76018,"n":"Biscuit spéculoos Lotus  Biscoff Original 140g","p":1.1,"u":"7,86 €/KG","img":"https://fd9-photos.leclercdrive.fr/image.ashx?id=2696079&use=l&cat=p&typeid=i","cat":284487},{"id":76113,"n":"Fromage de Chèvre rapé  Les Croisés -  150g","p":2.69,"u":"17,93 €/KG","img":"https://fd9-photos.leclercdrive.fr/image.ashx?id=2897799&use=l&cat=p&typeid=i","cat":314035},{"id":76119,"n":"Secret de mousse La Laitière Chocolat au lait - 4x59g","p":1.47,"u":"6,23 €/KG","img":"https://fd9-photos.leclercdrive.fr/image.ashx?id=2729740&use=l&cat=p&typeid=i","cat":284417},{"id":76120,"n":"Secret de mousse la Laitière Chocolat noir - 4x59g","p":1.49,"u":"6,31 €/KG","img":"https://fd9-photos.leclercdrive.fr/image.ashx?id=2616835&use=l&cat=p&typeid=i","cat":284417},{"id":76211,"n":"L'ours d'or Haribo Sachet bonbons - 300g","p":1.81,"u":"6,03 €/KG","img":"https://fd9-photos.leclercdrive.fr/image.ashx?id=2805201&use=l&cat=p&typeid=i","cat":304250},{"id":76219,"n":"Cannelloni Côté Table 800g","p":2.99,"u":"3,74 €/KG","img":"https://fd9-photos.leclercdrive.fr/image.ashx?id=2977897&use=l&cat=p&typeid=i","cat":284442},{"id":76272,"n":"Lasagnes bolognaises Côté Table Viande de boeuf français - 600g","p":2.99,"u":"4,98 €/KG","img":"https://fd9-photos.leclercdrive.fr/image.ashx?id=2597324&use=l&cat=p&typeid=i","cat":284254},{"id":76360,"n":"Soda Schweppes Indian Tonic - 1L","p":1.63,"u":"1,63 €/L","img":"https://fd9-photos.leclercdrive.fr/image.ashx?id=2852399&use=l&cat=p&typeid=i","cat":284531},{"id":76454,"n":"Dos de Colin d'Alaska Findus MSC - x6 - 660g","p":8.33,"u":"12,62 €/KG","img":"https://fd9-photos.leclercdrive.fr/image.ashx?id=2735341&use=l&cat=p&typeid=i","cat":319786},{"id":76501,"n":"Chips Tortilla Old El Paso Nachips - 185g","p":2.26,"u":"12,22 €/KG","img":"https://fd9-photos.leclercdrive.fr/image.ashx?id=2444519&use=l&cat=p&typeid=i","cat":288993},{"id":76608,"n":"Beignet de Crevette Pané 6x20g","p":3.26,"u":"27,17 €/KG","img":"https://fd9-photos.leclercdrive.fr/image.ashx?id=2788652&use=l&cat=p&typeid=i","cat":333673},{"id":76725,"n":"Serviette papier Rouge Homeside Triple épaisseur 40x40cm - x20","p":1.39,"u":"0,07 €/P","img":"https://fd9-photos.leclercdrive.fr/image.ashx?id=1659735&use=l&cat=p&typeid=i","cat":334134},{"id":76732,"n":"Yaourt allégé Sveltesse  Chocolat - 4x125g","p":1.58,"u":"3,16 €/KG","img":"https://fd9-photos.leclercdrive.fr/image.ashx?id=2571020&use=l&cat=p&typeid=i","cat":315000},{"id":76783,"n":"Eau de Toilette Femme Eau Jeune Echappée Belle - 75ml","p":6.87,"u":"91,60 €/L","img":"https://fd9-photos.leclercdrive.fr/image.ashx?id=2458745&use=l&cat=p&typeid=i","cat":291525},{"id":76802,"n":"Biscuits cacao Kinder Cards Au lait et au cacao x5 - 128g","p":1.88,"u":"14,69 €/KG","img":"https://fd9-photos.leclercdrive.fr/image.ashx?id=2673328&use=l&cat=p&typeid=i","cat":284488},{"id":76859,"n":"Pâté de boeuf pour chat Eco+ Barquette - 100g","p":0.24,"u":"2,40 €/KG","img":"https://fd9-photos.leclercdrive.fr/image.ashx?id=2052724&use=l&cat=p&typeid=i","cat":285286},{"id":76861,"n":"Pâté au poisson pour chat Eco+ Barquette - 100g","p":0.24,"u":"2,40 €/KG","img":"https://fd9-photos.leclercdrive.fr/image.ashx?id=2052742&use=l&cat=p&typeid=i","cat":285286},{"id":76864,"n":"Gelée Bonne Maman Mûres - 370g","p":2.72,"u":"7,35 €/KG","img":"https://fd9-photos.leclercdrive.fr/image.ashx?id=2476305&use=l&cat=p&typeid=i","cat":284480},{"id":76870,"n":"Sachet fraîcheur chien Pedigree  Mixte en gelée - 12x100g","p":5.31,"u":"4,43 €/KG","img":"https://fd9-photos.leclercdrive.fr/image.ashx?id=2870239&use=l&cat=p&typeid=i","cat":284673},{"id":76875,"n":"Confiture Bonne Maman Fraise intense - 335g","p":1.95,"u":"5,82 €/KG","img":"https://fd9-photos.leclercdrive.fr/image.ashx?id=2341008&use=l&cat=p&typeid=i","cat":284480},{"id":76876,"n":"Confiture Bonne Maman Abricot intense - 335g","p":2.04,"u":"6,09 €/KG","img":"https://fd9-photos.leclercdrive.fr/image.ashx?id=2341011&use=l&cat=p&typeid=i","cat":284480},{"id":76877,"n":"Confiture Bonne Maman Framboise intense - 335g","p":2.6,"u":"7,76 €/KG","img":"https://fd9-photos.leclercdrive.fr/image.ashx?id=2341017&use=l&cat=p&typeid=i","cat":284480},{"id":76878,"n":"Confiture Bonne Maman Fruits rouges intense - 335g","p":2.13,"u":"6,36 €/KG","img":"https://fd9-photos.leclercdrive.fr/image.ashx?id=2900977&use=l&cat=p&typeid=i","cat":284480},{"id":76887,"n":"Friandises chien Pedigree  Récompense poulet canard - 130g","p":2.12,"u":"16,31 €/KG","img":"https://fd9-photos.leclercdrive.fr/image.ashx?id=2985555&use=l&cat=p&typeid=i","cat":294527},{"id":76888,"n":"Compotes Pom'Potes Gourdes  Multivariétés - 12x90g","p":4.95,"u":"4,58 €/KG","img":"https://fd9-photos.leclercdrive.fr/image.ashx?id=2986143&use=l&cat=p&typeid=i","cat":284508},{"id":76889,"n":"Compotes Pom'Potes Gourdes  Pomme Nature - 20x90g","p":7.25,"u":"4,03 €/KG","img":"https://fd9-photos.leclercdrive.fr/image.ashx?id=2889220&use=l&cat=p&typeid=i","cat":284508},{"id":76895,"n":"Lait croissance Bio Guigoz En poudre - dès 12 mois - 800g","p":15.13,"u":"18,91 €/KG","img":"https://fd9-photos.leclercdrive.fr/image.ashx?id=2740289&use=l&cat=p&typeid=i","cat":290219},{"id":77008,"n":"Petits pains grillés Epi d'Or Briochés - 225g","p":1.45,"u":"6,44 €/KG","img":"https://fd9-photos.leclercdrive.fr/image.ashx?id=2496416&use=l&cat=p&typeid=i","cat":284479},{"id":77010,"n":"Lait concentré sucré Nestlé 8% MG - 397g","p":1.69,"u":"4,26 €/KG","img":"https://fd9-photos.leclercdrive.fr/image.ashx?id=2906832&use=l&cat=p&typeid=i","cat":299162},{"id":77017,"n":"Vinaigrette Maille Huile sésame/soja - 36cl","p":2.94,"u":"8,17 €/L","img":"https://fd9-photos.leclercdrive.fr/image.ashx?id=2985657&use=l&cat=p&typeid=i","cat":284456},{"id":77213,"n":"Eau minérale Mont Blanc 6x1L","p":2.38,"u":"0,40 €/L","img":"https://fd9-photos.leclercdrive.fr/image.ashx?id=2650327&use=l&cat=p&typeid=i","cat":284535},{"id":77289,"n":"Friandises chats  Félix Poulet, foie, dinde  - 200g","p":2.59,"u":"12,95 €/KG","img":"https://fd9-photos.leclercdrive.fr/image.ashx?id=2740859&use=l&cat=p&typeid=i","cat":285285},{"id":77336,"n":"St nectaire laitier NRT AOP  300g","p":4.28,"u":"14,27 €/KG","img":"https://fd9-photos.leclercdrive.fr/image.ashx?id=2143359&use=l&cat=p&typeid=i","cat":329184},{"id":77359,"n":"Ravioli pur boeuf Côté Table Sauce italienne - 800g","p":2.19,"u":"2,74 €/KG","img":"https://fd9-photos.leclercdrive.fr/image.ashx?id=3015102&use=l&cat=p&typeid=i","cat":284442},{"id":77360,"n":"Ravioli bolognaise Côté Table 800g","p":2.89,"u":"3,61 €/KG","img":"https://fd9-photos.leclercdrive.fr/image.ashx?id=3015099&use=l&cat=p&typeid=i","cat":284442},{"id":77453,"n":"Jambon fumé grill 10 tranches","p":12.78,"u":"1,28 €/TRC","img":"https://fd9-photos.leclercdrive.fr/image.ashx?id=1793325&use=l&cat=p&typeid=i","cat":316009},{"id":77681,"n":"Amandes décortiquées Vahiné 125g","p":3.61,"u":"28,88 €/KG","img":"https://fd9-photos.leclercdrive.fr/image.ashx?id=2559805&use=l&cat=p&typeid=i","cat":284504},{"id":77683,"n":"Gousses vanille Vahiné x2","p":5.4,"u":"2,70 €/P","img":"https://fd9-photos.leclercdrive.fr/image.ashx?id=2524317&use=l&cat=p&typeid=i","cat":284504},{"id":77694,"n":"Yaourt 0% nature Soignon Au lait de chèvre - 4x125g","p":2.36,"u":"4,72 €/KG","img":"https://fd9-photos.leclercdrive.fr/image.ashx?id=2547203&use=l&cat=p&typeid=i","cat":314998},{"id":77734,"n":"Pains au chocolat Fournée Dorée Beurre frais x8 - 360g","p":2.91,"u":"8,08 €/KG","img":"https://fd9-photos.leclercdrive.fr/image.ashx?id=2950354&use=l&cat=p&typeid=i","cat":296366},{"id":77746,"n":"Sauce Gourmet Amora Burger - 188g","p":1.8,"u":"9,57 €/KG","img":"https://fd9-photos.leclercdrive.fr/image.ashx?id=2387879&use=l&cat=p&typeid=i","cat":318430},{"id":77755,"n":"Vinaigrette Légère MAILLE Vin Rouge & Echalotes - 36cl","p":2.46,"u":"6,83 €/L","img":"https://fd9-photos.leclercdrive.fr/image.ashx?id=2788154&use=l&cat=p&typeid=i","cat":284456},{"id":77976,"n":"Beurre Grand Fermage Doux - 82% MG - 250g","p":2.67,"u":"10,68 €/KG","img":"https://fd9-photos.leclercdrive.fr/image.ashx?id=2985207&use=l&cat=p&typeid=i","cat":284379},{"id":77979,"n":"Beurre AOP Isigny Ste Mère Doux  - 82% MG - 250g","p":2.99,"u":"11,96 €/KG","img":"https://fd9-photos.leclercdrive.fr/image.ashx?id=2578127&use=l&cat=p&typeid=i","cat":284379},{"id":77980,"n":"Parmigiano Reg AOP Casa Azzurra Copeaux - 80g","p":3.15,"u":"39,38 €/KG","img":"https://fd9-photos.leclercdrive.fr/image.ashx?id=2261954&use=l&cat=p&typeid=i","cat":314035},{"id":77985,"n":"Sauce à l'aneth Labeyrie Pour Saumon fumé - 100g","p":1.9,"u":"19,00 €/KG","img":"https://fd9-photos.leclercdrive.fr/image.ashx?id=2538701&use=l&cat=p&typeid=i","cat":315999},{"id":77989,"n":"Sauce au citron Labeyrie Pour saumon fumé - 100g","p":1.76,"u":"17,60 €/KG","img":"https://fd9-photos.leclercdrive.fr/image.ashx?id=2299133&use=l&cat=p&typeid=i","cat":315999},{"id":78002,"n":"Steak Haché Charal Grand cru 12% - 260g","p":5.95,"u":"22,88 €/KG","img":"https://fd9-photos.leclercdrive.fr/image.ashx?id=2014406&use=l&cat=p&typeid=i","cat":284332},{"id":78010,"n":"Feta AOP Casa Azzurra Dés - 150g","p":3.29,"u":"21,93 €/KG","img":"https://fd9-photos.leclercdrive.fr/image.ashx?id=2639696&use=l&cat=p&typeid=i","cat":314026},{"id":78022,"n":"Emiettés de maquereau Gastromer 150g","p":2.22,"u":"14,80 €/KG","img":"https://fd9-photos.leclercdrive.fr/image.ashx?id=1926699&use=l&cat=p&typeid=i","cat":285191},{"id":78092,"n":"Purée de brocolis Florette 2x200g","p":2.99,"u":"7,48 €/KG","img":"https://fd9-photos.leclercdrive.fr/image.ashx?id=2790009&use=l&cat=p&typeid=i","cat":333665},{"id":78098,"n":"Sauce Épicée TABASCO Piment Rouge - 60ml","p":2.38,"u":"39,67 €/L","img":"https://fd9-photos.leclercdrive.fr/image.ashx?id=2961317&use=l&cat=p&typeid=i","cat":298298},{"id":78137,"n":"Coquillettes Chaque Jour  Sans gluten - 400g","p":1.57,"u":"3,93 €/KG","img":"https://fd9-photos.leclercdrive.fr/image.ashx?id=2872715&use=l&cat=p&typeid=i","cat":284427},{"id":78138,"n":"Sablé de Retz Saint Michel Oter Bahlsen - 2x120g","p":1.53,"u":"6,38 €/KG","img":"https://fd9-photos.leclercdrive.fr/image.ashx?id=2935684&use=l&cat=p&typeid=i","cat":284487},{"id":78145,"n":"Purée de pois cassés Florette 2 x 200g","p":2.99,"u":"7,48 €/KG","img":"https://fd9-photos.leclercdrive.fr/image.ashx?id=2767687&use=l&cat=p&typeid=i","cat":333665},{"id":78160,"n":"Petits cookies Bonne Maman Pépites de chocolat - 250g","p":2.44,"u":"9,76 €/KG","img":"https://fd9-photos.leclercdrive.fr/image.ashx?id=2936170&use=l&cat=p&typeid=i","cat":325066},{"id":78176,"n":"Mini cônes Extrême Vanille Chocolat x8 - 312g","p":3.69,"u":"11,83 €/KG","img":"https://fd9-photos.leclercdrive.fr/image.ashx?id=2737030&use=l&cat=p&typeid=i","cat":284264},{"id":78177,"n":"Glace Extrême mini Vanille/pecan/cookie - 8x39g","p":4.12,"u":"13,21 €/KG","img":"https://fd9-photos.leclercdrive.fr/image.ashx?id=2346485&use=l&cat=p&typeid=i","cat":284264},{"id":78192,"n":"Pizza extrème Marie L'américaine - 530g","p":4.0,"u":"7,55 €/KG","img":"https://fd9-photos.leclercdrive.fr/image.ashx?id=2996767&use=l&cat=p&typeid=i","cat":284256},{"id":78204,"n":"Biscuits Palmito LU 100g","p":0.83,"u":"8,30 €/KG","img":"https://fd9-photos.leclercdrive.fr/image.ashx?id=3001949&use=l&cat=p&typeid=i","cat":284487},{"id":78544,"n":"Ravioli pur boeuf Côté Table  400g","p":1.35,"u":"3,38 €/KG","img":"https://fd9-photos.leclercdrive.fr/image.ashx?id=3014281&use=l&cat=p&typeid=i","cat":284442},{"id":78546,"n":"Ravioli bolognaise Côté Table 400g","p":1.99,"u":"4,98 €/KG","img":"https://fd9-photos.leclercdrive.fr/image.ashx?id=3014275&use=l&cat=p&typeid=i","cat":284442},{"id":78552,"n":"Langue de boeuf Sauce piquante - 900g","p":11.7,"u":"13,00 €/KG","img":"https://fd9-photos.leclercdrive.fr/image.ashx?id=2668419&use=l&cat=p&typeid=i","cat":333666},{"id":78577,"n":"Gaufrettes Brun  Chocolat - 146g","p":0.92,"u":"6,30 €/KG","img":"https://fd9-photos.leclercdrive.fr/image.ashx?id=2842543&use=l&cat=p&typeid=i","cat":284487},{"id":78594,"n":"Biscuits croquants Délichoc Chocolat noir - 150g","p":1.85,"u":"12,33 €/KG","img":"https://fd9-photos.leclercdrive.fr/image.ashx?id=2956307&use=l&cat=p&typeid=i","cat":284488},{"id":78618,"n":"Assiettes en carton Eco+ x100","p":3.1,"img":"https://fd9-photos.leclercdrive.fr/image.ashx?id=1307672&use=l&cat=p&typeid=i","cat":334134},{"id":78628,"n":"Serviettes blanches Homeside x30 - 38cmx38cm - 2 plis","p":1.31,"u":"0,04 €/P","img":"https://fd9-photos.leclercdrive.fr/image.ashx?id=1659693&use=l&cat=p&typeid=i","cat":334134},{"id":78717,"n":"Brioche tranchée Eco+ Nature - 500g","p":1.19,"u":"2,38 €/KG","img":"https://fd9-photos.leclercdrive.fr/image.ashx?id=2605086&use=l&cat=p&typeid=i","cat":284478},{"id":78723,"n":"Petits beurre Eco+ x24 - 175g","p":0.58,"u":"3,31 €/KG","img":"https://fd9-photos.leclercdrive.fr/image.ashx?id=2758782&use=l&cat=p&typeid=i","cat":284487},{"id":78726,"n":"Biscuits petit déjeuner Eco+ x25 - 350g","p":0.73,"u":"2,09 €/KG","img":"https://fd9-photos.leclercdrive.fr/image.ashx?id=2550821&use=l&cat=p&typeid=i","cat":284491},{"id":78732,"n":"Guacamole Old El Paso Doux - 320g","p":2.31,"u":"7,22 €/KG","img":"https://fd9-photos.leclercdrive.fr/image.ashx?id=2737612&use=l&cat=p&typeid=i","cat":288993},{"id":78734,"n":"Boisson gourmande PAGO Red ACE Orange sang carotte ctrn - 75cl","p":1.97,"u":"2,63 €/L","img":"https://fd9-photos.leclercdrive.fr/image.ashx?id=2861234&use=l&cat=p&typeid=i","cat":284915},{"id":78773,"n":"Tablette de chocolat noir Lindt Noir 78% cacao - 100g","p":2.46,"u":"24,60 €/KG","img":"https://fd9-photos.leclercdrive.fr/image.ashx?id=2689481&use=l&cat=p&typeid=i","cat":284956},{"id":78837,"n":"Fromage blanc Danone Nature 3%MG - 825g","p":2.97,"u":"3,60 €/KG","img":"https://fd9-photos.leclercdrive.fr/image.ashx?id=2813878&use=l&cat=p&typeid=i","cat":284409},{"id":78937,"n":"Knacki végétal Herta x6 - 210g","p":2.32,"u":"11,05 €/KG","img":"https://fd9-photos.leclercdrive.fr/image.ashx?id=2992323&use=l&cat=p&typeid=i","cat":316036},{"id":78953,"n":"Savon solide Bionaïa Abricot bio - 100g","p":1.39,"u":"13,90 €/KG","img":"https://fd9-photos.leclercdrive.fr/image.ashx?id=2331324&use=l&cat=p&typeid=i","cat":284597},{"id":78956,"n":"Mini viennois Côté Snack Jambon Emmental - 130g","p":1.42,"u":"10,92 €/KG","img":"https://fd9-photos.leclercdrive.fr/image.ashx?id=2882328&use=l&cat=p&typeid=i","cat":333658},{"id":78960,"n":"Mini viennois Côté Snack Poulet - 130g","p":1.42,"u":"10,92 €/KG","img":"https://fd9-photos.leclercdrive.fr/image.ashx?id=2898254&use=l&cat=p&typeid=i","cat":333658},{"id":78965,"n":"Xtrem Box Sodebo Radiatori à la Bolognaise -400g","p":3.16,"u":"7,90 €/KG","img":"https://fd9-photos.leclercdrive.fr/image.ashx?id=2638760&use=l&cat=p&typeid=i","cat":334983},{"id":79181,"n":"Huile lavante Mots d'Enfants Bébé - 250ml","p":1.24,"u":"4,96 €/L","img":"https://fd9-photos.leclercdrive.fr/image.ashx?id=2485092&use=l&cat=p&typeid=i","cat":284741},{"id":79243,"n":"Petit pot bébé bio Blédina 4-6m Patate douce - 2x130g","p":1.86,"u":"7,15 €/KG","img":"https://fd9-photos.leclercdrive.fr/image.ashx?id=2848581&use=l&cat=p&typeid=i","cat":312234},{"id":79260,"n":"Compote bébé bio Blédina 6 mois Pomme banane nectarine - 2x130g","p":1.51,"u":"5,81 €/KG","img":"https://fd9-photos.leclercdrive.fr/image.ashx?id=2848572&use=l&cat=p&typeid=i","cat":312388},{"id":79404,"n":"P'tit max Délisse Vanille - 6x180g","p":2.03,"u":"1,88 €/KG","img":"https://fd9-photos.leclercdrive.fr/image.ashx?id=2757933&use=l&cat=p&typeid=i","cat":284415},{"id":79406,"n":"P'tit max Délisse Framboise - 6x180g","p":2.03,"u":"1,88 €/KG","img":"https://fd9-photos.leclercdrive.fr/image.ashx?id=2757936&use=l&cat=p&typeid=i","cat":284415},{"id":79467,"n":"Filet mignon Petitgas 30 tranches - 75g","p":3.29,"u":"43,87 €/KG","img":"https://fd9-photos.leclercdrive.fr/image.ashx?id=2175174&use=l&cat=p&typeid=i","cat":316007},{"id":79517,"n":"Soupe velouté Knorr 9 légumes - 1L","p":1.78,"u":"1,78 €/L","img":"https://fd9-photos.leclercdrive.fr/image.ashx?id=2408273&use=l&cat=p&typeid=i","cat":284462},{"id":79528,"n":"Nouilles Tables du Monde Asiatiques Boeuf cup - 61.5g","p":0.74,"u":"11,94 €/KG","img":"https://fd9-photos.leclercdrive.fr/image.ashx?id=2920199&use=l&cat=p&typeid=i","cat":288992},{"id":79529,"n":"Nouille Tables du Monde Asiatique Poulet cup - 61.5g","p":0.74,"u":"11,94 €/KG","img":"https://fd9-photos.leclercdrive.fr/image.ashx?id=2920202&use=l&cat=p&typeid=i","cat":288992},{"id":79532,"n":"Nouilles Table du Monde Asiatiques Curry cup - 61.5g","p":0.79,"u":"12,74 €/KG","img":"https://fd9-photos.leclercdrive.fr/image.ashx?id=2920205&use=l&cat=p&typeid=i","cat":288992},{"id":79534,"n":"Nouilles Tables du Monde Asiatiques crevette cup - 61.5g","p":0.74,"u":"11,94 €/KG","img":"https://fd9-photos.leclercdrive.fr/image.ashx?id=1948586&use=l&cat=p&typeid=i","cat":288992},{"id":79543,"n":"Pâtes De Cecco Linguine n°7 - 500g","p":1.51,"u":"3,02 €/KG","img":"https://fd9-photos.leclercdrive.fr/image.ashx?id=2997280&use=l&cat=p&typeid=i","cat":284427},{"id":79545,"n":"Pâtes Collezione Barilla Tortellini jambon fromage -250g","p":2.6,"u":"10,40 €/KG","img":"https://fd9-photos.leclercdrive.fr/image.ashx?id=2588624&use=l&cat=p&typeid=i","cat":284427},{"id":79552,"n":"Pâtes Barilla Spaghettoni n°7 - 1kg","p":1.9,"u":"1,90 €/KG","img":"https://fd9-photos.leclercdrive.fr/image.ashx?id=2392233&use=l&cat=p&typeid=i","cat":284427},{"id":79556,"n":"Couscous parfumé Tipiak Epice - 510g","p":2.02,"u":"3,96 €/KG","img":"https://fd9-photos.leclercdrive.fr/image.ashx?id=2882866&use=l&cat=p&typeid=i","cat":284429},{"id":79623,"n":"Barre de céréales Nature Valley  Crunchy avoine miel X5-210g","p":2.25,"u":"10,71 €/KG","img":"https://fd9-photos.leclercdrive.fr/image.ashx?id=2844472&use=l&cat=p&typeid=i","cat":285869},{"id":79624,"n":"Barre de céréales Nature Valley Crunchy avoine chocolat x5-210g","p":2.47,"u":"11,76 €/KG","img":"https://fd9-photos.leclercdrive.fr/image.ashx?id=2844475&use=l&cat=p&typeid=i","cat":285869},{"id":79625,"n":"Barre de céréales Nature Valley  Sweet & Salty chocolat x5-150g","p":2.77,"u":"18,47 €/KG","img":"https://fd9-photos.leclercdrive.fr/image.ashx?id=2737714&use=l&cat=p&typeid=i","cat":285869},{"id":79670,"n":"Eau de toilette Vanderbilt  Gloria - 30ml","p":14.29,"u":"476,33 €/L","img":"https://fd9-photos.leclercdrive.fr/image.ashx?id=2848908&use=l&cat=p&typeid=i","cat":291525},{"id":79844,"n":"Crémeux fou Fromagerie Milleret - 270g","p":3.11,"u":"11,52 €/KG","img":"https://fd9-photos.leclercdrive.fr/image.ashx?id=1988307&use=l&cat=p&typeid=i","cat":329558},{"id":79909,"n":"Mascara Maybelline  Cils Sensational Intense Noir","p":9.28,"img":"https://fd9-photos.leclercdrive.fr/image.ashx?id=2278154&use=l&cat=p&typeid=i","cat":287029},{"id":79936,"n":"Jambon Tranché Fin Fleury Michon -25% de sel x4 - 120g","p":2.28,"u":"19,00 €/KG","img":"https://fd9-photos.leclercdrive.fr/image.ashx?id=2889295&use=l&cat=p&typeid=i","cat":316009},{"id":79967,"n":"Joker Pur Jus Engagé Orange  avec pulpe - 1,5L","p":4.1,"u":"2,73 €/L","img":"https://fd9-photos.leclercdrive.fr/image.ashx?id=3008140&use=l&cat=p&typeid=i","cat":284521},{"id":79971,"n":"Boisson Citronnade Pulco Citron - 1L","p":2.0,"u":"2,00 €/L","img":"https://fd9-photos.leclercdrive.fr/image.ashx?id=2942263&use=l&cat=p&typeid=i","cat":295018},{"id":79972,"n":"Soda rouge Orangina Orange Sanguine - 1,5L","p":1.94,"u":"1,29 €/L","img":"https://fd9-photos.leclercdrive.fr/image.ashx?id=2539833&use=l&cat=p&typeid=i","cat":284532},{"id":80128,"n":"Rosette de Lyon Saint-Azay 12 tranches - 100g","p":1.44,"u":"14,40 €/KG","img":"https://fd9-photos.leclercdrive.fr/image.ashx?id=2728264&use=l&cat=p&typeid=i","cat":316007},{"id":80264,"n":"Joker Pur Jus Engagé  Multifruits - 2L","p":4.44,"u":"2,22 €/L","img":"https://fd9-photos.leclercdrive.fr/image.ashx?id=2846358&use=l&cat=p&typeid=i","cat":284917},{"id":80266,"n":"Joker Pur Jus Engagé Orange  sans Pulpe - 2L","p":5.12,"u":"2,56 €/L","img":"https://fd9-photos.leclercdrive.fr/image.ashx?id=2731186&use=l&cat=p&typeid=i","cat":284521},{"id":80302,"n":"Eau minérale naturelle Volvic 6x1,5L","p":3.04,"u":"0,34 €/L","img":"https://fd9-photos.leclercdrive.fr/image.ashx?id=2730244&use=l&cat=p&typeid=i","cat":284535},{"id":80305,"n":"Boisson aux fruits Oasis Tropical - 12x33cl","p":7.13,"u":"1,80 €/L","img":"https://fd9-photos.leclercdrive.fr/image.ashx?id=2880706&use=l&cat=p&typeid=i","cat":295018},{"id":80306,"n":"Soda Schweppes Saveur Agrumes -12x33cl","p":7.02,"u":"1,77 €/L","img":"https://fd9-photos.leclercdrive.fr/image.ashx?id=2852426&use=l&cat=p&typeid=i","cat":284532},{"id":80346,"n":"yaourt aux fruits bifidus activia cerise - 4x125g","p":1.87,"u":"3,74 €/KG","img":"https://fd9-photos.leclercdrive.fr/image.ashx?id=2885327&use=l&cat=p&typeid=i","cat":315000},{"id":80352,"n":"Cannelloni Côté Table  - 400g","p":2.07,"u":"5,18 €/KG","img":"https://fd9-photos.leclercdrive.fr/image.ashx?id=2977900&use=l&cat=p&typeid=i","cat":284442},{"id":80382,"n":"Tablette De Chocolat Poulain Noir Extra - 2x100g","p":2.47,"u":"12,35 €/KG","img":"https://fd9-photos.leclercdrive.fr/image.ashx?id=2867566&use=l&cat=p&typeid=i","cat":284956},{"id":80383,"n":"Tablette KINDER Chocolat Chocolat au Lait x12 - 150g","p":2.84,"u":"18,93 €/KG","img":"https://fd9-photos.leclercdrive.fr/image.ashx?id=1904474&use=l&cat=p&typeid=i","cat":284498},{"id":80385,"n":"Barres Chocolatées KINDER BUENO  Chocolat au Lait x5 - 215g","p":3.89,"u":"18,09 €/KG","img":"https://fd9-photos.leclercdrive.fr/image.ashx?id=2679621&use=l&cat=p&typeid=i","cat":284498},{"id":80386,"n":"Barres KINDER BUENO White  Chocolat Blanc x6 - 234g","p":4.2,"u":"17,95 €/KG","img":"https://fd9-photos.leclercdrive.fr/image.ashx?id=2679639&use=l&cat=p&typeid=i","cat":284498},{"id":80630,"n":"Purée de tomates Bio Village Bio  - 72cl","p":1.53,"u":"2,13 €/L","img":"https://fd9-photos.leclercdrive.fr/image.ashx?id=2077475&use=l&cat=p&typeid=i","cat":288384},{"id":80685,"n":"Gorgonzola AOP Eccellenza Galbani 28%MG - 150g","p":2.89,"u":"19,27 €/KG","img":"https://fd9-photos.leclercdrive.fr/image.ashx?id=2215854&use=l&cat=p&typeid=i","cat":314032},{"id":80841,"n":"Bouillon Cube Maggi Volaille - Degraissé - 120g","p":1.61,"u":"13,42 €/KG","img":"https://fd9-photos.leclercdrive.fr/image.ashx?id=2737087&use=l&cat=p&typeid=i","cat":288379},{"id":80842,"n":"Bouillon Cube Maggi Dégraissé - 120g","p":1.47,"u":"12,25 €/KG","img":"https://fd9-photos.leclercdrive.fr/image.ashx?id=2737090&use=l&cat=p&typeid=i","cat":288379},{"id":80853,"n":"Fonds d'artichauts Géant Vert - 210g","p":3.15,"u":"15,00 €/KG","img":"https://fd9-photos.leclercdrive.fr/image.ashx?id=2840563&use=l&cat=p&typeid=i","cat":312611},{"id":80927,"n":"Fromage chèvre chaud Soignon Nature - 21% MG - 4x25g","p":2.09,"u":"20,90 €/KG","img":"https://fd9-photos.leclercdrive.fr/image.ashx?id=2844951&use=l&cat=p&typeid=i","cat":314027},{"id":80976,"n":"Crème fraiche Président Extra épaisse 35%mg - 450g","p":2.86,"u":"6,36 €/KG","img":"https://fd9-photos.leclercdrive.fr/image.ashx?id=2938650&use=l&cat=p&typeid=i","cat":284381},{"id":81188,"n":"Flan aromatisé vanille Flanby nappé de caramel - 12x100g","p":2.6,"u":"2,17 €/KG","img":"https://fd9-photos.leclercdrive.fr/image.ashx?id=2744584&use=l&cat=p&typeid=i","cat":284420},{"id":81196,"n":"Flan aromatisé vanille Flanby nappé de caramel - 6x100g","p":1.47,"u":"2,45 €/KG","img":"https://fd9-photos.leclercdrive.fr/image.ashx?id=2483786&use=l&cat=p&typeid=i","cat":284420},{"id":81199,"n":"Yaourt La Laitière  Vanille - 8x125g","p":3.21,"u":"3,21 €/KG","img":"https://fd9-photos.leclercdrive.fr/image.ashx?id=2613981&use=l&cat=p&typeid=i","cat":286006},{"id":81222,"n":"Pizza La pizz Sodebo Chorizo - 470g","p":3.44,"u":"7,32 €/KG","img":"https://fd9-photos.leclercdrive.fr/image.ashx?id=2868389&use=l&cat=p&typeid=i","cat":333679},{"id":81224,"n":"Pizza l'Ovale Sodebo Lardons & Chèvre affiné - 200g","p":1.41,"u":"7,05 €/KG","img":"https://fd9-photos.leclercdrive.fr/image.ashx?id=2438564&use=l&cat=p&typeid=i","cat":333679},{"id":81236,"n":"Fromage à tartiner Boursin Ail et fines herbes 10 portions","p":2.42,"u":"15,13 €/KG","img":"https://fd9-photos.leclercdrive.fr/image.ashx?id=2964682&use=l&cat=p&typeid=i","cat":314029},{"id":81241,"n":"Liqueur de menthe Get X Cold 37,9° - 70cl","p":17.4,"u":"248,57 €/KG","img":"https://fd9-photos.leclercdrive.fr/image.ashx?id=2679359&use=l&cat=p&typeid=i","cat":286032},{"id":81243,"n":"Bière blonde Heineken Sans alcool - 12x25cl","p":8.22,"u":"2,74 €/L","img":"https://fd9-photos.leclercdrive.fr/image.ashx?id=2795944&use=l&cat=p&typeid=i","cat":334877},{"id":81246,"n":"Bière blonde Pelforth 12x25cl","p":7.23,"u":"2,41 €/L","img":"https://fd9-photos.leclercdrive.fr/image.ashx?id=2645146&use=l&cat=p&typeid=i","cat":334873},{"id":81250,"n":"Bière blonde Grimbergen 6,7° - 20x25cl","p":14.1,"u":"2,82 €/L","img":"https://fd9-photos.leclercdrive.fr/image.ashx?id=2294791&use=l&cat=p&typeid=i","cat":334852},{"id":81254,"n":"Bière blonde Grimbergen 6,7° - 12x25cl","p":9.05,"u":"3,02 €/L","img":"https://fd9-photos.leclercdrive.fr/image.ashx?id=2872865&use=l&cat=p&typeid=i","cat":334852},{"id":81268,"n":"Bière blonde Grimbergen 6,7° - 6x25cl","p":4.9,"u":"3,27 €/L","img":"https://fd9-photos.leclercdrive.fr/image.ashx?id=2294381&use=l&cat=p&typeid=i","cat":334852},{"id":81277,"n":"Vin mousseux demi-sec blanc  Produit en Allemagne - 75cl","p":1.59,"u":"2,12 €/L","img":"https://fd9-photos.leclercdrive.fr/image.ashx?id=2720130&use=l&cat=p&typeid=i","cat":284544},{"id":81280,"n":"Fromage La Vache qui rit Toastinette nature 10 tranches","p":1.72,"u":"8,60 €/KG","img":"https://fd9-photos.leclercdrive.fr/image.ashx?id=2342776&use=l&cat=p&typeid=i","cat":314028},{"id":81281,"n":"Fromage La Vache qui rit Toastinette cheddar 10 tranches","p":1.73,"u":"8,65 €/KG","img":"https://fd9-photos.leclercdrive.fr/image.ashx?id=2342773&use=l&cat=p&typeid=i","cat":314028},{"id":81291,"n":"Bière sans alcool Tourtel Twist Citron Vert Menthe 0,0° -6x27cl","p":4.49,"u":"2,72 €/L","img":"https://fd9-photos.leclercdrive.fr/image.ashx?id=2896567&use=l&cat=p&typeid=i","cat":334877},{"id":81316,"n":"Tablette KINDER Chocolat Chocolat au Lait x24 - 300g","p":4.23,"u":"14,10 €/KG","img":"https://fd9-photos.leclercdrive.fr/image.ashx?id=2868167&use=l&cat=p&typeid=i","cat":284498},{"id":81322,"n":"Huile de Tournesol Eco+ 3L","p":4.89,"u":"1,63 €/L","img":"https://fd9-photos.leclercdrive.fr/image.ashx?id=3002506&use=l&cat=p&typeid=i","cat":284453},{"id":81323,"n":"Huile d'olive Bio Carapelli Extra-vierge - 75cl","p":11.9,"u":"15,87 €/L","img":"https://fd9-photos.leclercdrive.fr/image.ashx?id=2737447&use=l&cat=p&typeid=i","cat":284453},{"id":81371,"n":"Tartine de pain Pasquier Au blé complet - 240g","p":1.48,"u":"6,17 €/KG","img":"https://fd9-photos.leclercdrive.fr/image.ashx?id=2927339&use=l&cat=p&typeid=i","cat":284479},{"id":81382,"n":"Pastis Ricard Plantes Fraiches Anisé 45% vol - 70cl","p":19.15,"u":"27,36 €/L","img":"https://fd9-photos.leclercdrive.fr/image.ashx?id=2870302&use=l&cat=p&typeid=i","cat":284548},{"id":81462,"n":"Fromage Apéritif Apérivrais  Ail et Fines Herbes - 100g","p":2.12,"u":"21,20 €/KG","img":"https://fd9-photos.leclercdrive.fr/image.ashx?id=2854612&use=l&cat=p&typeid=i","cat":314027},{"id":81547,"n":"Capsules Nescafé Dolce Gusto  Cappuccino - x8 - 186g","p":4.58,"u":"24,62 €/KG","img":"https://fd9-photos.leclercdrive.fr/image.ashx?id=2838809&use=l&cat=p&typeid=i","cat":293239},{"id":81548,"n":"Pain de mie Harrys 100% mie Nature Sans croûte Maxi - 650g","p":2.1,"u":"3,23 €/KG","img":"https://fd9-photos.leclercdrive.fr/image.ashx?id=2517468&use=l&cat=p&typeid=i","cat":284477},{"id":81549,"n":"Semoule au lait Bonne Maman Vanille Naturelle - 4x100g","p":2.23,"u":"22,30 €/KG","img":"https://fd9-photos.leclercdrive.fr/image.ashx?id=2924281&use=l&cat=p&typeid=i","cat":284418},{"id":81554,"n":"Riz au lait Bonne Maman Vanille Naturelle - 4x100g","p":2.29,"u":"5,73 €/KG","img":"https://fd9-photos.leclercdrive.fr/image.ashx?id=2619130&use=l&cat=p&typeid=i","cat":284418},{"id":81558,"n":"Pain de mie 100% Mie Harrys Nature petites tranches - 500g","p":1.71,"u":"3,42 €/KG","img":"https://fd9-photos.leclercdrive.fr/image.ashx?id=2517453&use=l&cat=p&typeid=i","cat":284477},{"id":81559,"n":"Yaourt Enfant Petits Filous Fruits Mixés Panaché - 12x50g","p":2.25,"u":"3,75 €/KG","img":"https://fd9-photos.leclercdrive.fr/image.ashx?id=2767359&use=l&cat=p&typeid=i","cat":284414},{"id":81781,"n":"Thé noir Bio Ethiquable  Earl grey Darjeeling x20 - 36g","p":2.06,"u":"57,22 €/KG","img":"https://fd9-photos.leclercdrive.fr/image.ashx?id=2870836&use=l&cat=p&typeid=i","cat":293233},{"id":81816,"n":"Rillettes du Mans  Bordeau Chesnel - 220g","p":2.88,"img":"https://fd9-photos.leclercdrive.fr/image.ashx?id=2746812&use=l&cat=p&typeid=i","cat":316008},{"id":81861,"n":"Pain de mie 100% Mie Harrys Nature grandes tranches - 500g","p":1.78,"u":"3,56 €/KG","img":"https://fd9-photos.leclercdrive.fr/image.ashx?id=2517456&use=l&cat=p&typeid=i","cat":284477},{"id":81909,"n":"Café moulu Grand Mère Familial - 250g","p":3.47,"u":"13,88 €/KG","img":"https://fd9-photos.leclercdrive.fr/image.ashx?id=1755046&use=l&cat=p&typeid=i","cat":284750},{"id":81991,"n":"Courgettes rondelle Bio Village Bio - 600g","p":1.99,"u":"3,32 €/KG","img":"https://fd9-photos.leclercdrive.fr/image.ashx?id=2898089&use=l&cat=p&typeid=i","cat":319805},{"id":82004,"n":"Mozzarella mini Galbani 150g","p":2.45,"u":"16,33 €/KG","img":"https://fd9-photos.leclercdrive.fr/image.ashx?id=2766586&use=l&cat=p&typeid=i","cat":314026},{"id":82008,"n":"Emmental râpé fondant Président 3x70g","p":2.66,"u":"12,67 €/KG","img":"https://fd9-photos.leclercdrive.fr/image.ashx?id=2462741&use=l&cat=p&typeid=i","cat":314035},{"id":82009,"n":"Mozzarella râpée cucina Galbani 150g","p":2.81,"u":"18,73 €/KG","img":"https://fd9-photos.leclercdrive.fr/image.ashx?id=2787887&use=l&cat=p&typeid=i","cat":314035},{"id":82099,"n":"Steak haché Eco+ x10 - 1kg","p":8.74,"u":"8,74 €/KG","img":"https://fd9-photos.leclercdrive.fr/image.ashx?id=2966532&use=l&cat=p&typeid=i","cat":319778},{"id":82145,"n":"Bière blonde La G de Goudale 7.9%vol - 75cl","p":3.99,"u":"5,32 €/L","img":"https://fd9-photos.leclercdrive.fr/image.ashx?id=2861566&use=l&cat=p&typeid=i","cat":334872},{"id":82148,"n":"Lardons fumés Supérieur Eco+ 2x100g","p":1.28,"u":"6,40 €/KG","img":"https://fd9-photos.leclercdrive.fr/image.ashx?id=2998895&use=l&cat=p&typeid=i","cat":316011},{"id":82149,"n":"lardons supérieurs ECO+ Nature - 2x100g","p":1.28,"u":"6,40 €/KG","img":"https://fd9-photos.leclercdrive.fr/image.ashx?id=2968655&use=l&cat=p&typeid=i","cat":316011},{"id":82152,"n":"Compote Andros Abricot Morceaux - 4x100g","p":2.26,"u":"5,65 €/KG","img":"https://fd9-photos.leclercdrive.fr/image.ashx?id=2853566&use=l&cat=p&typeid=i","cat":284416},{"id":82157,"n":"Dessert fruitier pêche Andros En morceaux - 4x100g","p":1.91,"u":"4,78 €/KG","img":"https://fd9-photos.leclercdrive.fr/image.ashx?id=2845470&use=l&cat=p&typeid=i","cat":284416},{"id":82159,"n":"Compotes Andros Pomme/chataigne - 4x100g","p":1.7,"u":"4,25 €/KG","img":"https://fd9-photos.leclercdrive.fr/image.ashx?id=2937361&use=l&cat=p&typeid=i","cat":284416},{"id":82160,"n":"Compote Andros Pomme abricot - 4x100g","p":1.4,"u":"3,50 €/KG","img":"https://fd9-photos.leclercdrive.fr/image.ashx?id=2961074&use=l&cat=p&typeid=i","cat":284416},{"id":82166,"n":"Compotes Andros Pomme Fraise - 4x100g","p":1.5,"u":"3,75 €/KG","img":"https://fd9-photos.leclercdrive.fr/image.ashx?id=2915572&use=l&cat=p&typeid=i","cat":284416},{"id":82167,"n":"Compotes Andros Pomme Banane - 4x100g","p":1.52,"u":"3,80 €/KG","img":"https://fd9-photos.leclercdrive.fr/image.ashx?id=2883997&use=l&cat=p&typeid=i","cat":284416},{"id":82168,"n":"Compotes Andros Pomme Poire - 4x100g","p":1.4,"u":"3,50 €/KG","img":"https://fd9-photos.leclercdrive.fr/image.ashx?id=2883994&use=l&cat=p&typeid=i","cat":284416},{"id":82172,"n":"Mini cônes Extrême  Vanille Caramel x8 - 312g","p":4.29,"u":"13,75 €/KG","img":"https://fd9-photos.leclercdrive.fr/image.ashx?id=2737033&use=l&cat=p&typeid=i","cat":284264},{"id":82174,"n":"Extrême  Citron Framboise - 6x71g","p":3.79,"u":"8,90 €/KG","img":"https://fd9-photos.leclercdrive.fr/image.ashx?id=2866076&use=l&cat=p&typeid=i","cat":284264},{"id":82179,"n":"Bière blonde 3 Monts 75cl","p":2.47,"u":"3,29 €/L","img":"https://fd9-photos.leclercdrive.fr/image.ashx?id=2550553&use=l&cat=p&typeid=i","cat":334852},{"id":82184,"n":"Barres KINDER BUENO White  Chocolat Blanc x12 - 468g","p":8.93,"u":"19,08 €/KG","img":"https://fd9-photos.leclercdrive.fr/image.ashx?id=2679642&use=l&cat=p&typeid=i","cat":284498},{"id":82234,"n":"Liniment Corine de Farme Bio - 500ml","p":4.28,"u":"8,56 €/L","img":"https://fd9-photos.leclercdrive.fr/image.ashx?id=2424449&use=l&cat=p&typeid=i","cat":284741},{"id":82251,"n":"Thon MSC Naturel Petit Navire Entier -  112g","p":3.05,"u":"27,23 €/KG","img":"https://fd9-photos.leclercdrive.fr/image.ashx?id=2928357&use=l&cat=p&typeid=i","cat":303867},{"id":82253,"n":"Biscuits Thé LU 350g","p":1.47,"u":"4,20 €/KG","img":"https://fd9-photos.leclercdrive.fr/image.ashx?id=2977738&use=l&cat=p&typeid=i","cat":284487},{"id":82264,"n":"Doonuts St Michel Pépites de chocolat - 180g","p":2.08,"u":"11,56 €/KG","img":"https://fd9-photos.leclercdrive.fr/image.ashx?id=1917782&use=l&cat=p&typeid=i","cat":284495},{"id":82265,"n":"Céréales Quaker Cruesli Chocolat - 450g","p":2.79,"u":"6,20 €/KG","img":"https://fd9-photos.leclercdrive.fr/image.ashx?id=2382791&use=l&cat=p&typeid=i","cat":309512},{"id":82267,"n":"Céréales Quaker Cruesli Chocolat au lait - 900g","p":5.46,"u":"6,07 €/KG","img":"https://fd9-photos.leclercdrive.fr/image.ashx?id=2212150&use=l&cat=p&typeid=i","cat":309512},{"id":82281,"n":"Boulettes de boeuf Eco+ x30 - 900g","p":6.85,"u":"7,61 €/KG","img":"https://fd9-photos.leclercdrive.fr/image.ashx?id=2966529&use=l&cat=p&typeid=i","cat":319779},{"id":82309,"n":"yaourt fruits bio les 2 vaches brassé poire - 4x115g","p":1.99,"u":"4,33 €/KG","img":"https://fd9-photos.leclercdrive.fr/image.ashx?id=2571527&use=l&cat=p&typeid=i","cat":284410},{"id":82350,"n":"Frites fines McCain Côté Comptoir - 650g","p":2.67,"u":"4,11 €/KG","img":"https://fd9-photos.leclercdrive.fr/image.ashx?id=2693887&use=l&cat=p&typeid=i","cat":319791},{"id":82351,"n":"Frites incurvées McCain Côté Brasserie - 650g","p":2.22,"u":"3,42 €/KG","img":"https://fd9-photos.leclercdrive.fr/image.ashx?id=2927044&use=l&cat=p&typeid=i","cat":319791},{"id":82433,"n":"Cordons Bleus Côté Croc Poulet x4 - 400g","p":3.14,"u":"7,85 €/KG","img":"https://fd9-photos.leclercdrive.fr/image.ashx?id=2801052&use=l&cat=p&typeid=i","cat":333683},{"id":82452,"n":"Pruneaux d'Agen Maître Prunille IGP Dénoyautés - 500g","p":5.96,"u":"11,92 €/KG","img":"https://fd9-photos.leclercdrive.fr/image.ashx?id=2016023&use=l&cat=p&typeid=i","cat":284357},{"id":82520,"n":"Fromage Croque emmental Président - 12 tranches - 200g","p":1.74,"u":"8,70 €/KG","img":"https://fd9-photos.leclercdrive.fr/image.ashx?id=2446356&use=l&cat=p&typeid=i","cat":314028},{"id":82575,"n":"Bière ambrée La Goudale 7.2%vol - 6x25cl","p":5.27,"u":"3,51 €/L","img":"https://fd9-photos.leclercdrive.fr/image.ashx?id=2915521&use=l&cat=p&typeid=i","cat":334852},{"id":82611,"n":"L'Ortolan portions Fromagerie Milleret - 8 x 30 g","p":3.28,"u":"13,67 €/KG","img":"https://fd9-photos.leclercdrive.fr/image.ashx?id=1857850&use=l&cat=p&typeid=i","cat":314030},{"id":82659,"n":"Chewing-gum 2Fresh Hollywood Menthe fraîche - 66g","p":1.72,"u":"26,06 €/KG","img":"https://fd9-photos.leclercdrive.fr/image.ashx?id=2676204&use=l&cat=p&typeid=i","cat":304251},{"id":82663,"n":"Arrangé Rivière du Mât Banane Vanillé - 70cl - 35%vol","p":17.6,"u":"25,14 €/L","img":"https://fd9-photos.leclercdrive.fr/image.ashx?id=2731300&use=l&cat=p&typeid=i","cat":284551},{"id":82664,"n":"Arrangé Rivière du Mât Coco Torréfiée - 35%vol - 70cl","p":16.67,"u":"23,81 €/L","img":"https://fd9-photos.leclercdrive.fr/image.ashx?id=3002045&use=l&cat=p&typeid=i","cat":284551},{"id":82665,"n":"Arrangé Rivière du Mât Vanille des Tropiques - 70cl","p":17.6,"u":"25,14 €/L","img":"https://fd9-photos.leclercdrive.fr/image.ashx?id=2731291&use=l&cat=p&typeid=i","cat":284551},{"id":82667,"n":"Yaourt aux fruits bifidus Activia poire - 4x125g","p":1.87,"u":"3,74 €/KG","img":"https://fd9-photos.leclercdrive.fr/image.ashx?id=2885330&use=l&cat=p&typeid=i","cat":315000},{"id":82668,"n":"Yaourt aux fruits Activia bifidus - 8x125g","p":3.49,"u":"3,49 €/KG","img":"https://fd9-photos.leclercdrive.fr/image.ashx?id=3003146&use=l&cat=p&typeid=i","cat":315000},{"id":82669,"n":"Yaourt aux fruits bifidus Activia mangue - 4x125g","p":1.87,"u":"3,74 €/KG","img":"https://fd9-photos.leclercdrive.fr/image.ashx?id=2886642&use=l&cat=p&typeid=i","cat":315000},{"id":82670,"n":"Yaourt aux fruits bifidus Activia ananas - 4x125g","p":1.87,"u":"3,74 €/KG","img":"https://fd9-photos.leclercdrive.fr/image.ashx?id=2886639&use=l&cat=p&typeid=i","cat":315000},{"id":82672,"n":"Yaourt aux fruits bifidus Activia pruneau - 4x125g","p":1.84,"u":"3,68 €/KG","img":"https://fd9-photos.leclercdrive.fr/image.ashx?id=2886636&use=l&cat=p&typeid=i","cat":315000},{"id":82675,"n":"Yaourt aux fruits bifidus Activia mûre framboise - 4x125g","p":1.95,"u":"3,90 €/KG","img":"https://fd9-photos.leclercdrive.fr/image.ashx?id=2960651&use=l&cat=p&typeid=i","cat":315000},{"id":82676,"n":"Yaourt aux fruits bifidus Activia figue - 4x125g","p":1.93,"u":"3,86 €/KG","img":"https://fd9-photos.leclercdrive.fr/image.ashx?id=2886630&use=l&cat=p&typeid=i","cat":315000},{"id":82677,"n":"yaourt aux fruits bifidus activia fraise - 4x125g","p":1.86,"u":"3,72 €/KG","img":"https://fd9-photos.leclercdrive.fr/image.ashx?id=2886627&use=l&cat=p&typeid=i","cat":315000},{"id":82678,"n":"yaourt aux fruits bifidus activia - 16x125g","p":6.19,"u":"3,10 €/KG","img":"https://fd9-photos.leclercdrive.fr/image.ashx?id=2810609&use=l&cat=p&typeid=i","cat":315000},{"id":82679,"n":"yaourt aux fruits bifidus activia - 12x125g","p":4.77,"img":"https://fd9-photos.leclercdrive.fr/image.ashx?id=2741721&use=l&cat=p&typeid=i","cat":315000},{"id":82688,"n":"Brandade de Morue Tipiak 1.050kg","p":6.19,"u":"5,90 €/KG","img":"https://fd9-photos.leclercdrive.fr/image.ashx?id=2944023&use=l&cat=p&typeid=i","cat":284254},{"id":82717,"n":"Arrangé Rivière du Mât Ananas Caramélisé 35% vol 70cl","p":17.5,"u":"25,00 €/L","img":"https://fd9-photos.leclercdrive.fr/image.ashx?id=2731297&use=l&cat=p&typeid=i","cat":284551},{"id":82739,"n":"Poisson pané Croustibat Findus Petit trésor MSC - x15 - 450g","p":3.22,"u":"7,16 €/KG","img":"https://fd9-photos.leclercdrive.fr/image.ashx?id=3008758&use=l&cat=p&typeid=i","cat":319788},{"id":82741,"n":"Poisson pané Findus Colin  Alaska Fish and Chips x13- 364g","p":2.88,"u":"7,91 €/KG","img":"https://fd9-photos.leclercdrive.fr/image.ashx?id=3008761&use=l&cat=p&typeid=i","cat":319788},{"id":82745,"n":"Couches Activ+ Mots d'enfants  Taille 5 : 11/25kg - x35","p":12.99,"u":"0,37 €/P","img":"https://fd9-photos.leclercdrive.fr/image.ashx?id=2922424&use=l&cat=p&typeid=i","cat":284737},{"id":82748,"n":"Couches Activ+ Mots d'enfants  Taille 4+ 9/20kg - x37 changes","p":12.99,"u":"0,35 €/P","img":"https://fd9-photos.leclercdrive.fr/image.ashx?id=2699747&use=l&cat=p&typeid=i","cat":284737},{"id":83120,"n":"Bière brune Pelforth 12x25cl","p":8.4,"u":"2,80 €/L","img":"https://fd9-photos.leclercdrive.fr/image.ashx?id=2646182&use=l&cat=p&typeid=i","cat":334852},{"id":83132,"n":"Boisson lactée Tous mes amis pour chats - 3x200ml","p":2.13,"u":"3,55 €/L","img":"https://fd9-photos.leclercdrive.fr/image.ashx?id=2313482&use=l&cat=p&typeid=i","cat":285285},{"id":83476,"n":"Tapenade d'Olives vertes Les Tartinables Florelli 190g","p":2.54,"u":"13,37 €/KG","img":"https://fd9-photos.leclercdrive.fr/image.ashx?id=2904347&use=l&cat=p&typeid=i","cat":289010},{"id":83698,"n":"IGP Pays d'Oc Grenache vin rosé Vieux Carion 12.5% vol - 75cl","p":2.25,"u":"3,00 €/L","img":"https://fd9-photos.leclercdrive.fr/image.ashx?id=2722823&use=l&cat=p&typeid=i","cat":289558},{"id":83846,"n":"Rillettes de poulet pimenté Bordeau Chesnel - 200g","p":3.08,"u":"15,40 €/KG","img":"https://fd9-photos.leclercdrive.fr/image.ashx?id=2904077&use=l&cat=p&typeid=i","cat":316008},{"id":83951,"n":"IGP Pays d'Oc rouge Merlot J-P Chenet 13% vol BIB 3L","p":10.42,"u":"3,47 €/L","img":"https://fd9-photos.leclercdrive.fr/image.ashx?id=2941709&use=l&cat=p&typeid=i","cat":289560},{"id":84011,"n":"IGP  Pays d'Hérault vin rosé Bernard Cordelier - BIB 3L","p":5.99,"u":"2,00 €/L","img":"https://fd9-photos.leclercdrive.fr/image.ashx?id=2891911&use=l&cat=p&typeid=i","cat":289560},{"id":84154,"n":"Bonbons VICHY Menthe 230g","p":1.07,"u":"4,65 €/KG","img":"https://fd9-photos.leclercdrive.fr/image.ashx?id=2806342&use=l&cat=p&typeid=i","cat":304252},{"id":84159,"n":"Bonbons CARAMBAR Family Assortiment - 450g","p":2.69,"u":"5,98 €/KG","img":"https://fd9-photos.leclercdrive.fr/image.ashx?id=2903446&use=l&cat=p&typeid=i","cat":304250},{"id":84160,"n":"Bonbons CARAMBAR Caramel 320g","p":1.74,"u":"5,44 €/KG","img":"https://fd9-photos.leclercdrive.fr/image.ashx?id=2770124&use=l&cat=p&typeid=i","cat":304250},{"id":84161,"n":"Bonbons LA PIE QUI CHANTE Michoko Noir - 280g","p":2.38,"u":"8,50 €/KG","img":"https://fd9-photos.leclercdrive.fr/image.ashx?id=2817842&use=l&cat=p&typeid=i","cat":304250},{"id":84163,"n":"Break P'tit Déli 135g","p":1.33,"u":"9,85 €/KG","img":"https://fd9-photos.leclercdrive.fr/image.ashx?id=2566200&use=l&cat=p&typeid=i","cat":284488},{"id":84249,"n":"Crème Bio Hydratante Sobio Etic Aloe Vera - 100ml","p":9.32,"u":"93,20 €/L","img":"https://fd9-photos.leclercdrive.fr/image.ashx?id=2787074&use=l&cat=p&typeid=i","cat":325345},{"id":84440,"n":"Saucisse perche d'Aveyron  NRT - 320g","p":6.96,"u":"21,75 €/KG","img":"https://fd9-photos.leclercdrive.fr/image.ashx?id=1910667&use=l&cat=p&typeid=i","cat":316006},{"id":84486,"n":"Mousse forestière Supérieure Médaille d'or CGA 2017 - 170g","p":1.66,"u":"9,76 €/KG","img":"https://fd9-photos.leclercdrive.fr/image.ashx?id=2989261&use=l&cat=p&typeid=i","cat":316008},{"id":84488,"n":"La ballottine Prunier Belle Epoque de volaille - 160g","p":2.87,"u":"17,94 €/KG","img":"https://fd9-photos.leclercdrive.fr/image.ashx?id=2950228&use=l&cat=p&typeid=i","cat":316009},{"id":84774,"n":"Préparation brownie Nestlé Au chocolat - 405g","p":3.69,"u":"9,11 €/KG","img":"https://fd9-photos.leclercdrive.fr/image.ashx?id=2849259&use=l&cat=p&typeid=i","cat":284505},{"id":84789,"n":"Filet de poulet blanc Le Gaulois x2 - 300g","p":4.28,"u":"14,27 €/KG","img":"https://fd9-photos.leclercdrive.fr/image.ashx?id=2633989&use=l&cat=p&typeid=i","cat":284336},{"id":84826,"n":"Wrap Daunat sauce burger Jambon cheddar - 190g","p":3.08,"u":"16,21 €/KG","img":"https://fd9-photos.leclercdrive.fr/image.ashx?id=2962926&use=l&cat=p&typeid=i","cat":333658},{"id":84856,"n":"Friand à la viande Qualité Traiteur x2 - 200g","p":3.45,"u":"17,25 €/KG","img":"https://fd9-photos.leclercdrive.fr/image.ashx?id=2774487&use=l&cat=p&typeid=i","cat":333671},{"id":84906,"n":"Tomates fraiches farcies Qualité Traiteur - 1kg","p":11.4,"u":"11,40 €/KG","img":"https://fd9-photos.leclercdrive.fr/image.ashx?id=2785940&use=l&cat=p&typeid=i","cat":333666},{"id":85040,"n":"Shampooing sec Batiste Cherry - 200ml","p":3.49,"u":"17,45 €/L","img":"https://fd9-photos.leclercdrive.fr/image.ashx?id=2983459&use=l&cat=p&typeid=i","cat":289143},{"id":85049,"n":"Poires Panier du Primeur Mûre à point Filière x4","p":3.49,"u":"0,87 €/P","img":"https://fd9-photos.leclercdrive.fr/image.ashx?id=2955038&use=l&cat=p&typeid=i","cat":284356},{"id":85090,"n":"Sauce 3 Poivres Heinz - 220g","p":1.91,"u":"8,68 €/KG","img":"https://fd9-photos.leclercdrive.fr/image.ashx?id=2973351&use=l&cat=p&typeid=i","cat":318431},{"id":85106,"n":"Mayonnaise American Style Heinz  - 395g","p":2.48,"u":"6,28 €/KG","img":"https://fd9-photos.leclercdrive.fr/image.ashx?id=2927059&use=l&cat=p&typeid=i","cat":298295},{"id":85194,"n":"Tartine briochée Heudebert 320g","p":2.98,"u":"9,31 €/KG","img":"https://fd9-photos.leclercdrive.fr/image.ashx?id=2346663&use=l&cat=p&typeid=i","cat":284479},{"id":85206,"n":"Génoises fourrées Pim's LU Fraise des bois - 150g","p":1.66,"u":"11,07 €/KG","img":"https://fd9-photos.leclercdrive.fr/image.ashx?id=3002204&use=l&cat=p&typeid=i","cat":284489},{"id":85445,"n":"Serpillères jetables St Marc  Anti-Bactériennes - x20","p":2.6,"u":"0,13 €/P","img":"https://fd9-photos.leclercdrive.fr/image.ashx?id=2228552&use=l&cat=p&typeid=i","cat":325358},{"id":85532,"n":"Tenders de Poulet Père Dodu  Aiguillettes - 380g","p":5.62,"u":"14,79 €/KG","img":"https://fd9-photos.leclercdrive.fr/image.ashx?id=2957200&use=l&cat=p&typeid=i","cat":333684},{"id":85693,"n":"Donut de poulet Maître Coq 800g","p":7.66,"u":"9,58 €/KG","img":"https://fd9-photos.leclercdrive.fr/image.ashx?id=2426941&use=l&cat=p&typeid=i","cat":333684},{"id":85745,"n":"Batonnets Surimi Coraya x30 - 450g","p":4.27,"u":"9,49 €/KG","img":"https://fd9-photos.leclercdrive.fr/image.ashx?id=2962683&use=l&cat=p&typeid=i","cat":285189},{"id":85998,"n":"Sauce Curry Mango Heinz - 225g","p":1.98,"u":"8,80 €/KG","img":"https://fd9-photos.leclercdrive.fr/image.ashx?id=2927050&use=l&cat=p&typeid=i","cat":318431},{"id":86047,"n":"Sandwich Club Sodebo Pain Complet Rosette - 125g","p":1.54,"u":"12,32 €/KG","img":"https://fd9-photos.leclercdrive.fr/image.ashx?id=2851794&use=l&cat=p&typeid=i","cat":333658},{"id":86071,"n":"AOP Prosecco Perlino Extra Dry - 75cl","p":6.4,"u":"8,53 €/L","img":"https://fd9-photos.leclercdrive.fr/image.ashx?id=2612778&use=l&cat=p&typeid=i","cat":289461},{"id":86138,"n":"Lait entier \"Marguerite\" 1L","p":1.84,"u":"1,84 €/L","img":"https://fd9-photos.leclercdrive.fr/image.ashx?id=2870458&use=l&cat=p&typeid=i","cat":285610},{"id":86144,"n":"Fromage Mini Saint Albray Filet de 5 Portions - 150g","p":3.12,"u":"20,80 €/KG","img":"https://fd9-photos.leclercdrive.fr/image.ashx?id=2766298&use=l&cat=p&typeid=i","cat":329558},{"id":86208,"n":"Pâte à tartiner Nutella 1kg","p":6.38,"u":"6,38 €/KG","img":"https://fd9-photos.leclercdrive.fr/image.ashx?id=2935648&use=l&cat=p&typeid=i","cat":284481},{"id":86375,"n":"Rochers Suchard  Lait - 7x35g","p":4.14,"u":"16,90 €/KG","img":"https://fd9-photos.leclercdrive.fr/image.ashx?id=2950372&use=l&cat=p&typeid=i","cat":284499},{"id":86438,"n":"Dentifrice Integral 8 Signal Nature Elements Coco 75ml","p":1.71,"u":"22,80 €/L","img":"https://fd9-photos.leclercdrive.fr/image.ashx?id=2974659&use=l&cat=p&typeid=i","cat":284612},{"id":86448,"n":"Désinfectant protection Sanytol Salle de bain - 500ml","p":3.37,"u":"6,74 €/L","img":"https://fd9-photos.leclercdrive.fr/image.ashx?id=2848620&use=l&cat=p&typeid=i","cat":325357},{"id":86451,"n":"Lessive gel Génie Lavage main - 200ml","p":1.53,"u":"7,65 €/L","img":"https://fd9-photos.leclercdrive.fr/image.ashx?id=2664142&use=l&cat=p&typeid=i","cat":284643},{"id":86470,"n":"Bonbons KREMA Festival Assortiment - 360g","p":2.38,"u":"6,61 €/KG","img":"https://fd9-photos.leclercdrive.fr/image.ashx?id=2817875&use=l&cat=p&typeid=i","cat":304250},{"id":86474,"n":"Bonbons KREMA Batna Réglisse & Anis - 360g","p":2.26,"u":"6,28 €/KG","img":"https://fd9-photos.leclercdrive.fr/image.ashx?id=2817878&use=l&cat=p&typeid=i","cat":304250},{"id":86482,"n":"Bonbons KREMA Régal'ad Assortiment Fruits - 360g","p":2.46,"u":"6,83 €/KG","img":"https://fd9-photos.leclercdrive.fr/image.ashx?id=2855295&use=l&cat=p&typeid=i","cat":304250},{"id":86489,"n":"Chocolat en poudre Poulain Grand arôme 32% cacao - 250g","p":1.97,"u":"7,88 €/KG","img":"https://fd9-photos.leclercdrive.fr/image.ashx?id=2859071&use=l&cat=p&typeid=i","cat":293235},{"id":86565,"n":"Chocolat en poudre Poulain Grand Arôme: 32% cacao - 800g","p":5.2,"u":"6,50 €/KG","img":"https://fd9-photos.leclercdrive.fr/image.ashx?id=2867119&use=l&cat=p&typeid=i","cat":293235},{"id":86570,"n":"Chewing gum Malabar Tutti Frutti - 214g","p":2.04,"u":"9,53 €/KG","img":"https://fd9-photos.leclercdrive.fr/image.ashx?id=2817848&use=l&cat=p&typeid=i","cat":304251},{"id":86586,"n":"Pain de mie Harrys Nature extra moelleux - 500g","p":1.3,"u":"2,60 €/KG","img":"https://fd9-photos.leclercdrive.fr/image.ashx?id=2660730&use=l&cat=p&typeid=i","cat":284477},{"id":86591,"n":"AOP Champagne Pommery Brut Royal étui- 75cl","p":33.5,"u":"44,67 €/L","img":"https://fd9-photos.leclercdrive.fr/image.ashx?id=2791500&use=l&cat=p&typeid=i","cat":284542},{"id":86665,"n":"Dosettes café Senseo Grand Mère Classique x54","p":5.28,"u":"14,83 €/KG","img":"https://fd9-photos.leclercdrive.fr/image.ashx?id=2769837&use=l&cat=p&typeid=i","cat":293238},{"id":86724,"n":"Huile d'olive Bio Village Bio Vierge extra fruité - 75 cl","p":7.99,"u":"10,65 €/L","img":"https://fd9-photos.leclercdrive.fr/image.ashx?id=3005712&use=l&cat=p&typeid=i","cat":284453},{"id":86725,"n":"Poudre de cacao bio Bio Village 500g - 32% de cacao","p":3.95,"u":"7,90 €/KG","img":"https://fd9-photos.leclercdrive.fr/image.ashx?id=2441516&use=l&cat=p&typeid=i","cat":293235},{"id":86762,"n":"Salade pâtes Jambon Sec Mozza  250g - Côté Snack","p":2.99,"u":"11,96 €/KG","img":"https://fd9-photos.leclercdrive.fr/image.ashx?id=2900662&use=l&cat=p&typeid=i","cat":333657},{"id":86779,"n":"Colin d'Alaska Pêche Océan Beurre citron - MSC - 400g","p":3.39,"u":"8,48 €/KG","img":"https://fd9-photos.leclercdrive.fr/image.ashx?id=2930126&use=l&cat=p&typeid=i","cat":319786},{"id":86784,"n":"Frites au four Pom'Lisse Pom'Steak - 600g","p":1.44,"u":"2,40 €/KG","img":"https://fd9-photos.leclercdrive.fr/image.ashx?id=2770687&use=l&cat=p&typeid=i","cat":319791},{"id":86788,"n":"Tartinable thon Fromage frais MSC Ronde des mers - 140g","p":1.99,"u":"14,21 €/KG","img":"https://fd9-photos.leclercdrive.fr/image.ashx?id=2823084&use=l&cat=p&typeid=i","cat":285191},{"id":86884,"n":"Amande en poudre Vahiné 200g","p":3.87,"u":"19,35 €/KG","img":"https://fd9-photos.leclercdrive.fr/image.ashx?id=2559850&use=l&cat=p&typeid=i","cat":284504},{"id":86905,"n":"Bière blonde 1664 5,5° - 12x33cl canettes","p":10.26,"u":"2,59 €/L","img":"https://fd9-photos.leclercdrive.fr/image.ashx?id=2246617&use=l&cat=p&typeid=i","cat":334853},{"id":86907,"n":"Lait en poudre Modilac Bébé : 2ème âge - 820g","p":15.65,"u":"19,09 €/KG","img":"https://fd9-photos.leclercdrive.fr/image.ashx?id=2873393&use=l&cat=p&typeid=i","cat":284727},{"id":86909,"n":"Lait en poudre Modilac Doucéa Bébé 0-6mois - 820g","p":18.91,"u":"23,06 €/KG","img":"https://fd9-photos.leclercdrive.fr/image.ashx?id=2997031&use=l&cat=p&typeid=i","cat":284726},{"id":86914,"n":"Fromage Camembert Isigny NRT 250g","p":2.79,"u":"11,16 €/KG","img":"https://fd9-photos.leclercdrive.fr/image.ashx?id=1961500&use=l&cat=p&typeid=i","cat":314033},{"id":86916,"n":"Lames de rasoir Carré Homme 2 lames - x10","p":1.29,"u":"0,13 €/P","img":"https://fd9-photos.leclercdrive.fr/image.ashx?id=2591721&use=l&cat=p&typeid=i","cat":284616},{"id":86954,"n":"Croissants crus surgelés Gourmet d'Alsace - 1.5kg - x30","p":9.42,"u":"6,28 €/KG","img":"https://fd9-photos.leclercdrive.fr/image.ashx?id=2167101&use=l&cat=p&typeid=i","cat":288858},{"id":86956,"n":"Pains au chocolat surgelé Gourmet d'Alsace - 1.25kg - x25","p":9.42,"u":"7,54 €/KG","img":"https://fd9-photos.leclercdrive.fr/image.ashx?id=2167104&use=l&cat=p&typeid=i","cat":288858},{"id":86969,"n":"Haricots blancs Notre Jardin 500g","p":2.09,"u":"4,18 €/KG","img":"https://fd9-photos.leclercdrive.fr/image.ashx?id=2096449&use=l&cat=p&typeid=i","cat":284430},{"id":87025,"n":"yaourt aux fruits bifidus activia - 8x125g","p":3.48,"u":"3,48 €/KG","img":"https://fd9-photos.leclercdrive.fr/image.ashx?id=2741751&use=l&cat=p&typeid=i","cat":315000},{"id":87038,"n":"Yaourt nature Danone 8x125g","p":1.83,"u":"1,83 €/KG","img":"https://fd9-photos.leclercdrive.fr/image.ashx?id=3001985&use=l&cat=p&typeid=i","cat":284409},{"id":87054,"n":"Yaourt à boire Michel&Augustin Mangue Passion - 500ml","p":2.45,"u":"4,90 €/L","img":"https://fd9-photos.leclercdrive.fr/image.ashx?id=2165707&use=l&cat=p&typeid=i","cat":284415},{"id":87061,"n":"Boisson gourmande PAGO ACE Orange carotte citron - 75cl","p":1.67,"u":"2,23 €/L","img":"https://fd9-photos.leclercdrive.fr/image.ashx?id=2861237&use=l&cat=p&typeid=i","cat":284916},{"id":87067,"n":"Yaourt à boire P'tit max  Délisse Fraise - 6x180g","p":2.03,"u":"1,88 €/KG","img":"https://fd9-photos.leclercdrive.fr/image.ashx?id=2762510&use=l&cat=p&typeid=i","cat":284415},{"id":87089,"n":"Pavé Gourmand Garden Gourmet Epinards et Fromage 180g","p":2.4,"u":"13,33 €/KG","img":"https://fd9-photos.leclercdrive.fr/image.ashx?id=2971389&use=l&cat=p&typeid=i","cat":316036},{"id":87091,"n":"St Jacques Marie Fondue de poireaux riz - 280g","p":3.94,"u":"14,07 €/KG","img":"https://fd9-photos.leclercdrive.fr/image.ashx?id=2317531&use=l&cat=p&typeid=i","cat":333665},{"id":87092,"n":"Baguette Tradition 250g","p":0.99,"u":"3,96 €/KG","img":"https://fd9-photos.leclercdrive.fr/image.ashx?id=2062561&use=l&cat=p&typeid=i","cat":284359},{"id":87100,"n":"Gel lavant Manava Purifiant mandarine - 300ml","p":1.25,"u":"4,17 €/L","img":"https://fd9-photos.leclercdrive.fr/image.ashx?id=2935519&use=l&cat=p&typeid=i","cat":284597},{"id":87261,"n":"Litière chats Tranquille Super agglomérante - 4.5L","p":4.64,"u":"1,03 €/L","img":"https://fd9-photos.leclercdrive.fr/image.ashx?id=1934844&use=l&cat=p&typeid=i","cat":284683},{"id":87272,"n":"Yaourt à boire Michel&Augustin  Vanille Érable - 500ml","p":2.45,"u":"4,90 €/L","img":"https://fd9-photos.leclercdrive.fr/image.ashx?id=2165701&use=l&cat=p&typeid=i","cat":284415},{"id":87273,"n":"Yaourt à boire Michel&Augustin Myrtilles sauvages - 500ml","p":2.65,"u":"5,30 €/L","img":"https://fd9-photos.leclercdrive.fr/image.ashx?id=2165704&use=l&cat=p&typeid=i","cat":284415},{"id":87348,"n":"IGP Pays d'Oc rosé Merlot Grand Sud 12.5% vol - 5L","p":15.52,"u":"3,10 €/L","img":"https://fd9-photos.leclercdrive.fr/image.ashx?id=2837454&use=l&cat=p&typeid=i","cat":289558},{"id":87375,"n":"Serviettes Doulys Ultra mince Nuit + large - x9","p":2.2,"u":"0,24 €/P","img":"https://fd9-photos.leclercdrive.fr/image.ashx?id=2839927&use=l&cat=p&typeid=i","cat":284624},{"id":87701,"n":"Carrés feuilletés Croustipate x4 - 240g","p":1.43,"u":"5,96 €/KG","img":"https://fd9-photos.leclercdrive.fr/image.ashx?id=2875069&use=l&cat=p&typeid=i","cat":333681},{"id":87849,"n":"Boisson végétale Alpro lait de coco riz - 1l","p":2.19,"u":"2,19 €/L","img":"https://fd9-photos.leclercdrive.fr/image.ashx?id=2790243&use=l&cat=p&typeid=i","cat":316067},{"id":87923,"n":"Compotes  gourdes Pom'Potes Multivariétés - 12x90g","p":5.2,"u":"4,81 €/KG","img":"https://fd9-photos.leclercdrive.fr/image.ashx?id=3010942&use=l&cat=p&typeid=i","cat":284508},{"id":87924,"n":"Dosettes café Senseo Classique x40","p":6.32,"u":"22,82 €/KG","img":"https://fd9-photos.leclercdrive.fr/image.ashx?id=2876326&use=l&cat=p&typeid=i","cat":293238},{"id":87925,"n":"Dosettes café Senseo Corsé x40","p":6.37,"u":"23,00 €/KG","img":"https://fd9-photos.leclercdrive.fr/image.ashx?id=2393581&use=l&cat=p&typeid=i","cat":293238},{"id":87926,"n":"Dosettes café Senseo Doux x40","p":6.38,"u":"23,03 €/KG","img":"https://fd9-photos.leclercdrive.fr/image.ashx?id=2337567&use=l&cat=p&typeid=i","cat":293238},{"id":87929,"n":"Dosettes café Senseo Classique x54","p":8.52,"u":"22,72 €/KG","img":"https://fd9-photos.leclercdrive.fr/image.ashx?id=2391798&use=l&cat=p&typeid=i","cat":293238},{"id":87931,"n":"Dosettes café Senseo Doux x54","p":8.39,"u":"22,37 €/KG","img":"https://fd9-photos.leclercdrive.fr/image.ashx?id=2289951&use=l&cat=p&typeid=i","cat":293238},{"id":87950,"n":"Snacks chats Tous mes amis Liquide - 90g","p":1.45,"u":"16,11 €/KG","img":"https://fd9-photos.leclercdrive.fr/image.ashx?id=2520041&use=l&cat=p&typeid=i","cat":285285},{"id":88048,"n":"Compote Charles & Alice Pommes Bananes Vanille -4x100g","p":1.7,"u":"4,38 €/KG","img":"https://fd9-photos.leclercdrive.fr/image.ashx?id=2757698&use=l&cat=p&typeid=i","cat":284416},{"id":88053,"n":"Lasagne à la bolognaise Marie - 1 kg","p":4.81,"u":"4,81 €/KG","img":"https://fd9-photos.leclercdrive.fr/image.ashx?id=2993394&use=l&cat=p&typeid=i","cat":284254},{"id":88062,"n":"Matière grasse Primevere Oméga 3 - 55% - 250g","p":1.5,"u":"6,00 €/KG","img":"https://fd9-photos.leclercdrive.fr/image.ashx?id=2928468&use=l&cat=p&typeid=i","cat":315229},{"id":88064,"n":"Matière grasse Primevere 63%MG - oméga 3 - 250g","p":2.1,"u":"8,40 €/KG","img":"https://fd9-photos.leclercdrive.fr/image.ashx?id=2939325&use=l&cat=p&typeid=i","cat":315229},{"id":88206,"n":"Céréales bébé Blédine 12 mois  Vanille - 400g","p":2.53,"u":"6,33 €/KG","img":"https://fd9-photos.leclercdrive.fr/image.ashx?id=2763124&use=l&cat=p&typeid=i","cat":312225},{"id":88340,"n":"Berries Haribo Sachet bonbons - 200g","p":1.81,"u":"9,05 €/KG","img":"https://fd9-photos.leclercdrive.fr/image.ashx?id=2982411&use=l&cat=p&typeid=i","cat":304250},{"id":88359,"n":"Bougies et chiffres Vahiné Plastique","p":3.46,"img":"https://fd9-photos.leclercdrive.fr/image.ashx?id=2402702&use=l&cat=p&typeid=i","cat":335913},{"id":88413,"n":"Beurre Allégé Elle&Vire Doux - 41% MG - 250g","p":2.17,"u":"8,68 €/KG","img":"https://fd9-photos.leclercdrive.fr/image.ashx?id=2969169&use=l&cat=p&typeid=i","cat":284379},{"id":88417,"n":"Matière grasse St Hubert 51%MG-Sans huile de palme -500g","p":5.04,"u":"10,08 €/KG","img":"https://fd9-photos.leclercdrive.fr/image.ashx?id=2734117&use=l&cat=p&typeid=i","cat":315229},{"id":88418,"n":"Boisson a base de thé Fresh Tea Pêche - 1L","p":0.89,"u":"0,89 €/L","img":"https://fd9-photos.leclercdrive.fr/image.ashx?id=2622275&use=l&cat=p&typeid=i","cat":295019},{"id":88438,"n":"Coulommiers Cœur de Lion  Extra-Crèmeux - 385g","p":3.31,"u":"8,60 €/KG","img":"https://fd9-photos.leclercdrive.fr/image.ashx?id=2999958&use=l&cat=p&typeid=i","cat":314033},{"id":88441,"n":"Fromage à tartiner St Môret Nature maxi format - 400g","p":4.65,"u":"11,63 €/KG","img":"https://fd9-photos.leclercdrive.fr/image.ashx?id=2755459&use=l&cat=p&typeid=i","cat":314029},{"id":88446,"n":"Fromage Le Rustique Tomme  Fruitée - 280g","p":4.25,"u":"15,18 €/KG","img":"https://fd9-photos.leclercdrive.fr/image.ashx?id=2921549&use=l&cat=p&typeid=i","cat":329184},{"id":88448,"n":"Fromage à Tartiner Carré Frais  Nature 0% - 8 Portions - 200g","p":2.37,"u":"11,85 €/KG","img":"https://fd9-photos.leclercdrive.fr/image.ashx?id=2868684&use=l&cat=p&typeid=i","cat":314029},{"id":88460,"n":"Fromage de Chèvre Chavroux  9 Portions - 162g","p":3.02,"u":"18,64 €/KG","img":"https://fd9-photos.leclercdrive.fr/image.ashx?id=2936689&use=l&cat=p&typeid=i","cat":314031},{"id":88461,"n":"Salami Danois  Saint-Azay x16 - 160g","p":1.58,"u":"9,88 €/KG","img":"https://fd9-photos.leclercdrive.fr/image.ashx?id=2708354&use=l&cat=p&typeid=i","cat":316007},{"id":88471,"n":"Protège slip Tena Long - x20","p":2.49,"u":"0,12 €/P","img":"https://fd9-photos.leclercdrive.fr/image.ashx?id=2428588&use=l&cat=p&typeid=i","cat":284628},{"id":88538,"n":"Fromage à tartiner St Môret Nature léger - 150g","p":2.89,"u":"19,27 €/KG","img":"https://fd9-photos.leclercdrive.fr/image.ashx?id=2755462&use=l&cat=p&typeid=i","cat":314029},{"id":88560,"n":"Céréales bébé Blédine 6 mois  Biscuit - 400g","p":2.04,"u":"5,10 €/KG","img":"https://fd9-photos.leclercdrive.fr/image.ashx?id=2773295&use=l&cat=p&typeid=i","cat":312225},{"id":88596,"n":"Caillé pur brebis Petit Basque Nature - 2x125g","p":1.9,"u":"7,60 €/KG","img":"https://fd9-photos.leclercdrive.fr/image.ashx?id=2214894&use=l&cat=p&typeid=i","cat":314998},{"id":88662,"n":"Yaourt bifidus Activia Vanille - 4x125g","p":1.6,"u":"3,20 €/KG","img":"https://fd9-photos.leclercdrive.fr/image.ashx?id=3006184&use=l&cat=p&typeid=i","cat":315000},{"id":88698,"n":"Citrons bio Bio Village Sachet x4","p":1.99,"u":"0,50 €/P","img":"https://fd9-photos.leclercdrive.fr/image.ashx?id=2805063&use=l&cat=p&typeid=i","cat":284356},{"id":88707,"n":"Endive bio Bio Village Sachet 400g","p":3.99,"u":"9,98 €/KG","img":"https://fd9-photos.leclercdrive.fr/image.ashx?id=2655619&use=l&cat=p&typeid=i","cat":284352},{"id":88738,"n":"Yaourt bifidus Activia citron vanille coco - 12x125g","p":4.72,"u":"3,15 €/KG","img":"https://fd9-photos.leclercdrive.fr/image.ashx?id=3003149&use=l&cat=p&typeid=i","cat":315000},{"id":88740,"n":"Yaourt bifidus Activia citron - 4x125g","p":1.6,"u":"3,20 €/KG","img":"https://fd9-photos.leclercdrive.fr/image.ashx?id=3006181&use=l&cat=p&typeid=i","cat":315000},{"id":88742,"n":"Yaourt bifidus Activia coco - 4x125g","p":1.65,"u":"3,30 €/KG","img":"https://fd9-photos.leclercdrive.fr/image.ashx?id=2886651&use=l&cat=p&typeid=i","cat":315000},{"id":88986,"n":"Barre Chocolat au Lait KitKat x6 barres - 249g","p":3.14,"u":"12,61 €/KG","img":"https://fd9-photos.leclercdrive.fr/image.ashx?id=2989426&use=l&cat=p&typeid=i","cat":284498},{"id":89010,"n":"Fromage Roquefort Société Crème 2x100g","p":4.2,"u":"21,00 €/KG","img":"https://fd9-photos.leclercdrive.fr/image.ashx?id=2789706&use=l&cat=p&typeid=i","cat":314032},{"id":89088,"n":"Boisson au Soja Alpro Goût vanille - 1L","p":2.27,"u":"2,27 €/L","img":"https://fd9-photos.leclercdrive.fr/image.ashx?id=2944383&use=l&cat=p&typeid=i","cat":316067},{"id":89090,"n":"Boisson végétale Alpro Soja - 1L","p":1.76,"u":"1,76 €/L","img":"https://fd9-photos.leclercdrive.fr/image.ashx?id=2977681&use=l&cat=p&typeid=i","cat":316067},{"id":89092,"n":"Boisson au soja Alpro Saveur chocolat - 1L","p":2.53,"u":"2,53 €/L","img":"https://fd9-photos.leclercdrive.fr/image.ashx?id=1889294&use=l&cat=p&typeid=i","cat":316067},{"id":89093,"n":"Boisson végétale Alpro avoine - 1l","p":2.19,"u":"2,19 €/L","img":"https://fd9-photos.leclercdrive.fr/image.ashx?id=2986852&use=l&cat=p&typeid=i","cat":316067},{"id":89094,"n":"Boisson végétale lait d'amande grillée sans sucre alpro - 1l","p":2.16,"u":"2,16 €/L","img":"https://fd9-photos.leclercdrive.fr/image.ashx?id=2985543&use=l&cat=p&typeid=i","cat":316067},{"id":89190,"n":"Carotte Bio Bio Village 1kg","p":1.89,"u":"1,89 €/KG","img":"https://fd9-photos.leclercdrive.fr/image.ashx?id=1457160&use=l&cat=p&typeid=i","cat":284352},{"id":89341,"n":"Gel lavant recharge Manava Antibactérien Mandarine - 250ml","p":0.54,"u":"2,16 €/L","img":"https://fd9-photos.leclercdrive.fr/image.ashx?id=2935522&use=l&cat=p&typeid=i","cat":284597},{"id":89345,"n":"Serviettes Super Doulys Ultra mince - x24","p":1.8,"u":"0,08 €/P","img":"https://fd9-photos.leclercdrive.fr/image.ashx?id=2839931&use=l&cat=p&typeid=i","cat":284624},{"id":89346,"n":"Serviettes Nuit Doulys Ultra mince - x20","p":2.55,"u":"0,13 €/P","img":"https://fd9-photos.leclercdrive.fr/image.ashx?id=2839935&use=l&cat=p&typeid=i","cat":284624},{"id":89483,"n":"Salade & Cie Sodebo Stockhlom Saumon Pâtes - 320g","p":3.53,"u":"11,03 €/KG","img":"https://fd9-photos.leclercdrive.fr/image.ashx?id=2795722&use=l&cat=p&typeid=i","cat":333657},{"id":89507,"n":"Xtrem Box Sodebo Radiatori à la Carbonara 400g","p":3.08,"u":"7,70 €/KG","img":"https://fd9-photos.leclercdrive.fr/image.ashx?id=2631588&use=l&cat=p&typeid=i","cat":334983},{"id":89906,"n":"Beurre de Baratte Doux Isigny  82% MG - 250g","p":3.07,"u":"12,28 €/KG","img":"https://fd9-photos.leclercdrive.fr/image.ashx?id=2578130&use=l&cat=p&typeid=i","cat":284379},{"id":89914,"n":"Bouillon Cube Maggi Légumes x18 - 180g","p":1.56,"u":"8,67 €/KG","img":"https://fd9-photos.leclercdrive.fr/image.ashx?id=2737039&use=l&cat=p&typeid=i","cat":288379},{"id":89917,"n":"Beurre Bio Plaquette Isigny Doux - 82% MG - 200g","p":2.95,"u":"14,75 €/KG","img":"https://fd9-photos.leclercdrive.fr/image.ashx?id=2592522&use=l&cat=p&typeid=i","cat":284379},{"id":89959,"n":"Pelle et balayette","p":2.59,"img":"https://fd9-photos.leclercdrive.fr/image.ashx?id=1463745&use=l&cat=p&typeid=i","cat":284669},{"id":90090,"n":"Gnocchi à poêler Lustucru Extra Fromage 500g","p":2.91,"u":"5,82 €/KG","img":"https://fd9-photos.leclercdrive.fr/image.ashx?id=2786171&use=l&cat=p&typeid=i","cat":333682},{"id":90113,"n":"Petits suisses aux fruits bio Les 2 vaches - 12x50g","p":3.6,"u":"6,00 €/KG","img":"https://fd9-photos.leclercdrive.fr/image.ashx?id=2774103&use=l&cat=p&typeid=i","cat":284414},{"id":90119,"n":"Fromage Persillée Saint Agur  190g","p":3.58,"u":"18,84 €/KG","img":"https://fd9-photos.leclercdrive.fr/image.ashx?id=2981512&use=l&cat=p&typeid=i","cat":314032},{"id":90120,"n":"Crème Saint Agur  155g","p":2.66,"u":"17,16 €/KG","img":"https://fd9-photos.leclercdrive.fr/image.ashx?id=2760014&use=l&cat=p&typeid=i","cat":314029},{"id":90121,"n":"Fromage Caprice des Anges  Frais et Fondant - 200g","p":3.2,"u":"16,00 €/KG","img":"https://fd9-photos.leclercdrive.fr/image.ashx?id=2734837&use=l&cat=p&typeid=i","cat":314029},{"id":90122,"n":"Camembert Coeur de Lion 250g","p":1.98,"u":"7,92 €/KG","img":"https://fd9-photos.leclercdrive.fr/image.ashx?id=3008185&use=l&cat=p&typeid=i","cat":314033},{"id":90182,"n":"Savon Bionaïa Lait d'anesse - 100g","p":1.72,"u":"17,20 €/KG","img":"https://fd9-photos.leclercdrive.fr/image.ashx?id=2491047&use=l&cat=p&typeid=i","cat":284597},{"id":90188,"n":"Cremio Box Sodebo Poulet à l'Emmental - 280g","p":2.25,"u":"8,04 €/KG","img":"https://fd9-photos.leclercdrive.fr/image.ashx?id=2679068&use=l&cat=p&typeid=i","cat":334983},{"id":90547,"n":"Croquettes chat Purina One Chat Stérilisé Truite/Blé-1.5kg","p":7.41,"u":"4,94 €/KG","img":"https://fd9-photos.leclercdrive.fr/image.ashx?id=2488064&use=l&cat=p&typeid=i","cat":284680},{"id":90562,"n":"Yaourt bifidus Activia saveur framboise - 4x125g","p":1.75,"u":"3,50 €/KG","img":"https://fd9-photos.leclercdrive.fr/image.ashx?id=2886654&use=l&cat=p&typeid=i","cat":315000},{"id":90667,"n":"Céréales Chocapic Nestlé Bio - 375g","p":3.48,"u":"9,28 €/KG","img":"https://fd9-photos.leclercdrive.fr/image.ashx?id=2997262&use=l&cat=p&typeid=i","cat":309513},{"id":90670,"n":"Muesli fruits bio sans sucres  ajoutés Terres et Céréales-1kg","p":5.65,"u":"5,65 €/KG","img":"https://fd9-photos.leclercdrive.fr/image.ashx?id=2858455&use=l&cat=p&typeid=i","cat":309512},{"id":90675,"n":"Crème dessert Mont Blanc Boîte Chocolat - 570g","p":2.38,"u":"4,18 €/KG","img":"https://fd9-photos.leclercdrive.fr/image.ashx?id=3011614&use=l&cat=p&typeid=i","cat":284506},{"id":90676,"n":"Crème dessert Mont Blanc Boîte Vanille - 570g","p":2.37,"u":"4,16 €/KG","img":"https://fd9-photos.leclercdrive.fr/image.ashx?id=3008830&use=l&cat=p&typeid=i","cat":284506},{"id":90689,"n":"Lotus Biscoff Speculoos Biscuit Pocket 248g (16x2p)","p":2.11,"u":"8,51 €/KG","img":"https://fd9-photos.leclercdrive.fr/image.ashx?id=2694986&use=l&cat=p&typeid=i","cat":284487},{"id":90729,"n":"La Cancoillotte Nature Le Francomtois - 250g","p":2.5,"u":"10,00 €/KG","img":"https://fd9-photos.leclercdrive.fr/image.ashx?id=2458481&use=l&cat=p&typeid=i","cat":314037},{"id":90730,"n":"Cancoillotte à l'ail Le Francomtois - 250g","p":2.49,"u":"9,96 €/KG","img":"https://fd9-photos.leclercdrive.fr/image.ashx?id=2456966&use=l&cat=p&typeid=i","cat":314037},{"id":90731,"n":"Cancoillotte fumée Le Francomtois - 250g","p":2.53,"u":"10,12 €/KG","img":"https://fd9-photos.leclercdrive.fr/image.ashx?id=2458433&use=l&cat=p&typeid=i","cat":314037},{"id":90810,"n":"Soupe Liquide Bouteille Liebig  Velouté 5 Légumes - 75cl","p":2.47,"u":"3,29 €/L","img":"https://fd9-photos.leclercdrive.fr/image.ashx?id=2842552&use=l&cat=p&typeid=i","cat":284462},{"id":90819,"n":"Soupe liquide Knorr Tomate Pointe de basilic - 45cl","p":2.45,"u":"5,44 €/L","img":"https://fd9-photos.leclercdrive.fr/image.ashx?id=2525989&use=l&cat=p&typeid=i","cat":284462},{"id":90822,"n":"Soupe liquide Knorr Légumes du potager - 45cl","p":2.31,"u":"5,13 €/L","img":"https://fd9-photos.leclercdrive.fr/image.ashx?id=2324357&use=l&cat=p&typeid=i","cat":284462},{"id":90843,"n":"Café moulu Grand Mère Familial - 4x250g","p":13.24,"u":"13,24 €/KG","img":"https://fd9-photos.leclercdrive.fr/image.ashx?id=1755049&use=l&cat=p&typeid=i","cat":284750},{"id":90993,"n":"Soda Pepsi Regular - 2L","p":1.58,"u":"0,79 €/L","img":"https://fd9-photos.leclercdrive.fr/image.ashx?id=1583915&use=l&cat=p&typeid=i","cat":284530},{"id":91019,"n":"Pastis de Marseille Sigale 45%vol. - 50cl","p":9.89,"u":"19,78 €/L","img":"https://fd9-photos.leclercdrive.fr/image.ashx?id=2637820&use=l&cat=p&typeid=i","cat":284548},{"id":91177,"n":"Démaquillant Yeux biphase Nivea Sensibles Waterproof - 125ml","p":2.65,"u":"21,20 €/L","img":"https://fd9-photos.leclercdrive.fr/image.ashx?id=2953944&use=l&cat=p&typeid=i","cat":284603},{"id":91221,"n":"Pâtes Fusili Panzani Créatives - 500G","p":1.2,"u":"2,40 €/KG","img":"https://fd9-photos.leclercdrive.fr/image.ashx?id=2902942&use=l&cat=p&typeid=i","cat":284427},{"id":91231,"n":"Thé vert Twinings Framboise Passion x20 - 32g","p":2.76,"u":"86,25 €/KG","img":"https://fd9-photos.leclercdrive.fr/image.ashx?id=2893030&use=l&cat=p&typeid=i","cat":293233},{"id":91296,"n":"Assortiment chocolats Equador Fins - 195g","p":5.15,"u":"26,41 €/KG","img":"https://fd9-photos.leclercdrive.fr/image.ashx?id=3001214&use=l&cat=p&typeid=i","cat":327595},{"id":91482,"n":"Riz Comptoir du Grain Champignons 2 min - 250g","p":1.22,"u":"4,88 €/KG","img":"https://fd9-photos.leclercdrive.fr/image.ashx?id=2856561&use=l&cat=p&typeid=i","cat":287600},{"id":91553,"n":"Quinoa Céréal Bio  Bio repas express 220g","p":2.09,"u":"9,50 €/KG","img":"https://fd9-photos.leclercdrive.fr/image.ashx?id=2575081&use=l&cat=p&typeid=i","cat":287600},{"id":91557,"n":"Lentilles Riz Soja Céréal Bio Bio repas express-250g","p":1.95,"u":"7,80 €/KG","img":"https://fd9-photos.leclercdrive.fr/image.ashx?id=2575084&use=l&cat=p&typeid=i","cat":287600},{"id":91603,"n":"Gel pur So Bio Etic Aloe Vera bio - 125ml","p":9.15,"u":"73,20 €/L","img":"https://fd9-photos.leclercdrive.fr/image.ashx?id=2802497&use=l&cat=p&typeid=i","cat":325345},{"id":91768,"n":"Roquefort AOP Société Fromage de brebis - 100g","p":2.44,"u":"24,40 €/KG","img":"https://fd9-photos.leclercdrive.fr/image.ashx?id=2729701&use=l&cat=p&typeid=i","cat":314032},{"id":91776,"n":"Crème UHT Elle&Vire Semi-Ep. Entière - 30% MG - 3x20cl","p":4.11,"u":"6,85 €/L","img":"https://fd9-photos.leclercdrive.fr/image.ashx?id=2979866&use=l&cat=p&typeid=i","cat":284381},{"id":91805,"n":"petit suisse aux fruits danonino - 18x50g","p":3.55,"u":"3,94 €/KG","img":"https://fd9-photos.leclercdrive.fr/image.ashx?id=3003137&use=l&cat=p&typeid=i","cat":284414},{"id":91806,"n":"petit suisse aux fruits danonino - 24x50g","p":4.46,"u":"3,72 €/KG","img":"https://fd9-photos.leclercdrive.fr/image.ashx?id=2865602&use=l&cat=p&typeid=i","cat":284414},{"id":91807,"n":"petit suisse aux fruits danonino - 12x50g","p":2.4,"u":"4,00 €/KG","img":"https://fd9-photos.leclercdrive.fr/image.ashx?id=3003140&use=l&cat=p&typeid=i","cat":284414},{"id":91814,"n":"Pommes bicolores bio Bio Village Barquette x4","p":1.99,"u":"0,50 €/P","img":"https://fd9-photos.leclercdrive.fr/image.ashx?id=2556538&use=l&cat=p&typeid=i","cat":284356},{"id":92027,"n":"Tablette chocolat au lait Lindt Caramel Pointe de sel - 100g","p":2.39,"u":"23,90 €/KG","img":"https://fd9-photos.leclercdrive.fr/image.ashx?id=2750384&use=l&cat=p&typeid=i","cat":284497},{"id":92256,"n":"Gourdes bio bébé Hipp Bio 4 variétés - 8x120g","p":7.93,"u":"8,26 €/KG","img":"https://fd9-photos.leclercdrive.fr/image.ashx?id=2915578&use=l&cat=p&typeid=i","cat":312393},{"id":92267,"n":"Soupe instantanée Royco  Indienne - 3x200ml","p":1.64,"u":"2,73 €/L","img":"https://fd9-photos.leclercdrive.fr/image.ashx?id=2650988&use=l&cat=p&typeid=i","cat":293527},{"id":92351,"n":"Crème mains Inell Réparatrice - 100ml","p":1.45,"u":"14,50 €/L","img":"https://fd9-photos.leclercdrive.fr/image.ashx?id=2822135&use=l&cat=p&typeid=i","cat":325354},{"id":92356,"n":"Serviettes Hygieniques Vania  Maxi confort super - x16","p":1.78,"u":"0,11 €/P","img":"https://fd9-photos.leclercdrive.fr/image.ashx?id=2908168&use=l&cat=p&typeid=i","cat":284624},{"id":92452,"n":"Tomates cerises bio Bio Village 250g","p":1.59,"u":"6,36 €/KG","img":"https://fd9-photos.leclercdrive.fr/image.ashx?id=2959755&use=l&cat=p&typeid=i","cat":284352},{"id":92529,"n":"Échalotes traditionnelles bio  Bio Village - 250g","p":1.99,"u":"7,96 €/KG","img":"https://fd9-photos.leclercdrive.fr/image.ashx?id=2922454&use=l&cat=p&typeid=i","cat":284352},{"id":92532,"n":"Céréales Quaker Cruesli Chocolat - 900g","p":5.22,"u":"5,80 €/KG","img":"https://fd9-photos.leclercdrive.fr/image.ashx?id=2212153&use=l&cat=p&typeid=i","cat":309512},{"id":92533,"n":"Céréales Quaker Cruesli Chocolat au lait - 450g","p":2.89,"u":"6,42 €/KG","img":"https://fd9-photos.leclercdrive.fr/image.ashx?id=2212156&use=l&cat=p&typeid=i","cat":309512},{"id":92761,"n":"Sacs poubelle 10L Eco+ Salle de bain - x30","p":1.08,"u":"0,04 €/P","img":"https://fd9-photos.leclercdrive.fr/image.ashx?id=2755052&use=l&cat=p&typeid=i","cat":285168},{"id":92780,"n":"Bière blonde Heineken 6x25cl","p":4.35,"u":"2,90 €/L","img":"https://fd9-photos.leclercdrive.fr/image.ashx?id=3011077&use=l&cat=p&typeid=i","cat":334873},{"id":92782,"n":"Thé glacé Fuze Tea Saveur pêche - 1.25L","p":1.55,"u":"1,24 €/L","img":"https://fd9-photos.leclercdrive.fr/image.ashx?id=2940390&use=l&cat=p&typeid=i","cat":295019},{"id":92841,"n":"Huile de tournesol Rustica 50cl","p":1.39,"u":"2,78 €/L","img":"https://fd9-photos.leclercdrive.fr/image.ashx?id=2900349&use=l&cat=p&typeid=i","cat":284453},{"id":92910,"n":"Tranches pour raclette Sans croûte nature - 700g","p":7.57,"u":"10,81 €/KG","img":"https://fd9-photos.leclercdrive.fr/image.ashx?id=2951743&use=l&cat=p&typeid=i","cat":314037},{"id":93022,"n":"Bière blonde Heineken 20x25cl","p":12.39,"u":"2,48 €/L","img":"https://fd9-photos.leclercdrive.fr/image.ashx?id=3011074&use=l&cat=p&typeid=i","cat":334873},{"id":93023,"n":"Bière blonde Heineken 12x25cl","p":7.51,"u":"2,50 €/L","img":"https://fd9-photos.leclercdrive.fr/image.ashx?id=3011080&use=l&cat=p&typeid=i","cat":334873},{"id":93032,"n":"Saucisson Justin Bridou Bâton de Berger Nature 250g","p":3.93,"u":"15,72 €/KG","img":"https://fd9-photos.leclercdrive.fr/image.ashx?id=2921313&use=l&cat=p&typeid=i","cat":316006},{"id":93036,"n":"Rosette tranchée Cochonou  10 tranches - 93g","p":1.85,"u":"19,89 €/KG","img":"https://fd9-photos.leclercdrive.fr/image.ashx?id=2924107&use=l&cat=p&typeid=i","cat":316007},{"id":93037,"n":"Saucisson sec Tranché Cochonou 30 tranches - 93g","p":1.65,"u":"17,74 €/KG","img":"https://fd9-photos.leclercdrive.fr/image.ashx?id=2924104&use=l&cat=p&typeid=i","cat":316007},{"id":93041,"n":"Fromage Caprice Des Dieux 300g","p":3.73,"u":"12,43 €/KG","img":"https://fd9-photos.leclercdrive.fr/image.ashx?id=2763178&use=l&cat=p&typeid=i","cat":314033},{"id":93071,"n":"Champignons de Paris blancs Bio Bio Village - 200g","p":2.39,"u":"11,95 €/KG","img":"https://fd9-photos.leclercdrive.fr/image.ashx?id=2960550&use=l&cat=p&typeid=i","cat":284352},{"id":93108,"n":"Bière Desperados Pack de 12x33cl","p":14.45,"u":"3,65 €/L","img":"https://fd9-photos.leclercdrive.fr/image.ashx?id=2983123&use=l&cat=p&typeid=i","cat":334878},{"id":93109,"n":"Bière Desperados Pack de 6x33cl","p":7.02,"u":"3,55 €/L","img":"https://fd9-photos.leclercdrive.fr/image.ashx?id=2999865&use=l&cat=p&typeid=i","cat":334878},{"id":93111,"n":"Camembert Le Rustique  250g","p":2.33,"u":"9,32 €/KG","img":"https://fd9-photos.leclercdrive.fr/image.ashx?id=2979722&use=l&cat=p&typeid=i","cat":314033},{"id":93112,"n":"Coulommiers Cœur de Lion  350g","p":2.62,"u":"7,49 €/KG","img":"https://fd9-photos.leclercdrive.fr/image.ashx?id=2766286&use=l&cat=p&typeid=i","cat":314033},{"id":93121,"n":"Escalope Cordon Bleu Père Dodu  Dinde x4 - 400g - Familial","p":5.11,"u":"12,78 €/KG","img":"https://fd9-photos.leclercdrive.fr/image.ashx?id=2957206&use=l&cat=p&typeid=i","cat":333683},{"id":93192,"n":"Rognons de boeuf sauce madére Charal - 300g","p":6.31,"u":"21,03 €/KG","img":"https://fd9-photos.leclercdrive.fr/image.ashx?id=1987899&use=l&cat=p&typeid=i","cat":284328},{"id":93193,"n":"Langue de boeuf sauce piquante Charal -  300g","p":6.81,"u":"22,70 €/KG","img":"https://fd9-photos.leclercdrive.fr/image.ashx?id=1987902&use=l&cat=p&typeid=i","cat":333665},{"id":93194,"n":"Blanquette de veau cuite  Charal -  300g","p":6.5,"u":"21,67 €/KG","img":"https://fd9-photos.leclercdrive.fr/image.ashx?id=2014421&use=l&cat=p&typeid=i","cat":333665},{"id":93195,"n":"Boulette de boeuf napolitaine Charal -  300g","p":5.01,"u":"16,70 €/KG","img":"https://fd9-photos.leclercdrive.fr/image.ashx?id=1987908&use=l&cat=p&typeid=i","cat":333665},{"id":93210,"n":"Suprêmes soufflés Saint-Jean Nature x4 - 480g","p":3.43,"u":"7,15 €/KG","img":"https://fd9-photos.leclercdrive.fr/image.ashx?id=2446719&use=l&cat=p&typeid=i","cat":333682},{"id":93211,"n":"Suprêmes soufflés brochet x4 - 480g","p":3.87,"u":"8,06 €/KG","img":"https://fd9-photos.leclercdrive.fr/image.ashx?id=2446722&use=l&cat=p&typeid=i","cat":333682},{"id":93212,"n":"Suprêmes soufflés  Emmental de Savoie - 4x120g","p":4.57,"u":"9,52 €/KG","img":"https://fd9-photos.leclercdrive.fr/image.ashx?id=2605565&use=l&cat=p&typeid=i","cat":333682},{"id":93244,"n":"Sauce bolognaise Panzani 425g","p":1.87,"u":"4,40 €/KG","img":"https://fd9-photos.leclercdrive.fr/image.ashx?id=2989096&use=l&cat=p&typeid=i","cat":287599},{"id":93310,"n":"Yaourt bifidus Activia vanille - 12x125g","p":4.24,"u":"2,83 €/KG","img":"https://fd9-photos.leclercdrive.fr/image.ashx?id=2999835&use=l&cat=p&typeid=i","cat":315000},{"id":93401,"n":"Bière blonde pression Heineken Fût de 5L","p":17.87,"u":"3,57 €/L","img":"https://fd9-photos.leclercdrive.fr/image.ashx?id=2646194&use=l&cat=p&typeid=i","cat":334879},{"id":93466,"n":"Crème UHT Elle&Vire Fluide Entière - 30% MG - 2x25cl","p":3.31,"u":"6,62 €/L","img":"https://fd9-photos.leclercdrive.fr/image.ashx?id=3008548&use=l&cat=p&typeid=i","cat":284381},{"id":93467,"n":"Crème UHT Elle&Vire Semi-Ep. Entière - 30% MG - 2x25cl","p":4.26,"u":"17,04 €/L","img":"https://fd9-photos.leclercdrive.fr/image.ashx?id=2827893&use=l&cat=p&typeid=i","cat":284381},{"id":93514,"n":"Frites de poulet Maître Coq 1 kg","p":5.8,"u":"5,80 €/KG","img":"https://fd9-photos.leclercdrive.fr/image.ashx?id=2939478&use=l&cat=p&typeid=i","cat":319780},{"id":93543,"n":"Emincés de jambon Saint-Azay 100g","p":1.93,"u":"19,30 €/KG","img":"https://fd9-photos.leclercdrive.fr/image.ashx?id=2381438&use=l&cat=p&typeid=i","cat":316011},{"id":93600,"n":"Dessert végétal soja Alpro Nature à la coco - 500g","p":1.82,"u":"3,64 €/KG","img":"https://fd9-photos.leclercdrive.fr/image.ashx?id=2976080&use=l&cat=p&typeid=i","cat":316071},{"id":93624,"n":"Papier toilette Mimosa Blanc 3 plis - x12","p":4.61,"u":"0,38 €/P","img":"https://fd9-photos.leclercdrive.fr/image.ashx?id=2811869&use=l&cat=p&typeid=i","cat":284634},{"id":93631,"n":"Graines de tournesol Eco+ 2.5kg","p":3.5,"u":"1,40 €/KG","img":"https://fd9-photos.leclercdrive.fr/image.ashx?id=2162123&use=l&cat=p&typeid=i","cat":284678},{"id":93636,"n":"Fromage RichesMonts Raclette  Caractère 18 Tranches - 420g","p":6.76,"u":"16,10 €/KG","img":"https://fd9-photos.leclercdrive.fr/image.ashx?id=2953812&use=l&cat=p&typeid=i","cat":314037},{"id":93690,"n":"Nems à la Crevette et Crabe Tables du Monde x4 - 280g","p":2.04,"u":"7,29 €/KG","img":"https://fd9-photos.leclercdrive.fr/image.ashx?id=2853898&use=l&cat=p&typeid=i","cat":333673},{"id":93728,"n":"Clémentine à déguster bio Bio Village Sachet 750g","p":2.99,"u":"3,99 €/KG","img":"https://fd9-photos.leclercdrive.fr/image.ashx?id=2801058&use=l&cat=p&typeid=i","cat":284356},{"id":93750,"n":"Ratatouille Cuisinée Cassegrain à la Provençale 380g","p":2.87,"u":"7,55 €/KG","img":"https://fd9-photos.leclercdrive.fr/image.ashx?id=2970831&use=l&cat=p&typeid=i","cat":312612},{"id":93776,"n":"Sauce tomate bio Jardin Bio Provençale - 510g","p":3.07,"u":"6,02 €/KG","img":"https://fd9-photos.leclercdrive.fr/image.ashx?id=2977435&use=l&cat=p&typeid=i","cat":287599},{"id":93792,"n":"Escalope Cordon Bleu Le Gaulois Aux 3 fromages - 200g","p":2.16,"u":"10,80 €/KG","img":"https://fd9-photos.leclercdrive.fr/image.ashx?id=2492650&use=l&cat=p&typeid=i","cat":333683},{"id":93842,"n":"Coton rectangle bébé Eco+ x200","p":3.99,"u":"0,02 €/P","img":"https://fd9-photos.leclercdrive.fr/image.ashx?id=2869760&use=l&cat=p&typeid=i","cat":284739},{"id":93851,"n":"Petit Pois Tendres et Fondants Cassegrain 280g","p":1.87,"u":"6,68 €/KG","img":"https://fd9-photos.leclercdrive.fr/image.ashx?id=2955318&use=l&cat=p&typeid=i","cat":312607},{"id":93854,"n":"Aubergines Cuisinées Cassegrain à la Provençale 375g","p":3.01,"u":"8,03 €/KG","img":"https://fd9-photos.leclercdrive.fr/image.ashx?id=2962086&use=l&cat=p&typeid=i","cat":312612},{"id":93936,"n":"Filets de poulet Eco+ Blanc - 1kg","p":9.49,"u":"9,49 €/KG","img":"https://fd9-photos.leclercdrive.fr/image.ashx?id=1931415&use=l&cat=p&typeid=i","cat":284336},{"id":94052,"n":"Haricot Vert Cassegrain Extra Fin Ceuillis main 220g","p":2.03,"u":"9,23 €/KG","img":"https://fd9-photos.leclercdrive.fr/image.ashx?id=2955321&use=l&cat=p&typeid=i","cat":312606},{"id":94157,"n":"Madeleine moelleuse St-Michel 800g","p":4.5,"u":"5,63 €/KG","img":"https://fd9-photos.leclercdrive.fr/image.ashx?id=2936230&use=l&cat=p&typeid=i","cat":284492},{"id":94164,"n":"Fromage Crèmeux Saint Albray  200g","p":2.79,"u":"13,95 €/KG","img":"https://fd9-photos.leclercdrive.fr/image.ashx?id=2731825&use=l&cat=p&typeid=i","cat":329558},{"id":94180,"n":"Croquettes chat Ultima Stérilisé sensible - 3kg","p":14.73,"u":"4,91 €/KG","img":"https://fd9-photos.leclercdrive.fr/image.ashx?id=2906580&use=l&cat=p&typeid=i","cat":284680},{"id":94189,"n":"Sachet chat sénior Perfect Fit dinde poisson sauce - 4x85g","p":3.17,"u":"9,32 €/KG","img":"https://fd9-photos.leclercdrive.fr/image.ashx?id=2759730&use=l&cat=p&typeid=i","cat":285286},{"id":94309,"n":"Croquettes chat stérilisé D’intérieur Ultima - 3kg","p":14.73,"u":"4,91 €/KG","img":"https://fd9-photos.leclercdrive.fr/image.ashx?id=2922230&use=l&cat=p&typeid=i","cat":284680},{"id":94383,"n":"Désodorisant Air Wick Fleur de lotus Relaxant - 250ml","p":3.25,"u":"13,00 €/L","img":"https://fd9-photos.leclercdrive.fr/image.ashx?id=2971930&use=l&cat=p&typeid=i","cat":311626},{"id":94654,"n":"Yaourt bifidus Activia Vanille - 16x125g","p":5.39,"u":"2,70 €/KG","img":"https://fd9-photos.leclercdrive.fr/image.ashx?id=2741775&use=l&cat=p&typeid=i","cat":315000},{"id":94801,"n":"Oeufs frais De Nos Régions Élevées au Sol - x12","p":2.71,"u":"0,23 €/P","img":"https://fd9-photos.leclercdrive.fr/image.ashx?id=2969833&use=l&cat=p&typeid=i","cat":284378},{"id":94856,"n":"Oeufs frais plein air Oméga 3 - x20","p":4.55,"u":"0,23 €/P","img":"https://fd9-photos.leclercdrive.fr/image.ashx?id=2969979&use=l&cat=p&typeid=i","cat":284378},{"id":94859,"n":"Yaourt à la grecque YAOS  Stracciatella - 4x125g","p":2.47,"u":"4,94 €/KG","img":"https://fd9-photos.leclercdrive.fr/image.ashx?id=2679506&use=l&cat=p&typeid=i","cat":314999},{"id":94860,"n":"Oeufs frais De Nos Régions Élevées au sol - x6","p":1.49,"u":"0,25 €/P","img":"https://fd9-photos.leclercdrive.fr/image.ashx?id=2969821&use=l&cat=p&typeid=i","cat":284378},{"id":94912,"n":"AOC Cremant Bourgogne Brut Reserve Louis Bouillot - 75cl","p":7.31,"u":"9,75 €/L","img":"https://fd9-photos.leclercdrive.fr/image.ashx?id=2857066&use=l&cat=p&typeid=i","cat":284544},{"id":94916,"n":"Matière grasse St Hubert Omega 3 - 52% MG - 750g","p":4.88,"u":"6,51 €/KG","img":"https://fd9-photos.leclercdrive.fr/image.ashx?id=2734078&use=l&cat=p&typeid=i","cat":315229},{"id":94922,"n":"Plat à coquilles Alfapac A coquilles Saint-Jacques - x6","p":1.0,"u":"0,17 €/P","img":"https://fd9-photos.leclercdrive.fr/image.ashx?id=2655376&use=l&cat=p&typeid=i","cat":334134},{"id":95077,"n":"Gel anti-calcaire Calgon  Hygiène Plus - 750ml","p":4.97,"u":"6,63 €/L","img":"https://fd9-photos.leclercdrive.fr/image.ashx?id=2953767&use=l&cat=p&typeid=i","cat":284653},{"id":95112,"n":"Bière Cervoise des Ancêtres BlondeTriple - 8.5% vol. - 75cl","p":4.52,"u":"6,03 €/L","img":"https://fd9-photos.leclercdrive.fr/image.ashx?id=2021244&use=l&cat=p&typeid=i","cat":334872},{"id":95507,"n":"Risotto au Poulet & Cèpes Fleury Michon 2+1offert - 840g","p":5.53,"u":"6,58 €/KG","img":"https://fd9-photos.leclercdrive.fr/image.ashx?id=2246818&use=l&cat=p&typeid=i","cat":333665},{"id":95524,"n":"Essuie-tout bobine Mimosa 500 feuilles","p":3.69,"img":"https://fd9-photos.leclercdrive.fr/image.ashx?id=1523297&use=l&cat=p&typeid=i","cat":284635},{"id":95534,"n":"Saumon fumé Ronde des Mers Ecosse x4T - 140g","p":4.99,"u":"35,64 €/KG","img":"https://fd9-photos.leclercdrive.fr/image.ashx?id=2822750&use=l&cat=p&typeid=i","cat":285188},{"id":95535,"n":"Saumon fumé ASC Ronde des Mers Norvège x4T - 140g","p":4.99,"u":"35,64 €/KG","img":"https://fd9-photos.leclercdrive.fr/image.ashx?id=2832999&use=l&cat=p&typeid=i","cat":285188},{"id":95548,"n":"Rillettes de sardine 140g","p":1.77,"u":"12,64 €/KG","img":"https://fd9-photos.leclercdrive.fr/image.ashx?id=2981885&use=l&cat=p&typeid=i","cat":285191},{"id":95563,"n":"Crème Fleurette entière Yoplait 30%mg - 38cl","p":2.09,"img":"https://fd9-photos.leclercdrive.fr/image.ashx?id=2733658&use=l&cat=p&typeid=i","cat":284381},{"id":95564,"n":"Crème fraîche légère Yoplait Fleurette 15% mg - 38cl","p":1.89,"u":"4,97 €/L","img":"https://fd9-photos.leclercdrive.fr/image.ashx?id=2733664&use=l&cat=p&typeid=i","cat":284381},{"id":95623,"n":"AOP Champagne Brut Demoiselle Vranken - 75cl","p":26.08,"u":"34,77 €/L","img":"https://fd9-photos.leclercdrive.fr/image.ashx?id=2203988&use=l&cat=p&typeid=i","cat":284542},{"id":95665,"n":"Saucisses au Beaufort Socopa Façon charcutière - 4x80g","p":3.65,"u":"11,41 €/KG","img":"https://fd9-photos.leclercdrive.fr/image.ashx?id=2263673&use=l&cat=p&typeid=i","cat":284334},{"id":95815,"n":"Dessert végétal soja alpro Vanille - 500g","p":1.8,"u":"3,60 €/KG","img":"https://fd9-photos.leclercdrive.fr/image.ashx?id=2977672&use=l&cat=p&typeid=i","cat":316071},{"id":95817,"n":"Dessert végétal soja alpro Nature à l'amande - 500g","p":1.82,"u":"3,64 €/KG","img":"https://fd9-photos.leclercdrive.fr/image.ashx?id=2977684&use=l&cat=p&typeid=i","cat":316071},{"id":95819,"n":"Dessert végétal soja alpro Nature à l'avoine - 500g","p":1.82,"u":"3,64 €/KG","img":"https://fd9-photos.leclercdrive.fr/image.ashx?id=2976083&use=l&cat=p&typeid=i","cat":316071},{"id":95945,"n":"Pommes bicolores Panier du Primeur Barquette x6","p":2.49,"u":"0,42 €/P","img":"https://fd9-photos.leclercdrive.fr/image.ashx?id=2553920&use=l&cat=p&typeid=i","cat":284356},{"id":95947,"n":"Pommes jaunes Panier du Primeur x6","p":2.49,"u":"0,42 €/P","img":"https://fd9-photos.leclercdrive.fr/image.ashx?id=2338700&use=l&cat=p&typeid=i","cat":284356},{"id":95973,"n":"Eau minérale naturelle Evian  6x1,5l","p":3.48,"u":"0,39 €/L","img":"https://fd9-photos.leclercdrive.fr/image.ashx?id=2967717&use=l&cat=p&typeid=i","cat":284535},{"id":95974,"n":"Bière blonde Bud 5% - 12x25cl","p":8.0,"u":"2,67 €/L","img":"https://fd9-photos.leclercdrive.fr/image.ashx?id=2995406&use=l&cat=p&typeid=i","cat":334873},{"id":95975,"n":"Liquide vaisselle Visior Pomme poire - 750ml","p":1.19,"u":"1,59 €/L","img":"https://fd9-photos.leclercdrive.fr/image.ashx?id=2872718&use=l&cat=p&typeid=i","cat":284655},{"id":95976,"n":"Liquide vaisselle Visior Fruit rouge & Fleur - 750ml","p":1.19,"u":"1,59 €/L","img":"https://fd9-photos.leclercdrive.fr/image.ashx?id=2724586&use=l&cat=p&typeid=i","cat":284655},{"id":95977,"n":"Liquide vaisselle Visior Amande Calendula - 750ml","p":1.26,"u":"1,68 €/L","img":"https://fd9-photos.leclercdrive.fr/image.ashx?id=2872721&use=l&cat=p&typeid=i","cat":284655},{"id":95978,"n":"Liquide vaisselle Visior Pamplemousse vinaigre - 750ml","p":1.3,"u":"1,73 €/L","img":"https://fd9-photos.leclercdrive.fr/image.ashx?id=2898859&use=l&cat=p&typeid=i","cat":284655},{"id":95979,"n":"Gel douche Manava Orchidée Camélia - 250ml","p":1.15,"u":"4,60 €/L","img":"https://fd9-photos.leclercdrive.fr/image.ashx?id=2805033&use=l&cat=p&typeid=i","cat":284594},{"id":96057,"n":"Café grains Méo Espresso - 1kg","p":16.5,"u":"16,50 €/KG","img":"https://fd9-photos.leclercdrive.fr/image.ashx?id=2593977&use=l&cat=p&typeid=i","cat":293237},{"id":96089,"n":"Gel douche Manava Citron basilic - 250ml","p":1.15,"u":"4,60 €/L","img":"https://fd9-photos.leclercdrive.fr/image.ashx?id=2626823&use=l&cat=p&typeid=i","cat":284594},{"id":96091,"n":"Gel douche Manava Concombre aloe vera - 250ml","p":1.18,"u":"4,72 €/L","img":"https://fd9-photos.leclercdrive.fr/image.ashx?id=2626826&use=l&cat=p&typeid=i","cat":284594},{"id":96094,"n":"Gel douche Manava Mangue Acai - 250ml","p":1.15,"u":"4,60 €/L","img":"https://fd9-photos.leclercdrive.fr/image.ashx?id=2805036&use=l&cat=p&typeid=i","cat":284594},{"id":96095,"n":"Gel douche Manava Envolée de pétales - 250ml","p":1.15,"u":"4,60 €/L","img":"https://fd9-photos.leclercdrive.fr/image.ashx?id=1980232&use=l&cat=p&typeid=i","cat":284594},{"id":96096,"n":"Gel douche Manava Crumble fruits rouges - 250ml","p":1.29,"u":"5,16 €/L","img":"https://fd9-photos.leclercdrive.fr/image.ashx?id=2486464&use=l&cat=p&typeid=i","cat":284594},{"id":96097,"n":"Gel douche Manava Noisettes caramel - 250ml","p":1.3,"u":"5,20 €/L","img":"https://fd9-photos.leclercdrive.fr/image.ashx?id=2805039&use=l&cat=p&typeid=i","cat":284594},{"id":96289,"n":"Biscuit apéritif ancel Sticks Bretzels Original - 300g","p":1.8,"u":"6,00 €/KG","img":"https://fd9-photos.leclercdrive.fr/image.ashx?id=2841196&use=l&cat=p&typeid=i","cat":297000},{"id":96563,"n":"Soufflés Monster Munch Barbecue - 2x100g","p":2.35,"u":"11,75 €/KG","img":"https://fd9-photos.leclercdrive.fr/image.ashx?id=2918787&use=l&cat=p&typeid=i","cat":284449},{"id":96566,"n":"Soufflés Monster Munch Ketchup - 2x100g","p":2.35,"u":"11,75 €/KG","img":"https://fd9-photos.leclercdrive.fr/image.ashx?id=2918790&use=l&cat=p&typeid=i","cat":284449},{"id":96770,"n":"Eau minérale gazeuse Quézac  6x50cl","p":2.46,"u":"0,82 €/L","img":"https://fd9-photos.leclercdrive.fr/image.ashx?id=2884618&use=l&cat=p&typeid=i","cat":284536},{"id":96777,"n":"Crème mains Inell Hydratante - 100ml","p":1.35,"u":"13,50 €/L","img":"https://fd9-photos.leclercdrive.fr/image.ashx?id=2515688&use=l&cat=p&typeid=i","cat":325354},{"id":96935,"n":"Saumon fumé Ronde des Mers Ecosse x2T - 75g","p":3.99,"u":"53,20 €/KG","img":"https://fd9-photos.leclercdrive.fr/image.ashx?id=2823093&use=l&cat=p&typeid=i","cat":285188},{"id":96937,"n":"Saumon fumé Eco+ Norvège - 200g","p":4.65,"u":"23,25 €/KG","img":"https://fd9-photos.leclercdrive.fr/image.ashx?id=2794823&use=l&cat=p&typeid=i","cat":285188},{"id":96959,"n":"Pains au chocolat Epi d'Or x6 - 450g","p":2.95,"u":"6,56 €/KG","img":"https://fd9-photos.leclercdrive.fr/image.ashx?id=1983598&use=l&cat=p&typeid=i","cat":284267},{"id":96964,"n":"Merguez Eco+ x6 - 330g","p":3.01,"u":"9,12 €/KG","img":"https://fd9-photos.leclercdrive.fr/image.ashx?id=2580502&use=l&cat=p&typeid=i","cat":284334},{"id":96966,"n":"Chipolatas Eco+ x6 - 330g","p":2.5,"u":"7,58 €/KG","img":"https://fd9-photos.leclercdrive.fr/image.ashx?id=2580499&use=l&cat=p&typeid=i","cat":284334},{"id":96970,"n":"Feuilletés Epinards Chèvre Côté Table - 2x150g","p":3.09,"u":"10,30 €/KG","img":"https://fd9-photos.leclercdrive.fr/image.ashx?id=2846523&use=l&cat=p&typeid=i","cat":333671},{"id":97033,"n":"Gel Bain douche Manava Fleur de cerisier - 500ml","p":1.88,"u":"3,76 €/L","img":"https://fd9-photos.leclercdrive.fr/image.ashx?id=2618356&use=l&cat=p&typeid=i","cat":284594},{"id":97045,"n":"Thon entier Petit Navire Au naturel - 2x93g","p":3.18,"u":"17,10 €/KG","img":"https://fd9-photos.leclercdrive.fr/image.ashx?id=2961837&use=l&cat=p&typeid=i","cat":303867},{"id":97060,"n":"Tagada Haribo Sachet bonbons - 400g","p":1.7,"u":"4,25 €/KG","img":"https://fd9-photos.leclercdrive.fr/image.ashx?id=2801854&use=l&cat=p&typeid=i","cat":304250},{"id":97124,"n":"Manchons de poulet Eco+ 250g","p":2.03,"u":"8,12 €/KG","img":"https://fd9-photos.leclercdrive.fr/image.ashx?id=2742676&use=l&cat=p&typeid=i","cat":333685},{"id":97130,"n":"Manchons de poulet Eco+ Mexicains - 250g","p":2.01,"u":"8,04 €/KG","img":"https://fd9-photos.leclercdrive.fr/image.ashx?id=2903929&use=l&cat=p&typeid=i","cat":333685},{"id":97667,"n":"Thé russian Twinings Earl grey x20 - 30g","p":2.56,"u":"85,33 €/KG","img":"https://fd9-photos.leclercdrive.fr/image.ashx?id=2878306&use=l&cat=p&typeid=i","cat":293233},{"id":97671,"n":"Thé russian Earl Grey Twinings 150g","p":6.53,"u":"43,53 €/KG","img":"https://fd9-photos.leclercdrive.fr/image.ashx?id=2950729&use=l&cat=p&typeid=i","cat":293233},{"id":97832,"n":"Foie gras canard IGP Sud-Ouest Nos Régions ont du Talent 80g","p":7.99,"u":"99,88 €/KG","img":"https://fd9-photos.leclercdrive.fr/image.ashx?id=2743888&use=l&cat=p&typeid=i","cat":316008},{"id":98098,"n":"Liquide vaisselle Visior Antiodeur - 500ml","p":0.72,"u":"1,44 €/L","img":"https://fd9-photos.leclercdrive.fr/image.ashx?id=2951122&use=l&cat=p&typeid=i","cat":284655},{"id":98103,"n":"Chèvres chauds Soignon x8 - 200g","p":4.38,"u":"21,90 €/KG","img":"https://fd9-photos.leclercdrive.fr/image.ashx?id=2680710&use=l&cat=p&typeid=i","cat":314027},{"id":98251,"n":"Liquide Vaisselle Brillance  VISIOR - 500ml","p":0.74,"u":"1,48 €/L","img":"https://fd9-photos.leclercdrive.fr/image.ashx?id=2951125&use=l&cat=p&typeid=i","cat":284655},{"id":98252,"n":"Liquide vaisselle Visior Antibactérien - 500ml","p":0.72,"u":"1,44 €/L","img":"https://fd9-photos.leclercdrive.fr/image.ashx?id=2951131&use=l&cat=p&typeid=i","cat":284655},{"id":98253,"n":"Liquide vaisselle Visior Désincrustant sel - 500ml","p":0.73,"u":"1,46 €/L","img":"https://fd9-photos.leclercdrive.fr/image.ashx?id=2951128&use=l&cat=p&typeid=i","cat":284655},{"id":98399,"n":"Brosse à dent électrique Oral B Vitality 100 Cross action noir","p":21.52,"img":"https://fd9-photos.leclercdrive.fr/image.ashx?id=2637592&use=l&cat=p&typeid=i","cat":297133},{"id":98417,"n":"Liquide vaisselle floral Visior 500ml","p":0.64,"u":"1,28 €/L","img":"https://fd9-photos.leclercdrive.fr/image.ashx?id=2951134&use=l&cat=p&typeid=i","cat":284655},{"id":98431,"n":"Lamelles de kebab France Kebab Poulet dinde - 750g","p":9.15,"u":"12,20 €/KG","img":"https://fd9-photos.leclercdrive.fr/image.ashx?id=2231876&use=l&cat=p&typeid=i","cat":null},{"id":98437,"n":"Chorizo fort Eco+ 250g","p":1.63,"u":"6,52 €/KG","img":"https://fd9-photos.leclercdrive.fr/image.ashx?id=2694079&use=l&cat=p&typeid=i","cat":316006},{"id":98438,"n":"Kiwis Bio Bio Village x6","p":3.49,"u":"0,58 €/P","img":"https://fd9-photos.leclercdrive.fr/image.ashx?id=2556443&use=l&cat=p&typeid=i","cat":284356},{"id":98443,"n":"Soda Coca-Cola Original Bouteille - Pack 6x1L","p":10.2,"u":"1,70 €/L","img":"https://fd9-photos.leclercdrive.fr/image.ashx?id=2830897&use=l&cat=p&typeid=i","cat":284530},{"id":98469,"n":"Raclette Richesmonts Duo Nature herbes provence-420g","p":5.88,"u":"14,00 €/KG","img":"https://fd9-photos.leclercdrive.fr/image.ashx?id=2953821&use=l&cat=p&typeid=i","cat":314037},{"id":98499,"n":"Saumon fumé Petit Navire Ecosse - 4 tranches - 120g","p":6.71,"u":"55,92 €/KG","img":"https://fd9-photos.leclercdrive.fr/image.ashx?id=2950474&use=l&cat=p&typeid=i","cat":285188},{"id":98620,"n":"Roulé Ail/fines herbes Rians 28% mg - 200g","p":3.89,"u":"19,45 €/KG","img":"https://fd9-photos.leclercdrive.fr/image.ashx?id=2477259&use=l&cat=p&typeid=i","cat":314029},{"id":98703,"n":"Diffuseur Sense & Spray Glade Sea Minerals Magnolia","p":7.52,"u":"Dont 0,02 € d'éco-part.","img":"https://fd9-photos.leclercdrive.fr/image.ashx?id=1649337&use=l&cat=p&typeid=i","cat":311629},{"id":98717,"n":"Crème Fraîche Elle&Vire Fleurette Entière -31% MG- 33cl","p":2.16,"u":"6,55 €/L","img":"https://fd9-photos.leclercdrive.fr/image.ashx?id=2992095&use=l&cat=p&typeid=i","cat":284381},{"id":98746,"n":"Mousse Maronsui's La Laitière Crème de marrons - 4x68,8g","p":1.76,"u":"6,40 €/KG","img":"https://fd9-photos.leclercdrive.fr/image.ashx?id=2729755&use=l&cat=p&typeid=i","cat":284417},{"id":98807,"n":"Purée fruit bébé Blédina 6 mois Pomme cerise vanille - 4x100g","p":1.58,"u":"3,95 €/KG","img":"https://fd9-photos.leclercdrive.fr/image.ashx?id=2983024&use=l&cat=p&typeid=i","cat":312388},{"id":98813,"n":"Dentifrice Parodontax Soin blancheur - 75ml","p":3.62,"u":"48,27 €/L","img":"https://fd9-photos.leclercdrive.fr/image.ashx?id=2606391&use=l&cat=p&typeid=i","cat":284612},{"id":98814,"n":"Dentifrice Parodontax Soin quotidien - 75ml","p":3.62,"u":"48,27 €/L","img":"https://fd9-photos.leclercdrive.fr/image.ashx?id=2606394&use=l&cat=p&typeid=i","cat":284612},{"id":98822,"n":"Purée fruit bébé Blédina 6 mois Pomme kiwi ananas - 4x100g","p":1.77,"u":"4,43 €/KG","img":"https://fd9-photos.leclercdrive.fr/image.ashx?id=2983030&use=l&cat=p&typeid=i","cat":312388},{"id":98828,"n":"Purée fruit bébé Blédina 6 mois Pomme poire mandarine - 4x100g","p":1.59,"u":"3,98 €/KG","img":"https://fd9-photos.leclercdrive.fr/image.ashx?id=2983033&use=l&cat=p&typeid=i","cat":312388},{"id":98831,"n":"Purée fruit bébé Blédina 6 mois Harmonie de fruits - 4x100g","p":1.78,"u":"4,45 €/KG","img":"https://fd9-photos.leclercdrive.fr/image.ashx?id=2983036&use=l&cat=p&typeid=i","cat":312388},{"id":98834,"n":"Purée fruit bébé Blédina 6 mois Pomme mangue passion - 4x100g","p":1.75,"u":"4,38 €/KG","img":"https://fd9-photos.leclercdrive.fr/image.ashx?id=2983039&use=l&cat=p&typeid=i","cat":312388},{"id":98837,"n":"Purée fruit bébé Blédina 6 mois Pomme fraises banane - 4x100g","p":1.87,"u":"4,68 €/KG","img":"https://fd9-photos.leclercdrive.fr/image.ashx?id=2983048&use=l&cat=p&typeid=i","cat":312388},{"id":98875,"n":"Thé glacé Fuze Tea  Pêche Hibiscus - 1,25L","p":1.65,"u":"1,32 €/L","img":"https://fd9-photos.leclercdrive.fr/image.ashx?id=2940393&use=l&cat=p&typeid=i","cat":295019},{"id":98933,"n":"AOP Ecrasé de pdt Florette Beurre - 2x200g","p":2.99,"u":"7,48 €/KG","img":"https://fd9-photos.leclercdrive.fr/image.ashx?id=2767699&use=l&cat=p&typeid=i","cat":333665},{"id":98942,"n":"Crème fouettée allégée Isigny 20%mg - 250g","p":2.59,"u":"10,36 €/KG","img":"https://fd9-photos.leclercdrive.fr/image.ashx?id=2962563&use=l&cat=p&typeid=i","cat":284382},{"id":99064,"n":"Pizza 4 fromages  550g","p":6.25,"u":"11,36 €/KG","img":"https://fd9-photos.leclercdrive.fr/image.ashx?id=2802788&use=l&cat=p&typeid=i","cat":333679},{"id":99216,"n":"Beurre Elle&Vire Condé sur Vire Doux - 82% MG - 250g","p":2.96,"u":"11,84 €/KG","img":"https://fd9-photos.leclercdrive.fr/image.ashx?id=2811131&use=l&cat=p&typeid=i","cat":284379},{"id":99248,"n":"Bouillon Kub Or Maggi 32 cubes - 128g","p":1.21,"u":"9,45 €/KG","img":"https://fd9-photos.leclercdrive.fr/image.ashx?id=2692737&use=l&cat=p&typeid=i","cat":288379},{"id":99489,"n":"Lingettes Pampers Sensitive x80","p":3.03,"u":"0,04 €/P","img":"https://fd9-photos.leclercdrive.fr/image.ashx?id=2956664&use=l&cat=p&typeid=i","cat":284738},{"id":99547,"n":"Haricots rouge Bio Village Bio - 205g","p":2.3,"u":"11,22 €/KG","img":"https://fd9-photos.leclercdrive.fr/image.ashx?id=3002686&use=l&cat=p&typeid=i","cat":312606},{"id":99562,"n":"Haricots verts Eco  Très fins - 440g","p":1.02,"u":"2,32 €/KG","img":"https://fd9-photos.leclercdrive.fr/image.ashx?id=3003723&use=l&cat=p&typeid=i","cat":312606},{"id":99570,"n":"Ratatouille Eco+ 750g","p":1.08,"u":"1,44 €/KG","img":"https://fd9-photos.leclercdrive.fr/image.ashx?id=2703446&use=l&cat=p&typeid=i","cat":312612},{"id":99574,"n":"Poêlée savoyarde  900g","p":4.04,"u":"4,49 €/KG","img":"https://fd9-photos.leclercdrive.fr/image.ashx?id=2478931&use=l&cat=p&typeid=i","cat":319823},{"id":99850,"n":"Mouliné légumes La Potagère De nos campagne - Bio - 2x30cl","p":3.08,"u":"5,13 €/L","img":"https://fd9-photos.leclercdrive.fr/image.ashx?id=2927402&use=l&cat=p&typeid=i","cat":284462},{"id":99851,"n":"Velouté légumes La Potagère De nos campagne - Bio - 2x30cl","p":2.73,"u":"4,55 €/L","img":"https://fd9-photos.leclercdrive.fr/image.ashx?id=2927405&use=l&cat=p&typeid=i","cat":284462},{"id":99922,"n":"Lait de douche Manava Framboise - 250ml","p":0.94,"u":"3,76 €/L","img":"https://fd9-photos.leclercdrive.fr/image.ashx?id=2618353&use=l&cat=p&typeid=i","cat":284594},{"id":99926,"n":"Glace minicup Haagen-Dazs Favorite Selection x4 - 318g","p":4.61,"u":"14,50 €/KG","img":"https://fd9-photos.leclercdrive.fr/image.ashx?id=2893495&use=l&cat=p&typeid=i","cat":284725},{"id":100017,"n":"Pain de mie Jacquet Maxi sans sucres ajoutés - 550g","p":1.54,"u":"2,80 €/KG","img":"https://fd9-photos.leclercdrive.fr/image.ashx?id=2935705&use=l&cat=p&typeid=i","cat":284477},{"id":100034,"n":"Minicup Haagen-Dazs Macadamia Nut brittle x4 - 324g","p":4.61,"u":"14,23 €/KG","img":"https://fd9-photos.leclercdrive.fr/image.ashx?id=2893492&use=l&cat=p&typeid=i","cat":284725},{"id":100250,"n":"Yaourt nature sucré Kit-Kat Billes chocolat - 4x115g","p":2.92,"u":"6,35 €/KG","img":"https://fd9-photos.leclercdrive.fr/image.ashx?id=2875954&use=l&cat=p&typeid=i","cat":284414},{"id":100334,"n":"Gel bain douche Manava Coton macadamia - 500ml","p":1.88,"u":"3,76 €/L","img":"https://fd9-photos.leclercdrive.fr/image.ashx?id=1644734&use=l&cat=p&typeid=i","cat":284594},{"id":100604,"n":"Pur jus Bio Village Pomme mangue Bio - 1L","p":3.75,"u":"3,75 €/L","img":"https://fd9-photos.leclercdrive.fr/image.ashx?id=2901551&use=l&cat=p&typeid=i","cat":284917},{"id":100673,"n":"Soda Coca-Cola sans sucres Bouteilles - 6x1L","p":7.87,"u":"1,31 €/L","img":"https://fd9-photos.leclercdrive.fr/image.ashx?id=2178352&use=l&cat=p&typeid=i","cat":284530},{"id":100792,"n":"Wraps Old El Paso de blé complet x6 - 350g","p":2.88,"u":"8,23 €/KG","img":"https://fd9-photos.leclercdrive.fr/image.ashx?id=2940573&use=l&cat=p&typeid=i","cat":288993},{"id":100979,"n":"Chocolat au lait Lindt Création Le Rocher lait - 150g","p":3.15,"u":"21,00 €/KG","img":"https://fd9-photos.leclercdrive.fr/image.ashx?id=2685805&use=l&cat=p&typeid=i","cat":284497},{"id":100981,"n":"Courgettes Cuisinées Cassegrain à la Provençale 375g","p":3.03,"u":"8,08 €/KG","img":"https://fd9-photos.leclercdrive.fr/image.ashx?id=2977951&use=l&cat=p&typeid=i","cat":312612},{"id":101050,"n":"Croquette chat stérilisé Ultima  Nature - Saumon - 1.25kg","p":6.99,"u":"5,59 €/KG","img":"https://fd9-photos.leclercdrive.fr/image.ashx?id=2569962&use=l&cat=p&typeid=i","cat":284680},{"id":101056,"n":"Adoucissant concentré Hyperdou Rosée du matin - 750ml","p":1.99,"u":"2,65 €/L","img":"https://fd9-photos.leclercdrive.fr/image.ashx?id=2602910&use=l&cat=p&typeid=i","cat":284650},{"id":101058,"n":"Adoucissant concentré Hyperdou Passion tropicale - 750ml","p":1.99,"u":"2,65 €/L","img":"https://fd9-photos.leclercdrive.fr/image.ashx?id=2683565&use=l&cat=p&typeid=i","cat":284650},{"id":101059,"n":"Adoucissant concentré Hyperdou Couché soleil - 750ml","p":1.99,"u":"2,65 €/L","img":"https://fd9-photos.leclercdrive.fr/image.ashx?id=2602943&use=l&cat=p&typeid=i","cat":284650},{"id":101070,"n":"Feuilleté Jambon Fromage Qualité Traiteur x6 - 600g","p":10.56,"u":"17,60 €/KG","img":"https://fd9-photos.leclercdrive.fr/image.ashx?id=2791485&use=l&cat=p&typeid=i","cat":333671},{"id":101071,"n":"Feuilleté au Chèvre  Sainte Maure x6 - 600g","p":11.19,"u":"18,65 €/KG","img":"https://fd9-photos.leclercdrive.fr/image.ashx?id=2790609&use=l&cat=p&typeid=i","cat":333671},{"id":101072,"n":"Feuilleté à la provençale Qualité Traiteur x6 - 600g","p":10.7,"u":"17,83 €/KG","img":"https://fd9-photos.leclercdrive.fr/image.ashx?id=2791488&use=l&cat=p&typeid=i","cat":333671},{"id":101115,"n":"Céréales Trésor de Kellogg's Chocolat au Lait - 410g","p":3.04,"u":"7,41 €/KG","img":"https://fd9-photos.leclercdrive.fr/image.ashx?id=2584241&use=l&cat=p&typeid=i","cat":309513},{"id":101132,"n":"Gel douche Bio N.A.E Rafraîchissant - 200ml","p":3.48,"u":"17,40 €/L","img":"https://fd9-photos.leclercdrive.fr/image.ashx?id=1882106&use=l&cat=p&typeid=i","cat":284594},{"id":101231,"n":"Le Gourmand Garden Gourmet Soja, Poivre et Persil 160g","p":2.57,"u":"16,06 €/KG","img":"https://fd9-photos.leclercdrive.fr/image.ashx?id=2988683&use=l&cat=p&typeid=i","cat":316036},{"id":101264,"n":"Jus d'orange sanguine Andros 1L","p":3.84,"u":"3,84 €/L","img":"https://fd9-photos.leclercdrive.fr/image.ashx?id=2882635&use=l&cat=p&typeid=i","cat":285435},{"id":101288,"n":"Mousse végétal Andros Chocolat - 4x55g","p":3.02,"u":"13,73 €/KG","img":"https://fd9-photos.leclercdrive.fr/image.ashx?id=2963433&use=l&cat=p&typeid=i","cat":316071},{"id":101290,"n":"Compotée Bonne Maman Fraise/Famboise/Sureau - 260g","p":2.58,"u":"9,92 €/KG","img":"https://fd9-photos.leclercdrive.fr/image.ashx?id=2874033&use=l&cat=p&typeid=i","cat":284416},{"id":101303,"n":"Semoule raisins rhum Bonne Maman - 4x100g","p":2.16,"u":"5,40 €/KG","img":"https://fd9-photos.leclercdrive.fr/image.ashx?id=2924269&use=l&cat=p&typeid=i","cat":284418},{"id":101320,"n":"Fromage de Chèvre Saint Loup  Bûche Cendrée - 180g","p":2.86,"u":"15,89 €/KG","img":"https://fd9-photos.leclercdrive.fr/image.ashx?id=2812762&use=l&cat=p&typeid=i","cat":314031},{"id":101327,"n":"Yaourt à boire actimel nature 0%mg - 12x100g","p":4.85,"u":"4,04 €/KG","img":"https://fd9-photos.leclercdrive.fr/image.ashx?id=2996479&use=l&cat=p&typeid=i","cat":284415},{"id":101348,"n":"Barres Chocolatées KINDER BUENO  Chocolat au Lait x12 - 516g","p":8.35,"u":"16,18 €/KG","img":"https://fd9-photos.leclercdrive.fr/image.ashx?id=2402946&use=l&cat=p&typeid=i","cat":284498},{"id":101349,"n":"Crème dessert Danette Vanille - 6x125g","p":1.97,"u":"2,63 €/KG","img":"https://fd9-photos.leclercdrive.fr/image.ashx?id=2923498&use=l&cat=p&typeid=i","cat":285041},{"id":101350,"n":"liégeois vanille danette - 4x100g","p":1.48,"u":"3,70 €/KG","img":"https://fd9-photos.leclercdrive.fr/image.ashx?id=2907848&use=l&cat=p&typeid=i","cat":285042},{"id":101352,"n":"Crème dessert Danette  Chocolat - 6x125g","p":1.9,"u":"2,53 €/KG","img":"https://fd9-photos.leclercdrive.fr/image.ashx?id=2915395&use=l&cat=p&typeid=i","cat":285041},{"id":101456,"n":"Barres Chocolatées KINDER Maxi Chocolat au Lait x18 - 378g","p":5.39,"u":"14,26 €/KG","img":"https://fd9-photos.leclercdrive.fr/image.ashx?id=2673854&use=l&cat=p&typeid=i","cat":284498},{"id":101461,"n":"Pâtes Collezione Barilla Fusilli Bucati Corti - 500g","p":1.54,"u":"3,08 €/KG","img":"https://fd9-photos.leclercdrive.fr/image.ashx?id=2991003&use=l&cat=p&typeid=i","cat":284427},{"id":101473,"n":"Petit Pois, Carotte Cassegrain Tendre et Fondant 265g","p":1.85,"u":"6,98 €/KG","img":"https://fd9-photos.leclercdrive.fr/image.ashx?id=2951692&use=l&cat=p&typeid=i","cat":312607},{"id":101480,"n":"Filets de thon Saupiquet Au citron - 115g","p":2.38,"u":"20,70 €/KG","img":"https://fd9-photos.leclercdrive.fr/image.ashx?id=2846370&use=l&cat=p&typeid=i","cat":303867},{"id":101483,"n":"Tablette chocolat Côte d'Or Chocolat noir 70% - 100g","p":1.82,"u":"18,20 €/KG","img":"https://fd9-photos.leclercdrive.fr/image.ashx?id=2985591&use=l&cat=p&typeid=i","cat":284956},{"id":101502,"n":"Crème dessert Danette Vanille - 4x125g","p":1.51,"u":"3,02 €/KG","img":"https://fd9-photos.leclercdrive.fr/image.ashx?id=2029487&use=l&cat=p&typeid=i","cat":285041},{"id":101580,"n":"Banane Bio Max Havelaar  Bio Village x5","p":1.99,"u":"0,40 €/P","img":"https://fd9-photos.leclercdrive.fr/image.ashx?id=2323988&use=l&cat=p&typeid=i","cat":284356},{"id":101620,"n":"Matière grasse Rustica Omega 3 50%MG -Doux -250G","p":0.99,"u":"3,96 €/KG","img":"https://fd9-photos.leclercdrive.fr/image.ashx?id=2904583&use=l&cat=p&typeid=i","cat":315229},{"id":101692,"n":"Crème dessert Danette Vanille caramel - 4x125g","p":1.71,"u":"3,42 €/KG","img":"https://fd9-photos.leclercdrive.fr/image.ashx?id=2928408&use=l&cat=p&typeid=i","cat":285041},{"id":101695,"n":"crème dessert chocolat danette - 8x125g","p":2.89,"u":"2,89 €/KG","img":"https://fd9-photos.leclercdrive.fr/image.ashx?id=2949841&use=l&cat=p&typeid=i","cat":285041},{"id":101696,"n":"crème dessert caramel danette - 4x125g","p":1.55,"u":"3,10 €/KG","img":"https://fd9-photos.leclercdrive.fr/image.ashx?id=2926236&use=l&cat=p&typeid=i","cat":285041},{"id":101697,"n":"crème dessert chocolat noisette danette - 4x125g","p":1.64,"u":"3,28 €/KG","img":"https://fd9-photos.leclercdrive.fr/image.ashx?id=2902630&use=l&cat=p&typeid=i","cat":285041},{"id":101699,"n":"crème dessert pistache danette - 4x125g","p":1.7,"u":"3,40 €/KG","img":"https://fd9-photos.leclercdrive.fr/image.ashx?id=1984885&use=l&cat=p&typeid=i","cat":285041},{"id":101701,"n":"crème dessert chocolat caramel vanille danette - 12x115g","p":3.51,"u":"2,54 €/KG","img":"https://fd9-photos.leclercdrive.fr/image.ashx?id=2949844&use=l&cat=p&typeid=i","cat":285041},{"id":101702,"n":"Crème dessert Danette Caramel - 6x125g","p":2.23,"u":"2,97 €/KG","img":"https://fd9-photos.leclercdrive.fr/image.ashx?id=2915398&use=l&cat=p&typeid=i","cat":285041},{"id":101707,"n":"crème dessert chocolat danette - 4x125g","p":1.51,"u":"3,02 €/KG","img":"https://fd9-photos.leclercdrive.fr/image.ashx?id=2927291&use=l&cat=p&typeid=i","cat":285041},{"id":101708,"n":"liégeois chocolat danette - 8x100g","p":2.96,"u":"3,70 €/KG","img":"https://fd9-photos.leclercdrive.fr/image.ashx?id=1984897&use=l&cat=p&typeid=i","cat":285042},{"id":101709,"n":"liégeois chocolat vanille danette - 8x100g","p":2.88,"u":"3,60 €/KG","img":"https://fd9-photos.leclercdrive.fr/image.ashx?id=2926245&use=l&cat=p&typeid=i","cat":285042},{"id":101710,"n":"crème dessert chocolat noir danette - 4x125g","p":1.61,"u":"3,22 €/KG","img":"https://fd9-photos.leclercdrive.fr/image.ashx?id=2927294&use=l&cat=p&typeid=i","cat":285041},{"id":101711,"n":"Crème dessert Danette Chocolat Vanille - 12x115g","p":3.66,"u":"2,65 €/KG","img":"https://fd9-photos.leclercdrive.fr/image.ashx?id=2228528&use=l&cat=p&typeid=i","cat":285041},{"id":101712,"n":"crème dessert 3 chocolats danette - 12x115g","p":3.72,"u":"2,70 €/KG","img":"https://fd9-photos.leclercdrive.fr/image.ashx?id=2949847&use=l&cat=p&typeid=i","cat":285041},{"id":102006,"n":"Gel bain douche Manava Pamplemousse raisin blanc-500ml","p":2.37,"u":"4,74 €/L","img":"https://fd9-photos.leclercdrive.fr/image.ashx?id=2652870&use=l&cat=p&typeid=i","cat":284594},{"id":102007,"n":"Gel douche Manava Gommant - 250ml","p":1.3,"u":"5,20 €/L","img":"https://fd9-photos.leclercdrive.fr/image.ashx?id=2805042&use=l&cat=p&typeid=i","cat":284594},{"id":102008,"n":"Gel douche Manava Sans savon - 500ml","p":1.82,"u":"3,64 €/L","img":"https://fd9-photos.leclercdrive.fr/image.ashx?id=2741303&use=l&cat=p&typeid=i","cat":284594},{"id":102078,"n":"Tagliatelles Côté Table Poulet & champignons - 300g","p":2.79,"u":"9,30 €/KG","img":"https://fd9-photos.leclercdrive.fr/image.ashx?id=2893568&use=l&cat=p&typeid=i","cat":333665},{"id":102079,"n":"Spaghetti Côté Table Bolognaise - 300g","p":3.2,"u":"10,67 €/KG","img":"https://fd9-photos.leclercdrive.fr/image.ashx?id=2846562&use=l&cat=p&typeid=i","cat":333665},{"id":102081,"n":"Poulet à la tomate Côté Table Purée courgette - 300g","p":2.19,"u":"7,30 €/KG","img":"https://fd9-photos.leclercdrive.fr/image.ashx?id=1656991&use=l&cat=p&typeid=i","cat":333665},{"id":102082,"n":"Poulet et risotto Côté Table Champignons - 280g","p":2.59,"u":"9,25 €/KG","img":"https://fd9-photos.leclercdrive.fr/image.ashx?id=2816145&use=l&cat=p&typeid=i","cat":333665},{"id":102374,"n":"Bière sans alcool Tourtel Twist Cerise 0,0° - 6x27,5cl","p":4.58,"u":"2,78 €/L","img":"https://fd9-photos.leclercdrive.fr/image.ashx?id=2688803&use=l&cat=p&typeid=i","cat":334877},{"id":102480,"n":"Petits Suisses Gervais 9,5%MG - 12x60g","p":2.44,"u":"3,39 €/KG","img":"https://fd9-photos.leclercdrive.fr/image.ashx?id=2230381&use=l&cat=p&typeid=i","cat":284409},{"id":102632,"n":"Soda rouge Orangina Orange Sanguine - 6x33cl","p":3.48,"u":"1,76 €/L","img":"https://fd9-photos.leclercdrive.fr/image.ashx?id=2551650&use=l&cat=p&typeid=i","cat":284532},{"id":102667,"n":"Haricots verts D'Aucy Extra fin - 58cl - 280g","p":2.53,"u":"9,04 €/KG","img":"https://fd9-photos.leclercdrive.fr/image.ashx?id=2110005&use=l&cat=p&typeid=i","cat":312606},{"id":102669,"n":"Capsules café L'Or Espresso Or Rose N°7 x10","p":3.71,"u":"71,35 €/KG","img":"https://fd9-photos.leclercdrive.fr/image.ashx?id=2100290&use=l&cat=p&typeid=i","cat":284749},{"id":102678,"n":"Friandises chien Pedigree  Ranchos original poulet - 70g","p":2.78,"u":"39,71 €/KG","img":"https://fd9-photos.leclercdrive.fr/image.ashx?id=2897282&use=l&cat=p&typeid=i","cat":294527},{"id":102695,"n":"Friandises chien Pedigree Ranchos original bœuf - 70g","p":2.55,"u":"36,43 €/KG","img":"https://fd9-photos.leclercdrive.fr/image.ashx?id=2897279&use=l&cat=p&typeid=i","cat":294527},{"id":102818,"n":"AOP Tavel Rosé Vignerons de l'Enclave - 75 cl","p":6.97,"u":"9,29 €/L","img":"https://fd9-photos.leclercdrive.fr/image.ashx?id=1965189&use=l&cat=p&typeid=i","cat":289558},{"id":102819,"n":"Panaché Falsbourg Grenadine <0,5% - 20x25cl","p":5.99,"u":"1,20 €/L","img":"https://fd9-photos.leclercdrive.fr/image.ashx?id=2637964&use=l&cat=p&typeid=i","cat":334877},{"id":102834,"n":"Fils Copains Copines Colorés - 200g","p":1.09,"u":"5,45 €/KG","img":"https://fd9-photos.leclercdrive.fr/image.ashx?id=2409863&use=l&cat=p&typeid=i","cat":304250},{"id":103032,"n":"Baguette viennoise  La Boulangère - x6 - 510g","p":2.32,"u":"4,55 €/KG","img":"https://fd9-photos.leclercdrive.fr/image.ashx?id=2912413&use=l&cat=p&typeid=i","cat":284985},{"id":103047,"n":"Nutella Biscuit pâte à tartiner Cacao Noisettes - 304g","p":2.99,"u":"9,84 €/KG","img":"https://fd9-photos.leclercdrive.fr/image.ashx?id=2896432&use=l&cat=p&typeid=i","cat":284488},{"id":103063,"n":"Paille Pik Haribo Sachet bonbons acidulés - 180g","p":1.99,"u":"11,06 €/KG","img":"https://fd9-photos.leclercdrive.fr/image.ashx?id=2984922&use=l&cat=p&typeid=i","cat":304250},{"id":103093,"n":"Beurre gastronomique Président Doux - 82% MG - 225g","p":3.04,"u":"13,51 €/KG","img":"https://fd9-photos.leclercdrive.fr/image.ashx?id=2653417&use=l&cat=p&typeid=i","cat":284379},{"id":103094,"n":"Crème légère semi épaisse  Bridélice 18%mg - 2x25cl","p":2.76,"u":"5,52 €/L","img":"https://fd9-photos.leclercdrive.fr/image.ashx?id=2806156&use=l&cat=p&typeid=i","cat":284381},{"id":103104,"n":"Crème entière 30% Président 2x25cl","p":3.79,"u":"7,58 €/L","img":"https://fd9-photos.leclercdrive.fr/image.ashx?id=2973577&use=l&cat=p&typeid=i","cat":284381},{"id":103157,"n":"Rissolées Pom Bistro à la Graisse de Canard - 500g","p":3.42,"u":"6,84 €/KG","img":"https://fd9-photos.leclercdrive.fr/image.ashx?id=2866430&use=l&cat=p&typeid=i","cat":319792},{"id":103158,"n":"Tartine Grilletine de Pasquier Sans sucre ajouté - x18 - 255g","p":2.09,"u":"8,20 €/KG","img":"https://fd9-photos.leclercdrive.fr/image.ashx?id=2333057&use=l&cat=p&typeid=i","cat":284479},{"id":103185,"n":"Eau minérale naturelle Volvic fontaine - 8L","p":2.79,"u":"0,35 €/L","img":"https://fd9-photos.leclercdrive.fr/image.ashx?id=2771675&use=l&cat=p&typeid=i","cat":284535},{"id":103189,"n":"IGP Cidre Brut Val de Rance De dégustation Bretagne 75cl","p":2.25,"u":"3,00 €/L","img":"https://fd9-photos.leclercdrive.fr/image.ashx?id=2020719&use=l&cat=p&typeid=i","cat":334880},{"id":103191,"n":"Bière sans alcool Tourtel Twist Pêche 0,0° - 6x27,5cl","p":4.47,"u":"2,71 €/L","img":"https://fd9-photos.leclercdrive.fr/image.ashx?id=2896564&use=l&cat=p&typeid=i","cat":334877},{"id":103226,"n":"Emincés filet poulet Le Gaulois Poulet à la mexicaine - 180g","p":3.79,"u":"21,06 €/KG","img":"https://fd9-photos.leclercdrive.fr/image.ashx?id=2732731&use=l&cat=p&typeid=i","cat":284336},{"id":103227,"n":"Emincée de filet de poulet BBQ  Le Gaulois  - 180g","p":3.82,"u":"21,22 €/KG","img":"https://fd9-photos.leclercdrive.fr/image.ashx?id=2008640&use=l&cat=p&typeid=i","cat":284336},{"id":103285,"n":"Poisson pané Findus Colin  Alaska Fish and Chips x4 - 400g","p":2.95,"u":"7,38 €/KG","img":"https://fd9-photos.leclercdrive.fr/image.ashx?id=2985348&use=l&cat=p&typeid=i","cat":319788},{"id":103304,"n":"Litière chats Tranquille L'hygiène - 2.7kg","p":5.3,"u":"1,96 €/KG","img":"https://fd9-photos.leclercdrive.fr/image.ashx?id=1849639&use=l&cat=p&typeid=i","cat":284683},{"id":103307,"n":"Emincés de filet de poulet rôti Le Gaulois - 180g","p":3.89,"u":"21,61 €/KG","img":"https://fd9-photos.leclercdrive.fr/image.ashx?id=2732728&use=l&cat=p&typeid=i","cat":284336},{"id":103381,"n":"Whisky Grant's  Triple wood 40%vol - 70cl","p":13.98,"u":"19,97 €/L","img":"https://fd9-photos.leclercdrive.fr/image.ashx?id=2866022&use=l&cat=p&typeid=i","cat":284547},{"id":103384,"n":"IGP Whisky Grant's  Triple wood - 40%vol - 1L","p":16.97,"u":"16,97 €/L","img":"https://fd9-photos.leclercdrive.fr/image.ashx?id=2917531&use=l&cat=p&typeid=i","cat":284547},{"id":103436,"n":"Wrap au blé nature Mission 370g","p":3.05,"u":"8,24 €/KG","img":"https://fd9-photos.leclercdrive.fr/image.ashx?id=2890499&use=l&cat=p&typeid=i","cat":288993},{"id":103437,"n":"Wrap multigrains Mission 370g","p":3.23,"u":"8,73 €/KG","img":"https://fd9-photos.leclercdrive.fr/image.ashx?id=2890505&use=l&cat=p&typeid=i","cat":288993},{"id":103451,"n":"Lingettes sensitive Pampers 4x52","p":5.62,"u":"0,03 €/P","img":"https://fd9-photos.leclercdrive.fr/image.ashx?id=2849280&use=l&cat=p&typeid=i","cat":284738},{"id":103453,"n":"Panaché Falsbourg Grenadine - <0,5% vol. - 6x25cl","p":2.71,"u":"1,81 €/L","img":"https://fd9-photos.leclercdrive.fr/image.ashx?id=2637961&use=l&cat=p&typeid=i","cat":334877},{"id":103470,"n":"Croquettes chat Purina One Poulet chat adulte - 450g","p":2.67,"u":"5,93 €/KG","img":"https://fd9-photos.leclercdrive.fr/image.ashx?id=2902265&use=l&cat=p&typeid=i","cat":284680},{"id":103479,"n":"Tartine Petit Dej Jacquet Complet - 410g","p":1.58,"u":"3,85 €/KG","img":"https://fd9-photos.leclercdrive.fr/image.ashx?id=2991849&use=l&cat=p&typeid=i","cat":284477},{"id":103499,"n":"Apéritif prêt à boire Martini Rossini 8° - 75cl","p":8.3,"u":"11,07 €/L","img":"https://fd9-photos.leclercdrive.fr/image.ashx?id=2866831&use=l&cat=p&typeid=i","cat":289461},{"id":103500,"n":"Panaché Falsbourg <0.5% vol. - 20x25cl","p":5.95,"u":"1,19 €/L","img":"https://fd9-photos.leclercdrive.fr/image.ashx?id=2637970&use=l&cat=p&typeid=i","cat":334877},{"id":103503,"n":"Capsules Nescafé Dolce Gusto  Espresso Intenso - x16","p":4.67,"u":"41,70 €/KG","img":"https://fd9-photos.leclercdrive.fr/image.ashx?id=3009110&use=l&cat=p&typeid=i","cat":293239},{"id":103505,"n":"Barre de céréales Nature Valley Protéine chocolat x4-160g","p":2.62,"u":"16,38 €/KG","img":"https://fd9-photos.leclercdrive.fr/image.ashx?id=2657000&use=l&cat=p&typeid=i","cat":285869},{"id":103509,"n":"Yaourt à boire Yop Aromatisé Fraise - 825g","p":1.7,"u":"2,06 €/KG","img":"https://fd9-photos.leclercdrive.fr/image.ashx?id=2855564&use=l&cat=p&typeid=i","cat":284415},{"id":103561,"n":"Barre de céréales Nature Valley  Protéine caramel salé x4 - 160","p":2.85,"u":"17,81 €/KG","img":"https://fd9-photos.leclercdrive.fr/image.ashx?id=2657003&use=l&cat=p&typeid=i","cat":285869},{"id":103563,"n":"Batonnets de glace Nuii Salted Caramel macadamia - 272g","p":4.4,"u":"16,18 €/KG","img":"https://fd9-photos.leclercdrive.fr/image.ashx?id=2506798&use=l&cat=p&typeid=i","cat":284265},{"id":103566,"n":"Batonnets de glaces Nuii Almond & java vanilla - x4","p":4.55,"u":"16,98 €/KG","img":"https://fd9-photos.leclercdrive.fr/image.ashx?id=2506801&use=l&cat=p&typeid=i","cat":284265},{"id":103621,"n":"Crème glacée Häagen-Dazs  Vanille pécan - 400g","p":4.65,"u":"11,63 €/KG","img":"https://fd9-photos.leclercdrive.fr/image.ashx?id=2893438&use=l&cat=p&typeid=i","cat":284725},{"id":103622,"n":"Crème glacée Häagen-Dazs Caramel speculoos Lotus - 400g","p":4.54,"u":"11,35 €/KG","img":"https://fd9-photos.leclercdrive.fr/image.ashx?id=2893441&use=l&cat=p&typeid=i","cat":284725},{"id":103657,"n":"Crème glacée Häagen-Dazs  Vanille noix macadamia - 400g","p":4.66,"u":"11,65 €/KG","img":"https://fd9-photos.leclercdrive.fr/image.ashx?id=2893444&use=l&cat=p&typeid=i","cat":284725},{"id":103661,"n":"Crème glacée Häagen-Dazs  Vanille caramel brownie - 386g","p":4.75,"u":"12,31 €/KG","img":"https://fd9-photos.leclercdrive.fr/image.ashx?id=2893468&use=l&cat=p&typeid=i","cat":284725},{"id":103665,"n":"Mini pots Häagen-Dazs  Caramel attraction x4 - 318g","p":5.2,"u":"16,20 €/KG","img":"https://fd9-photos.leclercdrive.fr/image.ashx?id=2992852&use=l&cat=p&typeid=i","cat":284725},{"id":103680,"n":"Mini pots Häagen-Dazs Vanille  noix de macadamia x4 - 324g","p":5.11,"u":"15,77 €/KG","img":"https://fd9-photos.leclercdrive.fr/image.ashx?id=3000162&use=l&cat=p&typeid=i","cat":284725},{"id":103684,"n":"Mini pots Häagen-Dazs  Favorite selection x4 - 318g","p":5.04,"u":"15,85 €/KG","img":"https://fd9-photos.leclercdrive.fr/image.ashx?id=3000165&use=l&cat=p&typeid=i","cat":284725},{"id":103697,"n":"Dentifrice Integral 8 Signal Nature Elements Charbon 75ml","p":1.7,"u":"22,67 €/L","img":"https://fd9-photos.leclercdrive.fr/image.ashx?id=2974662&use=l&cat=p&typeid=i","cat":284612},{"id":103780,"n":"Pâte feuilletée Marie Pur beurre - 230g","p":1.34,"u":"5,83 €/KG","img":"https://fd9-photos.leclercdrive.fr/image.ashx?id=2318543&use=l&cat=p&typeid=i","cat":333681},{"id":103800,"n":"Bière blonde Leffe  6,6% - 12x25cl","p":9.25,"u":"3,08 €/L","img":"https://fd9-photos.leclercdrive.fr/image.ashx?id=2995424&use=l&cat=p&typeid=i","cat":334852},{"id":103808,"n":"Yaourt à boire Yop Aromatisé Framboise - 825g","p":2.13,"u":"2,58 €/KG","img":"https://fd9-photos.leclercdrive.fr/image.ashx?id=2855567&use=l&cat=p&typeid=i","cat":284415},{"id":103813,"n":"Yaourt à boire Yop Aromatisé Vanille - 825g","p":1.7,"u":"2,06 €/KG","img":"https://fd9-photos.leclercdrive.fr/image.ashx?id=2855570&use=l&cat=p&typeid=i","cat":284415},{"id":103918,"n":"Bâtonnets  Maple  Peanut Butter et candian - x4","p":4.22,"u":"1,06 €/P","img":"https://fd9-photos.leclercdrive.fr/image.ashx?id=2506810&use=l&cat=p&typeid=i","cat":284265},{"id":103919,"n":"Bâtonnets  Nuii Idaho Valley  Cookies mint x4 - 244g","p":4.07,"u":"16,68 €/KG","img":"https://fd9-photos.leclercdrive.fr/image.ashx?id=2506807&use=l&cat=p&typeid=i","cat":284265},{"id":103922,"n":"Batonnets Nuii White chocolate&scandinavia x4","p":4.39,"u":"1,10 €/P","img":"https://fd9-photos.leclercdrive.fr/image.ashx?id=2922149&use=l&cat=p&typeid=i","cat":284265},{"id":103969,"n":"Escalope de dinde Le Gaulois Fine - Oui C'est Bon x2 - 240g","p":4.69,"u":"19,54 €/KG","img":"https://fd9-photos.leclercdrive.fr/image.ashx?id=2605574&use=l&cat=p&typeid=i","cat":284337},{"id":103991,"n":"Pâtes De Cecco Spaghetti n°12  - 500g","p":1.59,"u":"3,18 €/KG","img":"https://fd9-photos.leclercdrive.fr/image.ashx?id=2974033&use=l&cat=p&typeid=i","cat":284427},{"id":103993,"n":"IGP Méditerranée rosé St Sagnol - 75cl","p":3.78,"u":"5,04 €/L","img":"https://fd9-photos.leclercdrive.fr/image.ashx?id=2923768&use=l&cat=p&typeid=i","cat":289558},{"id":104008,"n":"Jus innocent tutti frutti 900ml","p":2.83,"u":"3,14 €/L","img":"https://fd9-photos.leclercdrive.fr/image.ashx?id=2861737&use=l&cat=p&typeid=i","cat":285435},{"id":104092,"n":"Tagada Zip Fraîcheur Haribo Sachet bonbons - 220g","p":1.36,"u":"6,18 €/KG","img":"https://fd9-photos.leclercdrive.fr/image.ashx?id=2802359&use=l&cat=p&typeid=i","cat":304250},{"id":104109,"n":"Les Timbales Gourmet Gold Boeuf plet saumon - 12x85g","p":6.71,"u":"6,58 €/KG","img":"https://fd9-photos.leclercdrive.fr/image.ashx?id=2861764&use=l&cat=p&typeid=i","cat":285286},{"id":104115,"n":"Brioches Doowap Harrys X12-480g Pépites choco lait sans additif","p":3.68,"u":"7,67 €/KG","img":"https://fd9-photos.leclercdrive.fr/image.ashx?id=2503007&use=l&cat=p&typeid=i","cat":293505},{"id":104188,"n":"Chips Tyrrell's Légèrement salées - 150g","p":2.19,"u":"14,60 €/KG","img":"https://fd9-photos.leclercdrive.fr/image.ashx?id=2924731&use=l&cat=p&typeid=i","cat":284447},{"id":104193,"n":"Coton-tiges Inell Recharge Tiges papier - x160","p":0.4,"img":"https://fd9-photos.leclercdrive.fr/image.ashx?id=2440775&use=l&cat=p&typeid=i","cat":284636},{"id":104245,"n":"Pizzas Crousti Moelleuse Marie 4 fromages 2+1 offerte 1.530kg","p":6.15,"u":"4,02 €/KG","img":"https://fd9-photos.leclercdrive.fr/image.ashx?id=1876709&use=l&cat=p&typeid=i","cat":284256},{"id":104248,"n":"Pizzas Crousti Moelleuse Marie Extrême Américaine 2+ 1 offerte","p":6.35,"u":"3,99 €/KG","img":"https://fd9-photos.leclercdrive.fr/image.ashx?id=2996659&use=l&cat=p&typeid=i","cat":284256},{"id":104296,"n":"Mon 1er biscuit bio Hipp Bio Dès 6 mois - 180g","p":2.62,"u":"14,56 €/KG","img":"https://fd9-photos.leclercdrive.fr/image.ashx?id=2788823&use=l&cat=p&typeid=i","cat":312227},{"id":104306,"n":"Fromage Bleu de brebis Société  110g","p":2.5,"u":"22,73 €/KG","img":"https://fd9-photos.leclercdrive.fr/image.ashx?id=2729725&use=l&cat=p&typeid=i","cat":314032},{"id":104468,"n":"Fromage apéritif Apéricube Long drink 48 cubes","p":4.47,"u":"17,88 €/KG","img":"https://fd9-photos.leclercdrive.fr/image.ashx?id=2882674&use=l&cat=p&typeid=i","cat":314027},{"id":104470,"n":"Fromage apéritif Apéricube Tonic 48 cubes","p":4.2,"u":"16,80 €/KG","img":"https://fd9-photos.leclercdrive.fr/image.ashx?id=2882677&use=l&cat=p&typeid=i","cat":314027},{"id":104471,"n":"Fromage apéritif Apericube  Cocktail 48 cubes","p":4.19,"u":"16,76 €/KG","img":"https://fd9-photos.leclercdrive.fr/image.ashx?id=2882680&use=l&cat=p&typeid=i","cat":314027},{"id":104484,"n":"Tropicana Jus d'orange Avec Pulpe - 90cl","p":2.8,"u":"3,11 €/L","img":"https://fd9-photos.leclercdrive.fr/image.ashx?id=3011140&use=l&cat=p&typeid=i","cat":285435},{"id":104485,"n":"Tropicana Jus d'orange Sans pulpe - 90cl","p":2.8,"u":"3,11 €/L","img":"https://fd9-photos.leclercdrive.fr/image.ashx?id=2524266&use=l&cat=p&typeid=i","cat":285435},{"id":104487,"n":"Tropicana Jus de pomme 90cl","p":2.79,"u":"3,10 €/L","img":"https://fd9-photos.leclercdrive.fr/image.ashx?id=2533526&use=l&cat=p&typeid=i","cat":285435},{"id":104561,"n":"Bâtonnet Yeti parfums fous  x24 - 1.2L","p":3.63,"u":"3,03 €/L","img":"https://fd9-photos.leclercdrive.fr/image.ashx?id=2314107&use=l&cat=p&typeid=i","cat":285250},{"id":104606,"n":"Truite fumée Landvika 2 minis tranches - 60g","p":2.35,"u":"39,17 €/KG","img":"https://fd9-photos.leclercdrive.fr/image.ashx?id=2917855&use=l&cat=p&typeid=i","cat":285188},{"id":104669,"n":"Bière blonde Bud 5% - 20x25cl","p":13.82,"u":"2,76 €/L","img":"https://fd9-photos.leclercdrive.fr/image.ashx?id=3009047&use=l&cat=p&typeid=i","cat":334873},{"id":104880,"n":"Barres Céréales Extra Kellogg's Chocolat au lait - 4x32g","p":2.93,"u":"22,89 €/KG","img":"https://fd9-photos.leclercdrive.fr/image.ashx?id=2736610&use=l&cat=p&typeid=i","cat":285869},{"id":105033,"n":"Crème entière semi-épaisse UHT 30% MG - Président - 1L","p":5.55,"u":"5,55 €/L","img":"https://fd9-photos.leclercdrive.fr/image.ashx?id=2971580&use=l&cat=p&typeid=i","cat":284381},{"id":105039,"n":"Mortadelle de dinde aux olives 8 tranches Halal - 120g","p":1.15,"u":"9,58 €/KG","img":"https://fd9-photos.leclercdrive.fr/image.ashx?id=3004885&use=l&cat=p&typeid=i","cat":316013},{"id":105093,"n":"Crème UHT Elle&Vire Fluide Entière - 30% MG - 2x25cl","p":3.21,"u":"6,42 €/L","img":"https://fd9-photos.leclercdrive.fr/image.ashx?id=2763475&use=l&cat=p&typeid=i","cat":284381},{"id":105137,"n":"Jambon supérieur Tradilège Sans nitrite x4 - 140g","p":1.85,"u":"13,21 €/KG","img":"https://fd9-photos.leclercdrive.fr/image.ashx?id=2994381&use=l&cat=p&typeid=i","cat":316009},{"id":105185,"n":"Compote Charles & Alice Pommes Myrtilles - 4x97g","p":1.88,"u":"4,85 €/KG","img":"https://fd9-photos.leclercdrive.fr/image.ashx?id=2900899&use=l&cat=p&typeid=i","cat":284416},{"id":105186,"n":"Compote Charles & Alice Pommes Cerises - 4x97g","p":1.77,"u":"4,56 €/KG","img":"https://fd9-photos.leclercdrive.fr/image.ashx?id=2757686&use=l&cat=p&typeid=i","cat":284416},{"id":105187,"n":"Tomates farcies Bigard 4x150g","p":6.1,"u":"10,17 €/KG","img":"https://fd9-photos.leclercdrive.fr/image.ashx?id=2208330&use=l&cat=p&typeid=i","cat":333666},{"id":105196,"n":"Dessert fruitier Fraise Andros En morceaux - 4x100g","p":2.57,"u":"6,43 €/KG","img":"https://fd9-photos.leclercdrive.fr/image.ashx?id=2845467&use=l&cat=p&typeid=i","cat":284416},{"id":105214,"n":"Boulettes Garden Gourmet légumes 200g","p":2.45,"u":"12,25 €/KG","img":"https://fd9-photos.leclercdrive.fr/image.ashx?id=2986903&use=l&cat=p&typeid=i","cat":316036},{"id":105221,"n":"Céleri Menu Fraîcheur  rémoulade - 1kg","p":3.16,"u":"3,16 €/KG","img":"https://fd9-photos.leclercdrive.fr/image.ashx?id=2816591&use=l&cat=p&typeid=i","cat":333657},{"id":105223,"n":"Glaces cônes Eco+ Vanille - x8 - 556g","p":1.95,"u":"3,51 €/KG","img":"https://fd9-photos.leclercdrive.fr/image.ashx?id=2742682&use=l&cat=p&typeid=i","cat":284264},{"id":105224,"n":"Gnocchi à poêler Lustucru Extra Mozzarella Tomate - 280g","p":2.62,"u":"9,36 €/KG","img":"https://fd9-photos.leclercdrive.fr/image.ashx?id=2999994&use=l&cat=p&typeid=i","cat":333682},{"id":105319,"n":"Crème de Camembert Président 150g","p":2.88,"u":"19,20 €/KG","img":"https://fd9-photos.leclercdrive.fr/image.ashx?id=2962443&use=l&cat=p&typeid=i","cat":314029},{"id":105320,"n":"Croustillants chèvre Président 6 pièces - 150g","p":3.39,"u":"22,60 €/KG","img":"https://fd9-photos.leclercdrive.fr/image.ashx?id=2856082&use=l&cat=p&typeid=i","cat":314027},{"id":105399,"n":"Lait demi-écrémé GrandLait Ferme sélectionnée - 1L","p":1.32,"u":"1,32 €/L","img":"https://fd9-photos.leclercdrive.fr/image.ashx?id=2916177&use=l&cat=p&typeid=i","cat":285609},{"id":105778,"n":"Roquefort AOP Société Offre Gourmande - 200g","p":3.85,"u":"19,25 €/KG","img":"https://fd9-photos.leclercdrive.fr/image.ashx?id=2878768&use=l&cat=p&typeid=i","cat":314032},{"id":106006,"n":"Pur jus de pomme Jafaden 2L","p":2.29,"u":"1,15 €/L","img":"https://fd9-photos.leclercdrive.fr/image.ashx?id=2956774&use=l&cat=p&typeid=i","cat":284522},{"id":106019,"n":"Blancs de poireaux Panier du Primeur - 500g","p":2.99,"u":"5,98 €/KG","img":"https://fd9-photos.leclercdrive.fr/image.ashx?id=2928165&use=l&cat=p&typeid=i","cat":284352},{"id":106146,"n":"Bière sans alcool Tourtel Twist Mangue Passion 0,0° - 6x27,5cl","p":4.89,"u":"2,96 €/L","img":"https://fd9-photos.leclercdrive.fr/image.ashx?id=2730727&use=l&cat=p&typeid=i","cat":334877},{"id":106236,"n":"Jus d'orange Tropicana Sans pulpe - 2x1.5L","p":6.28,"u":"2,09 €/L","img":"https://fd9-photos.leclercdrive.fr/image.ashx?id=1763661&use=l&cat=p&typeid=i","cat":284521},{"id":106269,"n":"Edulcorant Pure Via Boite de 65 morceaux - 130g","p":5.15,"u":"39,62 €/KG","img":"https://fd9-photos.leclercdrive.fr/image.ashx?id=2417291&use=l&cat=p&typeid=i","cat":324846},{"id":106271,"n":"Sucre Doypack Pure Via Poudre cristalisée - 250g","p":5.64,"u":"22,56 €/KG","img":"https://fd9-photos.leclercdrive.fr/image.ashx?id=2805381&use=l&cat=p&typeid=i","cat":324846},{"id":106307,"n":"Moules à la Marinière 500g","p":5.55,"u":"11,10 €/KG","img":"https://fd9-photos.leclercdrive.fr/image.ashx?id=2677588&use=l&cat=p&typeid=i","cat":285340},{"id":106458,"n":"Mini saucissons nature Henri Raffin 100g","p":2.87,"u":"28,70 €/KG","img":"https://fd9-photos.leclercdrive.fr/image.ashx?id=2819379&use=l&cat=p&typeid=i","cat":316006},{"id":106459,"n":"Mini saucissons aux noisettes Henri Raffin - 100g","p":2.97,"u":"29,70 €/KG","img":"https://fd9-photos.leclercdrive.fr/image.ashx?id=2819376&use=l&cat=p&typeid=i","cat":316006},{"id":106460,"n":"Mini saucissons Henri Raffin Fromage de chèvre - 100g","p":2.97,"u":"29,70 €/KG","img":"https://fd9-photos.leclercdrive.fr/image.ashx?id=2649151&use=l&cat=p&typeid=i","cat":316006},{"id":106461,"n":"Mini saucissons Beaufort 100g","p":2.97,"u":"29,70 €/KG","img":"https://fd9-photos.leclercdrive.fr/image.ashx?id=2649157&use=l&cat=p&typeid=i","cat":316006},{"id":106471,"n":"Plat bébé soir Blédichef 15mois Poireau pomme de terre - 250g","p":1.76,"u":"7,04 €/KG","img":"https://fd9-photos.leclercdrive.fr/image.ashx?id=2143681&use=l&cat=p&typeid=i","cat":312239},{"id":106473,"n":"Repas bébé Blédichef 15 mois Patate légumes poulet - 250g","p":1.75,"u":"7,00 €/KG","img":"https://fd9-photos.leclercdrive.fr/image.ashx?id=2877703&use=l&cat=p&typeid=i","cat":312238},{"id":106474,"n":"Repas bébé Blédichef 15 mois Pdt champignon poulet - 250g","p":1.8,"u":"7,20 €/KG","img":"https://fd9-photos.leclercdrive.fr/image.ashx?id=2479685&use=l&cat=p&typeid=i","cat":312238},{"id":106475,"n":"Repas bébé Blédichef 15 mois Légumes cabillaud - 250g","p":1.73,"u":"6,92 €/KG","img":"https://fd9-photos.leclercdrive.fr/image.ashx?id=1681186&use=l&cat=p&typeid=i","cat":312238},{"id":106477,"n":"Repas bébé Blédichef 18 mois  Blanquette de volaille - 250g","p":1.83,"u":"7,32 €/KG","img":"https://fd9-photos.leclercdrive.fr/image.ashx?id=2558861&use=l&cat=p&typeid=i","cat":312238},{"id":106481,"n":"Repas bébé Blédichef 24 mois  Riz légumes poulet curry - 250g","p":1.89,"u":"7,56 €/KG","img":"https://fd9-photos.leclercdrive.fr/image.ashx?id=2951590&use=l&cat=p&typeid=i","cat":312238},{"id":106568,"n":"Tropicana Jus multifruits 90 cl","p":2.9,"u":"3,22 €/L","img":"https://fd9-photos.leclercdrive.fr/image.ashx?id=2529276&use=l&cat=p&typeid=i","cat":285435},{"id":106600,"n":"Lait Lemiel Celia Croissance - 800g","p":13.67,"u":"17,09 €/KG","img":"https://fd9-photos.leclercdrive.fr/image.ashx?id=2975269&use=l&cat=p&typeid=i","cat":290219},{"id":106601,"n":"Lait frais Grandlait Bouteille - 1L","p":1.56,"u":"1,56 €/L","img":"https://fd9-photos.leclercdrive.fr/image.ashx?id=2916183&use=l&cat=p&typeid=i","cat":285609},{"id":106605,"n":"Ravioli Lustucru Selection  Jambon fromage 300g","p":2.46,"u":"8,20 €/KG","img":"https://fd9-photos.leclercdrive.fr/image.ashx?id=2962527&use=l&cat=p&typeid=i","cat":333682},{"id":106614,"n":"Rosette Justin Bridou  19 Tranches - 170g","p":2.76,"u":"16,24 €/KG","img":"https://fd9-photos.leclercdrive.fr/image.ashx?id=2948932&use=l&cat=p&typeid=i","cat":316007},{"id":106689,"n":"Gel douche I love Bio Fleur de coton bio - 200ml","p":3.3,"u":"16,50 €/L","img":"https://fd9-photos.leclercdrive.fr/image.ashx?id=2052101&use=l&cat=p&typeid=i","cat":284594},{"id":106732,"n":"Sirop La Maison Guiot Citron jaune de Sicile - 70cl","p":3.17,"u":"4,53 €/L","img":"https://fd9-photos.leclercdrive.fr/image.ashx?id=2857138&use=l&cat=p&typeid=i","cat":295020},{"id":106886,"n":"Petit suisse nature Gervais 9,5% MG - 6x60g","p":1.79,"u":"4,97 €/KG","img":"https://fd9-photos.leclercdrive.fr/image.ashx?id=2230384&use=l&cat=p&typeid=i","cat":284409},{"id":106986,"n":"Crème glacée Häagen-Dazs  Vanille pralines - 400g","p":5.1,"u":"12,75 €/KG","img":"https://fd9-photos.leclercdrive.fr/image.ashx?id=2893453&use=l&cat=p&typeid=i","cat":284725},{"id":107211,"n":"Jus innocent myrtille cassis 900ml","p":2.89,"u":"3,21 €/L","img":"https://fd9-photos.leclercdrive.fr/image.ashx?id=2891235&use=l&cat=p&typeid=i","cat":285435},{"id":107212,"n":"Jus innocent pomme fruits rouges 900ml","p":2.99,"u":"3,32 €/L","img":"https://fd9-photos.leclercdrive.fr/image.ashx?id=2184735&use=l&cat=p&typeid=i","cat":285435},{"id":107765,"n":"Rosti Le gaulois 200g - x2","p":2.35,"u":"11,75 €/KG","img":"https://fd9-photos.leclercdrive.fr/image.ashx?id=2342851&use=l&cat=p&typeid=i","cat":333683},{"id":107833,"n":"Vin Union Européenne rosé BIB 5L","p":9.25,"u":"1,85 €/L","img":"https://fd9-photos.leclercdrive.fr/image.ashx?id=2116813&use=l&cat=p&typeid=i","cat":289560},{"id":108146,"n":"Boisson aux fruits Oasis Tropical - 2L","p":2.42,"u":"1,21 €/L","img":"https://fd9-photos.leclercdrive.fr/image.ashx?id=2996569&use=l&cat=p&typeid=i","cat":295018},{"id":108169,"n":"Mousse de canard Henaff 3x78g","p":3.78,"u":"16,15 €/KG","img":"https://fd9-photos.leclercdrive.fr/image.ashx?id=2305604&use=l&cat=p&typeid=i","cat":305149},{"id":108422,"n":"Matière grasse Primevere 63%MG - oméga 3 - 240g","p":2.76,"u":"11,50 €/KG","img":"https://fd9-photos.leclercdrive.fr/image.ashx?id=2979060&use=l&cat=p&typeid=i","cat":315229},{"id":108449,"n":"Déodorant spray Monsavon Fleur Lotus-200ml","p":2.0,"u":"10,00 €/L","img":"https://fd9-photos.leclercdrive.fr/image.ashx?id=2643914&use=l&cat=p&typeid=i","cat":284595},{"id":108707,"n":"Filtres à café Uni vert Bruns n°4 - x80","p":1.33,"u":"0,02 €/P","img":"https://fd9-photos.leclercdrive.fr/image.ashx?id=2634878&use=l&cat=p&typeid=i","cat":284751},{"id":108711,"n":"Gel Douche Fa Crème Cacao coco flacon - 250ml","p":1.49,"u":"5,96 €/L","img":"https://fd9-photos.leclercdrive.fr/image.ashx?id=2995097&use=l&cat=p&typeid=i","cat":284594},{"id":108712,"n":"Gel douche Fa Caribbean Wave flacon - 250ml","p":1.56,"u":"6,24 €/L","img":"https://fd9-photos.leclercdrive.fr/image.ashx?id=2110236&use=l&cat=p&typeid=i","cat":284594},{"id":108843,"n":"Capsules Nescafé Dolce Gusto  Espresso Intenso - x30","p":8.52,"u":"40,57 €/KG","img":"https://fd9-photos.leclercdrive.fr/image.ashx?id=2859869&use=l&cat=p&typeid=i","cat":293239},{"id":108844,"n":"Plat bébé soir Blédichef 12mois Spaghetti crème légumes -2x230g","p":3.21,"u":"6,98 €/KG","img":"https://fd9-photos.leclercdrive.fr/image.ashx?id=2643494&use=l&cat=p&typeid=i","cat":312239},{"id":108885,"n":"Comté Le Montarlier Président 340g","p":6.61,"u":"19,44 €/KG","img":"https://fd9-photos.leclercdrive.fr/image.ashx?id=2364006&use=l&cat=p&typeid=i","cat":314034},{"id":108891,"n":"Croccante alla Mozzarella  Galbani - 150g","p":3.06,"u":"20,40 €/KG","img":"https://fd9-photos.leclercdrive.fr/image.ashx?id=2786000&use=l&cat=p&typeid=i","cat":314027},{"id":108935,"n":"Crème entière fluide Bridelice 30% MG - 2x25cl","p":3.74,"u":"7,48 €/L","img":"https://fd9-photos.leclercdrive.fr/image.ashx?id=2911954&use=l&cat=p&typeid=i","cat":284381},{"id":108936,"n":"AOP Comté Entremont Rapé - 130g","p":2.66,"u":"20,46 €/KG","img":"https://fd9-photos.leclercdrive.fr/image.ashx?id=2983165&use=l&cat=p&typeid=i","cat":314035},{"id":109120,"n":"Steaks hachés pur boeuf Charal VBF - 15%mg - 10x100g","p":12.79,"u":"12,79 €/KG","img":"https://fd9-photos.leclercdrive.fr/image.ashx?id=2095587&use=l&cat=p&typeid=i","cat":284332},{"id":109267,"n":"Panaché Force 4 0,4° - 10x25cl","p":4.54,"u":"1,82 €/L","img":"https://fd9-photos.leclercdrive.fr/image.ashx?id=2473321&use=l&cat=p&typeid=i","cat":334877},{"id":109274,"n":"Yaourt Enfant Petits Filous Aromatisé à la Fraise - 6x100g","p":2.9,"u":"4,83 €/KG","img":"https://fd9-photos.leclercdrive.fr/image.ashx?id=2748434&use=l&cat=p&typeid=i","cat":284415},{"id":109369,"n":"Panaché Falsbourg  <0.5% vol. - 10X25cl","p":2.99,"u":"1,20 €/L","img":"https://fd9-photos.leclercdrive.fr/image.ashx?id=2637967&use=l&cat=p&typeid=i","cat":334877},{"id":109384,"n":"Pur Jus de fruits Tropicana Sanguinello - 90cl","p":3.92,"u":"4,36 €/L","img":"https://fd9-photos.leclercdrive.fr/image.ashx?id=2533535&use=l&cat=p&typeid=i","cat":285435},{"id":109387,"n":"Pur jus Tropicana Réveil des Tropiques 90cl","p":2.88,"u":"3,20 €/L","img":"https://fd9-photos.leclercdrive.fr/image.ashx?id=2529279&use=l&cat=p&typeid=i","cat":285435},{"id":109414,"n":"Noix de Cajou à la Truffe d'été 1% - 100g","p":5.2,"u":"52,00 €/KG","img":"https://fd9-photos.leclercdrive.fr/image.ashx?id=2896327&use=l&cat=p&typeid=i","cat":284448},{"id":109418,"n":"Rillettes de Thon MSC Ronde des Mers - 125g","p":1.69,"u":"13,52 €/KG","img":"https://fd9-photos.leclercdrive.fr/image.ashx?id=2436696&use=l&cat=p&typeid=i","cat":303867},{"id":109437,"n":"Repas bébé Blédichef 12 mois  Couscous - 2x230g","p":3.59,"u":"7,80 €/KG","img":"https://fd9-photos.leclercdrive.fr/image.ashx?id=2479706&use=l&cat=p&typeid=i","cat":312237},{"id":109441,"n":"Thon entier MSC Pêche Océan Naturel - 140g","p":2.15,"u":"15,36 €/KG","img":"https://fd9-photos.leclercdrive.fr/image.ashx?id=2942211&use=l&cat=p&typeid=i","cat":303867},{"id":109451,"n":"Boisson lactée Danao Multivitaminé - 900ml","p":2.68,"u":"2,98 €/L","img":"https://fd9-photos.leclercdrive.fr/image.ashx?id=2637216&use=l&cat=p&typeid=i","cat":285435},{"id":109455,"n":"Boisson lactée Danao Orange Banane Fraise - 900ml","p":2.78,"u":"3,09 €/L","img":"https://fd9-photos.leclercdrive.fr/image.ashx?id=2609908&use=l&cat=p&typeid=i","cat":285435},{"id":109457,"n":"Boisson lactée Danao Pêche Abricot - 900ml","p":2.7,"u":"3,00 €/L","img":"https://fd9-photos.leclercdrive.fr/image.ashx?id=2606367&use=l&cat=p&typeid=i","cat":285435},{"id":109470,"n":"Pile alcaline Varta Longlife AAA LR03 - x20","p":8.9,"img":"https://fd9-photos.leclercdrive.fr/image.ashx?id=2306318&use=l&cat=p&typeid=i","cat":300572},{"id":109474,"n":"Yaourt à boire Yop Dessert Lacté Chocolat - 825g","p":2.15,"u":"2,61 €/KG","img":"https://fd9-photos.leclercdrive.fr/image.ashx?id=2941613&use=l&cat=p&typeid=i","cat":284415},{"id":109499,"n":"crème dessert caramel beurre salé danette - 4x125g","p":1.67,"u":"3,34 €/KG","img":"https://fd9-photos.leclercdrive.fr/image.ashx?id=1987455&use=l&cat=p&typeid=i","cat":285041},{"id":109509,"n":"crème dessert café danette - 4x125g","p":1.65,"u":"3,30 €/KG","img":"https://fd9-photos.leclercdrive.fr/image.ashx?id=2961867&use=l&cat=p&typeid=i","cat":285041},{"id":109565,"n":"Thon entier MSC Pêche Océan Naturel - 93g","p":1.99,"u":"21,40 €/KG","img":"https://fd9-photos.leclercdrive.fr/image.ashx?id=2942217&use=l&cat=p&typeid=i","cat":303867},{"id":109609,"n":"Petit suisse nature Gervais 3,9% MG - 12x60g","p":2.69,"u":"3,74 €/KG","img":"https://fd9-photos.leclercdrive.fr/image.ashx?id=2256757&use=l&cat=p&typeid=i","cat":284409},{"id":109627,"n":"Crème dessert Danette vanille lit de chocolat -4x125g","p":1.67,"u":"3,34 €/KG","img":"https://fd9-photos.leclercdrive.fr/image.ashx?id=2939187&use=l&cat=p&typeid=i","cat":285041},{"id":109666,"n":"Café en grains L'OR Sélection 100% Arabica N° 6 1kg","p":18.63,"u":"18,63 €/KG","img":"https://fd9-photos.leclercdrive.fr/image.ashx?id=3000483&use=l&cat=p&typeid=i","cat":293237},{"id":109892,"n":"Soda Coca-Cola Cherry Bouteille - 1,25L","p":1.8,"u":"1,44 €/L","img":"https://fd9-photos.leclercdrive.fr/image.ashx?id=2678161&use=l&cat=p&typeid=i","cat":284530},{"id":109893,"n":"Soda Coca-Cola Vanille Bouteille - 1,25L","p":1.95,"u":"1,56 €/L","img":"https://fd9-photos.leclercdrive.fr/image.ashx?id=2678164&use=l&cat=p&typeid=i","cat":284530},{"id":109919,"n":"IGP Pays d'Oc vin rouge Vieux Carion 12.5% vol - BIB 5L","p":11.99,"u":"2,40 €/L","img":"https://fd9-photos.leclercdrive.fr/image.ashx?id=2891914&use=l&cat=p&typeid=i","cat":289560},{"id":110000,"n":"Cornichons fins AMORA Bocal - 540g","p":3.89,"u":"7,20 €/KG","img":"https://fd9-photos.leclercdrive.fr/image.ashx?id=2672710&use=l&cat=p&typeid=i","cat":284458},{"id":110005,"n":"Repas bébé Blédichef 12 mois  Riz légumes poulet - 2x230g","p":3.69,"u":"8,02 €/KG","img":"https://fd9-photos.leclercdrive.fr/image.ashx?id=2361843&use=l&cat=p&typeid=i","cat":312237},{"id":110007,"n":"Tam Tam l'Original Saint-Michel - 275g","p":1.97,"u":"7,16 €/KG","img":"https://fd9-photos.leclercdrive.fr/image.ashx?id=2936239&use=l&cat=p&typeid=i","cat":284495},{"id":110009,"n":"Boisson végétale Bio Village Epeautre bio - 1l","p":1.9,"u":"1,90 €/L","img":"https://fd9-photos.leclercdrive.fr/image.ashx?id=2384935&use=l&cat=p&typeid=i","cat":316067},{"id":110123,"n":"Pavé Gourmand Garden Gourmet Fromage Soja et Blé 180g","p":3.94,"u":"21,89 €/KG","img":"https://fd9-photos.leclercdrive.fr/image.ashx?id=3011887&use=l&cat=p&typeid=i","cat":316036},{"id":110131,"n":"Sandwich polaire Coté Snack Jambon chèvre - 135g","p":1.83,"u":"13,56 €/KG","img":"https://fd9-photos.leclercdrive.fr/image.ashx?id=2619731&use=l&cat=p&typeid=i","cat":333658},{"id":110138,"n":"Fromage blanc Rians 7% mg - 2kg","p":6.66,"u":"3,33 €/KG","img":"https://fd9-photos.leclercdrive.fr/image.ashx?id=2396695&use=l&cat=p&typeid=i","cat":314998},{"id":110509,"n":"boisson végétale lait d'amande non grillée sans sucre alpro-1l","p":2.52,"u":"2,52 €/L","img":"https://fd9-photos.leclercdrive.fr/image.ashx?id=2980085&use=l&cat=p&typeid=i","cat":316067},{"id":110566,"n":"Crème dépilatoire Veet Men Corps Peaux Sensibles 200ml","p":4.38,"u":"21,90 €/L","img":"https://fd9-photos.leclercdrive.fr/image.ashx?id=2965689&use=l&cat=p&typeid=i","cat":284617},{"id":110568,"n":"Gel Lubrifiant Intime Durex Naturel Confort Base Eau 100ml","p":7.62,"u":"76,20 €/L","img":"https://fd9-photos.leclercdrive.fr/image.ashx?id=2960687&use=l&cat=p&typeid=i","cat":285160},{"id":110586,"n":"Diffuseur Sense & Spray Glade Bois de Santal & Jasmin 18ml","p":7.83,"u":"Dont 0,02 € d'éco-part.","img":"https://fd9-photos.leclercdrive.fr/image.ashx?id=1704085&use=l&cat=p&typeid=i","cat":311629},{"id":110590,"n":"Recharge Électrique Glade Bois de Santal & Jasmin 20ml","p":3.93,"img":"https://fd9-photos.leclercdrive.fr/image.ashx?id=2600773&use=l&cat=p&typeid=i","cat":311629},{"id":110595,"n":"Gel Lave-Vaisselle Sun Tout-en-1 Expert Plus 52 Lavage","p":7.99,"u":"8,88 €/L","img":"https://fd9-photos.leclercdrive.fr/image.ashx?id=2835580&use=l&cat=p&typeid=i","cat":284656},{"id":110597,"n":"Tielles de Sète Pêcheries Sétoises 4 x 110g","p":5.06,"u":"11,50 €/KG","img":"https://fd9-photos.leclercdrive.fr/image.ashx?id=2149052&use=l&cat=p&typeid=i","cat":285094},{"id":110643,"n":"Yaourt à la Grecque Délisse Caramel beurre salé - 4x150g","p":2.59,"u":"4,32 €/KG","img":"https://fd9-photos.leclercdrive.fr/image.ashx?id=2699753&use=l&cat=p&typeid=i","cat":314999},{"id":110707,"n":"Beurre gastronomique Les Croisé Doux - 82% MG - 250g","p":2.49,"u":"9,96 €/KG","img":"https://fd9-photos.leclercdrive.fr/image.ashx?id=2833005&use=l&cat=p&typeid=i","cat":284379},{"id":110712,"n":"Boisson lacté Délisse Vanille - 6x20cl","p":2.19,"u":"1,83 €/L","img":"https://fd9-photos.leclercdrive.fr/image.ashx?id=2171916&use=l&cat=p&typeid=i","cat":295246},{"id":110827,"n":"Jus pour bébé Naturnes Bio Pomme mangue 6M+ 20cl","p":0.78,"u":"3,90 €/L","img":"https://fd9-photos.leclercdrive.fr/image.ashx?id=2406235&use=l&cat=p&typeid=i","cat":312388},{"id":110846,"n":"Huile végétale So'Bio Etic de ricin bio - 50ml","p":4.68,"u":"93,60 €/L","img":"https://fd9-photos.leclercdrive.fr/image.ashx?id=2752465&use=l&cat=p&typeid=i","cat":325349},{"id":110856,"n":"Pack bières blondes 8.6 8.6%vol - 4x50cl","p":5.35,"u":"2,68 €/L","img":"https://fd9-photos.leclercdrive.fr/image.ashx?id=2841601&use=l&cat=p&typeid=i","cat":334853},{"id":111362,"n":"Poitrine Fumée Eco+ 4 tranches","p":2.83,"u":"0,71 €/TRC","img":"https://fd9-photos.leclercdrive.fr/image.ashx?id=2709559&use=l&cat=p&typeid=i","cat":316011},{"id":111363,"n":"Allumettes Eco+ Nature - 2x100g","p":1.18,"u":"5,90 €/KG","img":"https://fd9-photos.leclercdrive.fr/image.ashx?id=2688255&use=l&cat=p&typeid=i","cat":316011},{"id":111365,"n":"Lardons Eco+ Fumés - 180g","p":1.32,"u":"7,33 €/KG","img":"https://fd9-photos.leclercdrive.fr/image.ashx?id=2805066&use=l&cat=p&typeid=i","cat":316011},{"id":111368,"n":"Lardons nature Eco+ 180g","p":1.2,"u":"6,67 €/KG","img":"https://fd9-photos.leclercdrive.fr/image.ashx?id=2809888&use=l&cat=p&typeid=i","cat":316011},{"id":111369,"n":"Allumettes Eco+ Fumées - 2x100g","p":1.17,"u":"5,85 €/KG","img":"https://fd9-photos.leclercdrive.fr/image.ashx?id=2688258&use=l&cat=p&typeid=i","cat":316011},{"id":111414,"n":"Repas bébé Blédichef 12 mois  Spaghetti bolognaise - 230g","p":1.75,"u":"7,61 €/KG","img":"https://fd9-photos.leclercdrive.fr/image.ashx?id=2643491&use=l&cat=p&typeid=i","cat":312237},{"id":111415,"n":"Repas bébé Blédichef 12 mois Purée épinards saumon - 230g","p":1.72,"u":"6,88 €/KG","img":"https://fd9-photos.leclercdrive.fr/image.ashx?id=1710731&use=l&cat=p&typeid=i","cat":312237},{"id":111418,"n":"Repas bébé Blédichef 15 mois Risotto courgette saumon - 250g","p":1.98,"u":"7,92 €/KG","img":"https://fd9-photos.leclercdrive.fr/image.ashx?id=2643488&use=l&cat=p&typeid=i","cat":312238},{"id":111419,"n":"Repas bébé Blédichef 24 mois  Macaroni carotte boeuf - 250g","p":1.78,"u":"7,12 €/KG","img":"https://fd9-photos.leclercdrive.fr/image.ashx?id=2951593&use=l&cat=p&typeid=i","cat":312238},{"id":111422,"n":"Compotes Pom'Potes Gourdes  Pomm P. Frais P. Framb - 32x90g","p":12.51,"u":"4,34 €/KG","img":"https://fd9-photos.leclercdrive.fr/image.ashx?id=2870182&use=l&cat=p&typeid=i","cat":284508},{"id":111424,"n":"Repas bébé Blédichef 12 mois  Hachis parmentier - 230g","p":1.69,"u":"7,35 €/KG","img":"https://fd9-photos.leclercdrive.fr/image.ashx?id=2478571&use=l&cat=p&typeid=i","cat":312237},{"id":111432,"n":"Plat bébé soir Blédichef 15mois Pomme de terre chou fleur -250g","p":1.93,"u":"7,72 €/KG","img":"https://fd9-photos.leclercdrive.fr/image.ashx?id=2479018&use=l&cat=p&typeid=i","cat":312239},{"id":111433,"n":"Repas bébé Blédichef 18 mois  Paëlla - 250g","p":1.84,"u":"7,36 €/KG","img":"https://fd9-photos.leclercdrive.fr/image.ashx?id=2951587&use=l&cat=p&typeid=i","cat":312238},{"id":111435,"n":"Repas bébé Blédichef 18 mois  Ratatouille poulet - 250g","p":1.91,"u":"7,64 €/KG","img":"https://fd9-photos.leclercdrive.fr/image.ashx?id=2951596&use=l&cat=p&typeid=i","cat":312238},{"id":111587,"n":"Café dosettes Tassimo L'Or XL Classique x16","p":4.87,"u":"35,81 €/KG","img":"https://fd9-photos.leclercdrive.fr/image.ashx?id=2100308&use=l&cat=p&typeid=i","cat":293240},{"id":111828,"n":"Compote Charles & Alice Pommes Framboises - 4x100g","p":1.76,"u":"4,40 €/KG","img":"https://fd9-photos.leclercdrive.fr/image.ashx?id=2757341&use=l&cat=p&typeid=i","cat":284416},{"id":111829,"n":"Compote Charles & Alice Pommes Fraises - 4x100g","p":1.75,"u":"4,38 €/KG","img":"https://fd9-photos.leclercdrive.fr/image.ashx?id=2757338&use=l&cat=p&typeid=i","cat":284416},{"id":111914,"n":"Bière ambrée Grimbergen 6,5° - 12x25cl","p":10.14,"u":"3,38 €/L","img":"https://fd9-photos.leclercdrive.fr/image.ashx?id=2294378&use=l&cat=p&typeid=i","cat":334852},{"id":111921,"n":"Dessert végétal soja Alpro Mangue sans sucres - 400g","p":2.36,"u":"5,90 €/KG","img":"https://fd9-photos.leclercdrive.fr/image.ashx?id=2976086&use=l&cat=p&typeid=i","cat":316071},{"id":111933,"n":"Dentifrice Sensodyne Répare & Protège - 75ml","p":4.3,"u":"57,33 €/L","img":"https://fd9-photos.leclercdrive.fr/image.ashx?id=2592942&use=l&cat=p&typeid=i","cat":284612},{"id":111938,"n":"Bière blonde Affligem  Sans alcool - 6x25cl","p":5.01,"u":"3,34 €/L","img":"https://fd9-photos.leclercdrive.fr/image.ashx?id=2979695&use=l&cat=p&typeid=i","cat":334877},{"id":111972,"n":"Serviettes Discreet Tena Lady Extra Plus - x16","p":6.46,"u":"0,40 €/P","img":"https://fd9-photos.leclercdrive.fr/image.ashx?id=2597250&use=l&cat=p&typeid=i","cat":284628},{"id":111987,"n":"Repas bébé Blédichef 18 mois  Pâtes boeuf bourguignon - 250g","p":1.8,"u":"7,20 €/KG","img":"https://fd9-photos.leclercdrive.fr/image.ashx?id=2643746&use=l&cat=p&typeid=i","cat":312238},{"id":111988,"n":"Plat bébé soir Blédichef 18mois Pâtes carotte - 250g","p":1.69,"u":"6,76 €/KG","img":"https://fd9-photos.leclercdrive.fr/image.ashx?id=2479024&use=l&cat=p&typeid=i","cat":312239},{"id":111989,"n":"Plat bébé soir Blédichef 12mois Semoule carotte - 230g","p":1.59,"u":"6,91 €/KG","img":"https://fd9-photos.leclercdrive.fr/image.ashx?id=2852363&use=l&cat=p&typeid=i","cat":312239},{"id":111990,"n":"Plat bébé soir Blédichef 18mois Pâtes épinards carotte - 250g","p":1.82,"u":"7,28 €/KG","img":"https://fd9-photos.leclercdrive.fr/image.ashx?id=2479027&use=l&cat=p&typeid=i","cat":312239},{"id":112125,"n":"Crème nutritive nuit So'bio Précieux Argan bio  - 50ml","p":11.63,"u":"232,60 €/L","img":"https://fd9-photos.leclercdrive.fr/image.ashx?id=2990715&use=l&cat=p&typeid=i","cat":325345},{"id":112145,"n":"Pomme de terre de consommation Eco+ 5kg","p":2.99,"u":"0,60 €/KG","img":"https://fd9-photos.leclercdrive.fr/image.ashx?id=2888926&use=l&cat=p&typeid=i","cat":284352},{"id":112150,"n":"Graisse à Frire Vegétaline 100% végétale - 1kg","p":7.09,"u":"7,09 €/KG","img":"https://fd9-photos.leclercdrive.fr/image.ashx?id=1928297&use=l&cat=p&typeid=i","cat":315229},{"id":112153,"n":"Planta Fin Cuisson 79%MG - 500ml","p":2.55,"u":"5,10 €/L","img":"https://fd9-photos.leclercdrive.fr/image.ashx?id=2793083&use=l&cat=p&typeid=i","cat":315229},{"id":112291,"n":"Yaourt protéiné Hipro Myrtille 0%mg - 2x160g","p":2.22,"u":"6,94 €/KG","img":"https://fd9-photos.leclercdrive.fr/image.ashx?id=2800285&use=l&cat=p&typeid=i","cat":315000},{"id":112292,"n":"Yaourt protéiné Hipro Citron 0%mg - 2x160g","p":2.14,"u":"6,69 €/KG","img":"https://fd9-photos.leclercdrive.fr/image.ashx?id=2945415&use=l&cat=p&typeid=i","cat":315000},{"id":112293,"n":"Yaourt à boire protéiné Hipro Vanille cookie 0%mg - 300g","p":2.18,"u":"7,27 €/KG","img":"https://fd9-photos.leclercdrive.fr/image.ashx?id=2329753&use=l&cat=p&typeid=i","cat":315000},{"id":112294,"n":"Yaourt à boire protéiné Hipro Fraise framboise 0%mg - 300g","p":2.04,"u":"6,80 €/KG","img":"https://fd9-photos.leclercdrive.fr/image.ashx?id=2806060&use=l&cat=p&typeid=i","cat":315000},{"id":112374,"n":"Matière grasse Saint Hubert Sans sel - 50mg omega 3 - 250g","p":2.42,"u":"9,68 €/KG","img":"https://fd9-photos.leclercdrive.fr/image.ashx?id=3000120&use=l&cat=p&typeid=i","cat":315229},{"id":112396,"n":"Yaourts gourmand Mamie Nova Fraise - 2x150g","p":1.45,"u":"4,83 €/KG","img":"https://fd9-photos.leclercdrive.fr/image.ashx?id=2986242&use=l&cat=p&typeid=i","cat":284410},{"id":112471,"n":"Mousse Danette  Chocolat - 4x60g","p":1.69,"u":"7,04 €/KG","img":"https://fd9-photos.leclercdrive.fr/image.ashx?id=2964923&use=l&cat=p&typeid=i","cat":284417},{"id":112473,"n":"Mousse Danette Vanille - 4x60g","p":1.79,"u":"7,46 €/KG","img":"https://fd9-photos.leclercdrive.fr/image.ashx?id=2980860&use=l&cat=p&typeid=i","cat":284417},{"id":112550,"n":"Feuille de chêne 125g","p":1.46,"u":"11,68 €/KG","img":"https://fd9-photos.leclercdrive.fr/image.ashx?id=2657966&use=l&cat=p&typeid=i","cat":284353},{"id":112556,"n":"Oignon rouge Bio  Bio Village - 500g","p":2.49,"u":"4,98 €/KG","img":"https://fd9-photos.leclercdrive.fr/image.ashx?id=2922460&use=l&cat=p&typeid=i","cat":284352},{"id":112621,"n":"Riz au lait La Laitière Vanille - 4x115g","p":1.59,"u":"3,46 €/KG","img":"https://fd9-photos.leclercdrive.fr/image.ashx?id=2661151&use=l&cat=p&typeid=i","cat":284418},{"id":112623,"n":"Riz au lait La Laitière Vanille - 8x115g","p":3.12,"u":"3,39 €/KG","img":"https://fd9-photos.leclercdrive.fr/image.ashx?id=2610783&use=l&cat=p&typeid=i","cat":284418},{"id":112624,"n":"Semoule au lait La Laitière Vanille - 4x115g","p":1.65,"u":"3,59 €/KG","img":"https://fd9-photos.leclercdrive.fr/image.ashx?id=2654578&use=l&cat=p&typeid=i","cat":284418},{"id":112699,"n":"yaourt bifidus activia muesli framboise chia - 170g","p":1.93,"u":"11,35 €/KG","img":"https://fd9-photos.leclercdrive.fr/image.ashx?id=2965888&use=l&cat=p&typeid=i","cat":315000},{"id":112761,"n":"Kid Smile McCain 850g","p":2.65,"u":"3,12 €/KG","img":"https://fd9-photos.leclercdrive.fr/image.ashx?id=2745802&use=l&cat=p&typeid=i","cat":319792},{"id":112806,"n":"Soupe Liquide Liebig  10 Légumes & Crème fraiche - 1L","p":2.4,"u":"2,40 €/L","img":"https://fd9-photos.leclercdrive.fr/image.ashx?id=2941484&use=l&cat=p&typeid=i","cat":284462},{"id":112807,"n":"Soupe liquide Liebig  Légumes et vermicelles - 2x30cl","p":2.0,"u":"3,33 €/L","img":"https://fd9-photos.leclercdrive.fr/image.ashx?id=2164075&use=l&cat=p&typeid=i","cat":284462},{"id":112808,"n":"Soupe liquide Liebig légumes Et vermicelles - Brique 1L","p":2.16,"u":"2,16 €/L","img":"https://fd9-photos.leclercdrive.fr/image.ashx?id=2892142&use=l&cat=p&typeid=i","cat":284462},{"id":112811,"n":"Gel Lave-Vaisselle Sun Tout-en-1 Citron 52 Lavages","p":7.9,"u":"8,78 €/L","img":"https://fd9-photos.leclercdrive.fr/image.ashx?id=2356268&use=l&cat=p&typeid=i","cat":284656},{"id":112842,"n":"Boisson lactée Danao Pomme Fruits exotiques - 900ml","p":2.54,"u":"2,82 €/L","img":"https://fd9-photos.leclercdrive.fr/image.ashx?id=2126409&use=l&cat=p&typeid=i","cat":295246},{"id":112845,"n":"Boisson lactée Danao Mangue - 900ml","p":2.66,"u":"2,96 €/L","img":"https://fd9-photos.leclercdrive.fr/image.ashx?id=2284682&use=l&cat=p&typeid=i","cat":295246},{"id":112850,"n":"Yaourt à boire vanille Michel & Augustin - 500 ml","p":2.46,"u":"4,92 €/L","img":"https://fd9-photos.leclercdrive.fr/image.ashx?id=2176380&use=l&cat=p&typeid=i","cat":284415},{"id":113108,"n":"Tartine Grilletine de Pasquier Froment - x18 - 242g","p":1.63,"u":"6,74 €/KG","img":"https://fd9-photos.leclercdrive.fr/image.ashx?id=2333060&use=l&cat=p&typeid=i","cat":284479},{"id":113110,"n":"Tartine Grilletine de Pasquier Blé complet - x18 - 242g","p":1.61,"u":"6,65 €/KG","img":"https://fd9-photos.leclercdrive.fr/image.ashx?id=2333063&use=l&cat=p&typeid=i","cat":284479},{"id":113127,"n":"Groseilles Panier du Primeur 125g","p":2.89,"u":"23,12 €/KG","img":"https://fd9-photos.leclercdrive.fr/image.ashx?id=2365487&use=l&cat=p&typeid=i","cat":284356},{"id":113128,"n":"Mûre Panier du Primeur 125g","p":3.49,"u":"27,92 €/KG","img":"https://fd9-photos.leclercdrive.fr/image.ashx?id=2365490&use=l&cat=p&typeid=i","cat":284356},{"id":113130,"n":"Citrons verts Panier du Primeur 500g","p":1.99,"u":"3,98 €/KG","img":"https://fd9-photos.leclercdrive.fr/image.ashx?id=2373018&use=l&cat=p&typeid=i","cat":284356},{"id":113163,"n":"Framboises Panier du Primeur 125g","p":2.59,"u":"20,72 €/KG","img":"https://fd9-photos.leclercdrive.fr/image.ashx?id=2843800&use=l&cat=p&typeid=i","cat":284356},{"id":113221,"n":"Crème Fleurette Légère 12% MG - 38cl","p":1.74,"u":"4,58 €/L","img":"https://fd9-photos.leclercdrive.fr/image.ashx?id=2733661&use=l&cat=p&typeid=i","cat":284381},{"id":113292,"n":"Boisson énergisante Monster Energy Punch Pipeline - 50CL","p":1.57,"u":"3,14 €/L","img":"https://fd9-photos.leclercdrive.fr/image.ashx?id=2207436&use=l&cat=p&typeid=i","cat":284533},{"id":113330,"n":"Petits pois Cassegrain 2x280g","p":3.55,"u":"6,34 €/KG","img":"https://fd9-photos.leclercdrive.fr/image.ashx?id=2138611&use=l&cat=p&typeid=i","cat":312607},{"id":113334,"n":"Petits pois carottes Cassegrain 2x265g","p":3.55,"u":"6,70 €/KG","img":"https://fd9-photos.leclercdrive.fr/image.ashx?id=2953453&use=l&cat=p&typeid=i","cat":312607},{"id":113358,"n":"Bière ambrée Leffe 6,6% - 12x25cl","p":10.12,"u":"3,37 €/L","img":"https://fd9-photos.leclercdrive.fr/image.ashx?id=2533985&use=l&cat=p&typeid=i","cat":334852},{"id":113654,"n":"Xtrem Box Sodebo Radiatori Bœuf Poivre - 400g","p":3.5,"u":"8,75 €/KG","img":"https://fd9-photos.leclercdrive.fr/image.ashx?id=2643998&use=l&cat=p&typeid=i","cat":334983},{"id":113657,"n":"Boisson Sunny Delight Doux California - 50cl","p":1.17,"u":"2,34 €/L","img":"https://fd9-photos.leclercdrive.fr/image.ashx?id=2311834&use=l&cat=p&typeid=i","cat":295018},{"id":113680,"n":"Brioche tressée Nature Harrys Sucre perlé sans additif - 500g","p":2.89,"u":"5,78 €/KG","img":"https://fd9-photos.leclercdrive.fr/image.ashx?id=2503013&use=l&cat=p&typeid=i","cat":284478},{"id":113701,"n":"Ovale Président L'Extra Fondant - 200g","p":2.87,"u":"14,35 €/KG","img":"https://fd9-photos.leclercdrive.fr/image.ashx?id=3008248&use=l&cat=p&typeid=i","cat":314033},{"id":113709,"n":"Crème dessert La Laitière Pot de crème caramel - 4x100g","p":2.36,"u":"5,90 €/KG","img":"https://fd9-photos.leclercdrive.fr/image.ashx?id=2849683&use=l&cat=p&typeid=i","cat":285041},{"id":113711,"n":"Filets de cabillaud Findus MSC - 600g","p":14.73,"u":"24,55 €/KG","img":"https://fd9-photos.leclercdrive.fr/image.ashx?id=2735350&use=l&cat=p&typeid=i","cat":319786},{"id":113743,"n":"Tenders Maître Coq Filet de poulet crusty - 380g","p":5.97,"u":"15,71 €/KG","img":"https://fd9-photos.leclercdrive.fr/image.ashx?id=2773412&use=l&cat=p&typeid=i","cat":333684},{"id":113747,"n":"Fromage raclette Les Croisés Aux Herbes de provence - 250g","p":4.34,"u":"17,36 €/KG","img":"https://fd9-photos.leclercdrive.fr/image.ashx?id=2793296&use=l&cat=p&typeid=i","cat":314037},{"id":113754,"n":"Crème fraîche Yoplait Légère -12% matière grasse 450g","p":1.45,"u":"3,22 €/KG","img":"https://fd9-photos.leclercdrive.fr/image.ashx?id=2811032&use=l&cat=p&typeid=i","cat":284381},{"id":113808,"n":"Crème dessert La Laitière Pot de crème vanille - 4x100g","p":2.28,"u":"5,70 €/KG","img":"https://fd9-photos.leclercdrive.fr/image.ashx?id=2875969&use=l&cat=p&typeid=i","cat":285041},{"id":113811,"n":"Crème dessert La Laitière Pot de crème chocolat - 4x100g","p":2.23,"u":"5,58 €/KG","img":"https://fd9-photos.leclercdrive.fr/image.ashx?id=2875966&use=l&cat=p&typeid=i","cat":285041},{"id":113813,"n":"Crème dessert La Laitière Pot de crème café - 4x100g","p":2.43,"u":"6,08 €/KG","img":"https://fd9-photos.leclercdrive.fr/image.ashx?id=2875963&use=l&cat=p&typeid=i","cat":285041},{"id":113854,"n":"Panaché Millbrau <0.5%vol - 10x25cl","p":2.45,"u":"0,98 €/L","img":"https://fd9-photos.leclercdrive.fr/image.ashx?id=2059071&use=l&cat=p&typeid=i","cat":334877},{"id":113858,"n":"Yaourt à la grecque YAOS Nature - 8x125g","p":3.35,"u":"3,35 €/KG","img":"https://fd9-photos.leclercdrive.fr/image.ashx?id=2418462&use=l&cat=p&typeid=i","cat":314999},{"id":114017,"n":"Bière blonde Heineken 5%vol - 12x33cl","p":9.2,"u":"2,32 €/L","img":"https://fd9-photos.leclercdrive.fr/image.ashx?id=3008125&use=l&cat=p&typeid=i","cat":334853},{"id":114023,"n":"Thon au naturel Petit Navire Démarche Responsable - 280g","p":4.6,"u":"16,43 €/KG","img":"https://fd9-photos.leclercdrive.fr/image.ashx?id=2909974&use=l&cat=p&typeid=i","cat":303867},{"id":114047,"n":"Plat bébé soir Blédichef 12mois Macaroni courgette - 2x230g","p":3.4,"u":"7,39 €/KG","img":"https://fd9-photos.leclercdrive.fr/image.ashx?id=2560690&use=l&cat=p&typeid=i","cat":312239},{"id":114095,"n":"Mouchoirs blancs 3 plis Caresse Boîte - x150","p":1.65,"u":"0,01 €/P","img":"https://fd9-photos.leclercdrive.fr/image.ashx?id=2779298&use=l&cat=p&typeid=i","cat":284638},{"id":114099,"n":"Lingettes Pampers Freshclean - x52","p":1.68,"u":"0,03 €/P","img":"https://fd9-photos.leclercdrive.fr/image.ashx?id=2280365&use=l&cat=p&typeid=i","cat":284738},{"id":114102,"n":"Change culottes Mots d'enfants T5 : 12/18kg - x40","p":9.75,"u":"0,24 €/P","img":"https://fd9-photos.leclercdrive.fr/image.ashx?id=2907237&use=l&cat=p&typeid=i","cat":290633},{"id":114103,"n":"Change culottes Mots d'enfants T6 : +16kg - x36","p":9.75,"u":"0,27 €/P","img":"https://fd9-photos.leclercdrive.fr/image.ashx?id=2907240&use=l&cat=p&typeid=i","cat":290633},{"id":114152,"n":"Pâtes bio Jardin Bio Bon tuyaux semi-complets - 500g","p":1.8,"u":"3,60 €/KG","img":"https://fd9-photos.leclercdrive.fr/image.ashx?id=2963190&use=l&cat=p&typeid=i","cat":284427},{"id":114238,"n":"Yaourt gourde Délisse Vanille/framboise - 6x90g","p":2.97,"u":"33,00 €/KG","img":"https://fd9-photos.leclercdrive.fr/image.ashx?id=2705089&use=l&cat=p&typeid=i","cat":284415},{"id":114242,"n":"Taboulé Oriental Pierre Martinet - 510g","p":2.18,"u":"4,27 €/KG","img":"https://fd9-photos.leclercdrive.fr/image.ashx?id=2684491&use=l&cat=p&typeid=i","cat":333657},{"id":114245,"n":"Fromage Beaufort NRT AOP  200g","p":4.99,"u":"24,95 €/KG","img":"https://fd9-photos.leclercdrive.fr/image.ashx?id=2271969&use=l&cat=p&typeid=i","cat":329184},{"id":114406,"n":"Taboulé Pierre Martinet Oriental à l'huile d'olive 310g","p":1.45,"u":"4,68 €/KG","img":"https://fd9-photos.leclercdrive.fr/image.ashx?id=2432241&use=l&cat=p&typeid=i","cat":333657},{"id":114410,"n":"Galette Coté Table Lardons champignons - 195g","p":1.75,"u":"8,97 €/KG","img":"https://fd9-photos.leclercdrive.fr/image.ashx?id=2835035&use=l&cat=p&typeid=i","cat":333672},{"id":114522,"n":"Bière blonde Leffe Triple 8,5% - 12x25cl","p":10.54,"u":"3,51 €/L","img":"https://fd9-photos.leclercdrive.fr/image.ashx?id=2548294&use=l&cat=p&typeid=i","cat":334852},{"id":114652,"n":"Mouchoirs blanc 2 plis Caresse Boîte mouchoirs papier - x180","p":1.69,"u":"0,01 €/P","img":"https://fd9-photos.leclercdrive.fr/image.ashx?id=2752640&use=l&cat=p&typeid=i","cat":284638},{"id":114654,"n":"Allumettes Silex 10cm - x70","p":1.26,"u":"0,02 €/P","img":"https://fd9-photos.leclercdrive.fr/image.ashx?id=2595942&use=l&cat=p&typeid=i","cat":300578},{"id":114784,"n":"Comté fromage bloc Les Croisés 350g","p":4.75,"u":"13,57 €/KG","img":"https://fd9-photos.leclercdrive.fr/image.ashx?id=2856636&use=l&cat=p&typeid=i","cat":314034},{"id":114805,"n":"Coeur Coulant Bonne Maman Chocolat - 2x80g","p":2.89,"u":"18,06 €/KG","img":"https://fd9-photos.leclercdrive.fr/image.ashx?id=2912326&use=l&cat=p&typeid=i","cat":284419},{"id":114807,"n":"Dessert Fruitier Andros Poire Williams morceaux 4x100g","p":2.89,"u":"7,23 €/KG","img":"https://fd9-photos.leclercdrive.fr/image.ashx?id=2908198&use=l&cat=p&typeid=i","cat":284416},{"id":114901,"n":"Plat bébé Blédina 12 mois  Artichaut dinde - 2x200g","p":3.24,"u":"8,10 €/KG","img":"https://fd9-photos.leclercdrive.fr/image.ashx?id=2975089&use=l&cat=p&typeid=i","cat":312237},{"id":114939,"n":"Pizza del gusto chèvre miel Mix 380g","p":5.58,"u":"14,68 €/KG","img":"https://fd9-photos.leclercdrive.fr/image.ashx?id=2579062&use=l&cat=p&typeid=i","cat":333679},{"id":114956,"n":"Skyr Myrtille Délisse 450g","p":2.69,"u":"5,98 €/KG","img":"https://fd9-photos.leclercdrive.fr/image.ashx?id=2992552&use=l&cat=p&typeid=i","cat":315000},{"id":114970,"n":"Beurrier tendre Président Doux - 82% MG - 125g","p":2.01,"u":"16,08 €/KG","img":"https://fd9-photos.leclercdrive.fr/image.ashx?id=2917435&use=l&cat=p&typeid=i","cat":284379},{"id":115011,"n":"Lingettes bébé Mots d'enfants à l'eau - x60","p":1.66,"u":"0,03 €/P","img":"https://fd9-photos.leclercdrive.fr/image.ashx?id=3014293&use=l&cat=p&typeid=i","cat":284738},{"id":115070,"n":"Tarte tatin pommes Bonne Maman 2x120g","p":2.42,"u":"10,08 €/KG","img":"https://fd9-photos.leclercdrive.fr/image.ashx?id=2879092&use=l&cat=p&typeid=i","cat":284419},{"id":115072,"n":"Girasoli Lustucru Selection  Cèpes Ricotta - 250g","p":2.81,"u":"11,24 €/KG","img":"https://fd9-photos.leclercdrive.fr/image.ashx?id=2974599&use=l&cat=p&typeid=i","cat":333682},{"id":115095,"n":"AOP Comté Entremont Les Terroirs du Comté - 200g","p":4.12,"u":"20,60 €/KG","img":"https://fd9-photos.leclercdrive.fr/image.ashx?id=2504047&use=l&cat=p&typeid=i","cat":314034},{"id":115114,"n":"Polka Haribo Sachet bonbons - 300g","p":1.38,"u":"4,60 €/KG","img":"https://fd9-photos.leclercdrive.fr/image.ashx?id=2982414&use=l&cat=p&typeid=i","cat":304250},{"id":115115,"n":"Les Schtroumpfs Haribo Sachet bonbons - 300g","p":1.45,"u":"4,83 €/KG","img":"https://fd9-photos.leclercdrive.fr/image.ashx?id=2788475&use=l&cat=p&typeid=i","cat":304250},{"id":115116,"n":"Chamallows Haribo Guimauves   - 300g","p":1.48,"u":"4,93 €/KG","img":"https://fd9-photos.leclercdrive.fr/image.ashx?id=2984937&use=l&cat=p&typeid=i","cat":304250},{"id":115163,"n":"Infusion Twinings Ayurveda gingembre miel et citron x20","p":2.85,"u":"89,06 €/KG","img":"https://fd9-photos.leclercdrive.fr/image.ashx?id=2893036&use=l&cat=p&typeid=i","cat":293234},{"id":115187,"n":"Toasts ronds Persil citron Jacquet - 250g","p":1.34,"u":"5,36 €/KG","img":"https://fd9-photos.leclercdrive.fr/image.ashx?id=2729821&use=l&cat=p&typeid=i","cat":285454},{"id":115188,"n":"Toasts ronds Seigle Jacquet - 250g","p":1.44,"u":"5,76 €/KG","img":"https://fd9-photos.leclercdrive.fr/image.ashx?id=2741340&use=l&cat=p&typeid=i","cat":285454},{"id":115189,"n":"Toasts ronds Figues Jacquet - 250g","p":1.56,"u":"6,24 €/KG","img":"https://fd9-photos.leclercdrive.fr/image.ashx?id=2741337&use=l&cat=p&typeid=i","cat":285454},{"id":115320,"n":"Capsules café Plantation Equilibré n°6 - x10 - 52g","p":2.19,"u":"42,12 €/KG","img":"https://fd9-photos.leclercdrive.fr/image.ashx?id=2891785&use=l&cat=p&typeid=i","cat":284749},{"id":115321,"n":"Capsules café Plantation Intense n°10 - x10 - 52g","p":2.19,"u":"42,12 €/KG","img":"https://fd9-photos.leclercdrive.fr/image.ashx?id=2908855&use=l&cat=p&typeid=i","cat":284749},{"id":115324,"n":"Capsules café Plantation Décaféiné n°5 -  x10 - 52g","p":2.39,"u":"45,96 €/KG","img":"https://fd9-photos.leclercdrive.fr/image.ashx?id=2918472&use=l&cat=p&typeid=i","cat":284749},{"id":115345,"n":"Capsules café Plantation Café vanille n°6 - x10 - 52g","p":2.39,"u":"45,96 €/KG","img":"https://fd9-photos.leclercdrive.fr/image.ashx?id=2918475&use=l&cat=p&typeid=i","cat":284749},{"id":115348,"n":"Capsules café Plantation Noisette n°7 - x10 - 52g","p":2.39,"u":"45,96 €/KG","img":"https://fd9-photos.leclercdrive.fr/image.ashx?id=2908858&use=l&cat=p&typeid=i","cat":284749},{"id":115349,"n":"Capsules café Plantation Intense n°10 - x30 - 156g","p":5.19,"u":"33,27 €/KG","img":"https://fd9-photos.leclercdrive.fr/image.ashx?id=2865095&use=l&cat=p&typeid=i","cat":284749},{"id":115350,"n":"Capsules café Plantation Equilibré N°6 - x30 - 156g","p":5.19,"u":"33,27 €/KG","img":"https://fd9-photos.leclercdrive.fr/image.ashx?id=2852249&use=l&cat=p&typeid=i","cat":284749},{"id":115357,"n":"Tablette De Chocolat A Patisser Pralinoise Praline - 180g","p":2.99,"u":"16,61 €/KG","img":"https://fd9-photos.leclercdrive.fr/image.ashx?id=2890265&use=l&cat=p&typeid=i","cat":285562},{"id":115363,"n":"Lait bébé en poudre Blédilait 1er âge 0-6 mois 900g","p":14.89,"u":"16,54 €/KG","img":"https://fd9-photos.leclercdrive.fr/image.ashx?id=2855052&use=l&cat=p&typeid=i","cat":284726},{"id":115364,"n":"Lait bébé en poudre Blédilait 2e âge 6-12 mois 900g","p":13.58,"u":"15,09 €/KG","img":"https://fd9-photos.leclercdrive.fr/image.ashx?id=2616853&use=l&cat=p&typeid=i","cat":284727},{"id":115409,"n":"Confit de canard Monfort Cuisses - 400g","p":7.0,"u":"17,50 €/KG","img":"https://fd9-photos.leclercdrive.fr/image.ashx?id=2324585&use=l&cat=p&typeid=i","cat":284339},{"id":115459,"n":"Pizza tartiflette Turini 450g","p":3.39,"u":"7,53 €/KG","img":"https://fd9-photos.leclercdrive.fr/image.ashx?id=2816597&use=l&cat=p&typeid=i","cat":333679},{"id":115463,"n":"Litière chats Tranquille Carbonite - 7.1kg","p":6.05,"u":"0,85 €/KG","img":"https://fd9-photos.leclercdrive.fr/image.ashx?id=2421871&use=l&cat=p&typeid=i","cat":284683},{"id":115488,"n":"Bière blonde 1664 5,5° - 12x25cl","p":7.59,"u":"2,53 €/L","img":"https://fd9-photos.leclercdrive.fr/image.ashx?id=2215566&use=l&cat=p&typeid=i","cat":334873},{"id":115492,"n":"Bière blonde 1664 5,5° - 6x25cl","p":4.13,"u":"2,75 €/L","img":"https://fd9-photos.leclercdrive.fr/image.ashx?id=2215572&use=l&cat=p&typeid=i","cat":334873},{"id":115502,"n":"Persil et Ail Rustica 75g","p":1.99,"u":"26,53 €/KG","img":"https://fd9-photos.leclercdrive.fr/image.ashx?id=2365493&use=l&cat=p&typeid=i","cat":319804},{"id":115528,"n":"Alcool 90° Primoplast 100ml","p":2.19,"u":"21,90 €/L","img":"https://fd9-photos.leclercdrive.fr/image.ashx?id=2856570&use=l&cat=p&typeid=i","cat":284630},{"id":115660,"n":"Boudin noir Bahier  Oignons à l'ancienne 2x125g","p":2.55,"u":"10,20 €/KG","img":"https://fd9-photos.leclercdrive.fr/image.ashx?id=3000680&use=l&cat=p&typeid=i","cat":316012},{"id":115661,"n":"Boudin noir Bahier  Aux pommes 2x125g","p":2.29,"u":"9,16 €/KG","img":"https://fd9-photos.leclercdrive.fr/image.ashx?id=2972439&use=l&cat=p&typeid=i","cat":316012},{"id":115662,"n":"Boudin blanc Bahier Nature 2x125g","p":2.79,"u":"11,16 €/KG","img":"https://fd9-photos.leclercdrive.fr/image.ashx?id=2965981&use=l&cat=p&typeid=i","cat":316012},{"id":115689,"n":"La Grillée Garden Gourmet Soja et Blé 150g","p":2.32,"u":"15,47 €/KG","img":"https://fd9-photos.leclercdrive.fr/image.ashx?id=2988689&use=l&cat=p&typeid=i","cat":316036},{"id":115771,"n":"Lait bébé en poudre Gallia Calisma 2e âge 6-12mois 2x600g","p":20.34,"u":"16,95 €/KG","img":"https://fd9-photos.leclercdrive.fr/image.ashx?id=2935750&use=l&cat=p&typeid=i","cat":284727},{"id":115772,"n":"Pâte à tartiner Bio Village Aux noisette bio - 600g","p":4.16,"u":"6,93 €/KG","img":"https://fd9-photos.leclercdrive.fr/image.ashx?id=2977201&use=l&cat=p&typeid=i","cat":284481},{"id":115773,"n":"Lait bébé en poudre Gallia Calisma 1er âge 0-6 mois 2x600g","p":23.42,"u":"19,52 €/KG","img":"https://fd9-photos.leclercdrive.fr/image.ashx?id=2953755&use=l&cat=p&typeid=i","cat":284726},{"id":115850,"n":"Compote Charles & Alice Pommes Passion - 4x97g","p":1.76,"u":"4,54 €/KG","img":"https://fd9-photos.leclercdrive.fr/image.ashx?id=2757692&use=l&cat=p&typeid=i","cat":284416},{"id":115872,"n":"Yaourt aux fruits bifidus Activia myrtille - 4x125g","p":1.89,"u":"3,78 €/KG","img":"https://fd9-photos.leclercdrive.fr/image.ashx?id=2886645&use=l&cat=p&typeid=i","cat":315000},{"id":115874,"n":"Dessert fruitier pomme pêche Andros x4","p":1.49,"u":"3,73 €/KG","img":"https://fd9-photos.leclercdrive.fr/image.ashx?id=2968100&use=l&cat=p&typeid=i","cat":284416},{"id":115906,"n":"Yaourt aromatisé Perle de Lait sur Lit de Framboise - 4x125g","p":2.32,"u":"5,04 €/P","img":"https://fd9-photos.leclercdrive.fr/image.ashx?id=2989207&use=l&cat=p&typeid=i","cat":314999},{"id":115907,"n":"Yaourt aromatisé Perle de Lait sur Lit de Caramel - 4x125g","p":2.31,"u":"4,62 €/KG","img":"https://fd9-photos.leclercdrive.fr/image.ashx?id=2989216&use=l&cat=p&typeid=i","cat":314999},{"id":115910,"n":"Yaourt brassé Perle de Lait Vanille - 8x125g","p":3.33,"u":"3,33 €/KG","img":"https://fd9-photos.leclercdrive.fr/image.ashx?id=2990568&use=l&cat=p&typeid=i","cat":314999},{"id":115963,"n":"Foie gras Delpeyrat Canard entier Sud ouest - 270g","p":32.99,"u":"122,19 €/KG","img":"https://fd9-photos.leclercdrive.fr/image.ashx?id=2906088&use=l&cat=p&typeid=i","cat":316008},{"id":115991,"n":"Squidgies Haribo Sachet bonbons - 200g","p":1.73,"u":"8,65 €/KG","img":"https://fd9-photos.leclercdrive.fr/image.ashx?id=2984934&use=l&cat=p&typeid=i","cat":304250},{"id":116002,"n":"Porto Cruz Blanc - 18%vol - 75cl","p":7.7,"u":"10,27 €/L","img":"https://fd9-photos.leclercdrive.fr/image.ashx?id=2535822&use=l&cat=p&typeid=i","cat":284913},{"id":116010,"n":"Biscotte Pasquier Blé sans sucre ajoutés - 300g","p":1.78,"u":"5,93 €/KG","img":"https://fd9-photos.leclercdrive.fr/image.ashx?id=2507952&use=l&cat=p&typeid=i","cat":284479},{"id":116096,"n":"Shampooing douche Petit Manava Fraise cerise - 250ml","p":1.35,"u":"5,40 €/L","img":"https://fd9-photos.leclercdrive.fr/image.ashx?id=1763207&use=l&cat=p&typeid=i","cat":284606},{"id":116114,"n":"Shampooing douche Petit Manava Pêche banane - 250ml","p":1.35,"u":"5,40 €/L","img":"https://fd9-photos.leclercdrive.fr/image.ashx?id=2440458&use=l&cat=p&typeid=i","cat":284606},{"id":116156,"n":"La Cancoillotte à la Truffe Le Francomtois - 200g","p":3.15,"u":"15,75 €/KG","img":"https://fd9-photos.leclercdrive.fr/image.ashx?id=2458436&use=l&cat=p&typeid=i","cat":314037},{"id":116170,"n":"Adoucissant concentré Hyperdou Fraîcheur x75 - 1.95L","p":3.61,"u":"1,85 €/L","img":"https://fd9-photos.leclercdrive.fr/image.ashx?id=2602949&use=l&cat=p&typeid=i","cat":284650},{"id":116224,"n":"Porto Tawny Cruz 18%vol - 75cl","p":7.43,"u":"9,91 €/L","img":"https://fd9-photos.leclercdrive.fr/image.ashx?id=2536373&use=l&cat=p&typeid=i","cat":284913},{"id":116240,"n":"Lait bébé liquide Blédilait croissance 1-3 ans 6x1L","p":12.12,"u":"2,02 €/L","img":"https://fd9-photos.leclercdrive.fr/image.ashx?id=2685799&use=l&cat=p&typeid=i","cat":284728},{"id":116250,"n":"LLait bébé en poudre Gallia Calisma 1er âge  0-6 mois 700g","p":14.32,"u":"20,46 €/KG","img":"https://fd9-photos.leclercdrive.fr/image.ashx?id=2479718&use=l&cat=p&typeid=i","cat":284726},{"id":116321,"n":"Soupe liquide Liebig tomates  Et vermicelles - Brique 1L","p":2.12,"u":"2,12 €/L","img":"https://fd9-photos.leclercdrive.fr/image.ashx?id=2941481&use=l&cat=p&typeid=i","cat":284462},{"id":116339,"n":"Test de grossesse Mercurochrome 1 pièce","p":4.62,"img":"https://fd9-photos.leclercdrive.fr/image.ashx?id=2806958&use=l&cat=p&typeid=i","cat":324482},{"id":116387,"n":"Pâte à tartiner Poulain  Cacao noisette - 400g","p":2.97,"u":"7,43 €/KG","img":"https://fd9-photos.leclercdrive.fr/image.ashx?id=2806354&use=l&cat=p&typeid=i","cat":284481},{"id":116406,"n":"Apéro de la mer  330g","p":4.52,"u":"13,70 €/KG","img":"https://fd9-photos.leclercdrive.fr/image.ashx?id=2109602&use=l&cat=p&typeid=i","cat":285191},{"id":116431,"n":"Parmentier de boeuf Charolais Fleury Michon - 300g","p":3.12,"u":"10,40 €/KG","img":"https://fd9-photos.leclercdrive.fr/image.ashx?id=2662346&use=l&cat=p&typeid=i","cat":333665},{"id":116432,"n":"Parmentier de saumon Fleury Michon - 300g","p":3.06,"u":"10,20 €/KG","img":"https://fd9-photos.leclercdrive.fr/image.ashx?id=2662349&use=l&cat=p&typeid=i","cat":333665},{"id":116434,"n":"Tartiflette Fleury Michon au reblochon AOP - 300g","p":4.13,"u":"13,77 €/KG","img":"https://fd9-photos.leclercdrive.fr/image.ashx?id=2277221&use=l&cat=p&typeid=i","cat":333665},{"id":116436,"n":"Rougail saucisses Fleury Michon riz créole - 300g","p":3.5,"u":"11,67 €/KG","img":"https://fd9-photos.leclercdrive.fr/image.ashx?id=2680152&use=l&cat=p&typeid=i","cat":333665},{"id":116557,"n":"Mouche bébé Prohinel  x2 embouts jetables","p":5.96,"img":"https://fd9-photos.leclercdrive.fr/image.ashx?id=2918817&use=l&cat=p&typeid=i","cat":289435},{"id":116659,"n":"Travers de bœuf Bigard 400g","p":7.95,"u":"19,88 €/KG","img":"https://fd9-photos.leclercdrive.fr/image.ashx?id=2208354&use=l&cat=p&typeid=i","cat":284328},{"id":116736,"n":"Roulé au fromage muscade  Qualité Traiteur x2 - 240g","p":3.76,"u":"7,83 €/KG","img":"https://fd9-photos.leclercdrive.fr/image.ashx?id=2793560&use=l&cat=p&typeid=i","cat":333671},{"id":116751,"n":"Sojasun mandarine citron vert 4x100g","p":1.66,"u":"4,15 €/KG","img":"https://fd9-photos.leclercdrive.fr/image.ashx?id=2355683&use=l&cat=p&typeid=i","cat":316071},{"id":116875,"n":"Salade & Cie Sodebo Palerme Jambon Speck Chèvre Pâtes 320g","p":4.43,"u":"13,84 €/KG","img":"https://fd9-photos.leclercdrive.fr/image.ashx?id=2771933&use=l&cat=p&typeid=i","cat":333657},{"id":116958,"n":"Chorizo Espagnol Merle 16 tranches - 80g","p":1.29,"u":"16,13 €/KG","img":"https://fd9-photos.leclercdrive.fr/image.ashx?id=2913259&use=l&cat=p&typeid=i","cat":316007},{"id":116967,"n":"Carottes filière  Panier du Primeur - 1kg","p":1.49,"u":"1,49 €/KG","img":"https://fd9-photos.leclercdrive.fr/image.ashx?id=2920226&use=l&cat=p&typeid=i","cat":284352},{"id":116985,"n":"Parmesan Râpé Giovanni Ferrari  22 mois AOP - 60g","p":1.81,"u":"30,17 €/KG","img":"https://fd9-photos.leclercdrive.fr/image.ashx?id=3002297&use=l&cat=p&typeid=i","cat":314035},{"id":117156,"n":"Yaourt à boire Actimel nature sans sucres - 6x100g","p":3.02,"u":"5,03 €/KG","img":"https://fd9-photos.leclercdrive.fr/image.ashx?id=2103484&use=l&cat=p&typeid=i","cat":284415},{"id":117166,"n":"crème dessert danette speculoos - 4x125g","p":1.68,"u":"3,36 €/KG","img":"https://fd9-photos.leclercdrive.fr/image.ashx?id=2915401&use=l&cat=p&typeid=i","cat":285041},{"id":117225,"n":"Sirop Moulin de Valdonne Grenadine - 70cl","p":3.06,"u":"4,37 €/L","img":"https://fd9-photos.leclercdrive.fr/image.ashx?id=2170610&use=l&cat=p&typeid=i","cat":295020},{"id":117235,"n":"Sirop Moulin de Valdonne Pêche abricot - 70cl","p":3.47,"u":"4,96 €/L","img":"https://fd9-photos.leclercdrive.fr/image.ashx?id=2170613&use=l&cat=p&typeid=i","cat":295020},{"id":117245,"n":"Sacs de congélation zip Alfapac Renforcé - x30","p":2.53,"img":"https://fd9-photos.leclercdrive.fr/image.ashx?id=2986338&use=l&cat=p&typeid=i","cat":334134},{"id":117248,"n":"Biscuits Gerblé Bio Amande cranberry - 132g","p":2.01,"u":"15,23 €/KG","img":"https://fd9-photos.leclercdrive.fr/image.ashx?id=2662868&use=l&cat=p&typeid=i","cat":318651},{"id":117252,"n":"Mouliné Régal Soupe Légumes d'autrefois - 1L","p":1.65,"u":"1,65 €/L","img":"https://fd9-photos.leclercdrive.fr/image.ashx?id=2607590&use=l&cat=p&typeid=i","cat":284462},{"id":117330,"n":"Champignon Notre Jardin Emincé Sans sel ajouté - 230g","p":1.18,"u":"5,13 €/KG","img":"https://fd9-photos.leclercdrive.fr/image.ashx?id=1792507&use=l&cat=p&typeid=i","cat":312610},{"id":117404,"n":"La Poêlée Rustique Bonduelle 750g","p":3.5,"u":"4,67 €/KG","img":"https://fd9-photos.leclercdrive.fr/image.ashx?id=2910055&use=l&cat=p&typeid=i","cat":319823},{"id":117407,"n":"Poêlée à la paysanne Bonduelle 750g","p":3.48,"u":"4,64 €/KG","img":"https://fd9-photos.leclercdrive.fr/image.ashx?id=2907911&use=l&cat=p&typeid=i","cat":319823},{"id":117570,"n":"Galettes de riz Tables du monde Sachet - 100g","p":2.25,"u":"22,50 €/KG","img":"https://fd9-photos.leclercdrive.fr/image.ashx?id=2920223&use=l&cat=p&typeid=i","cat":288992},{"id":117668,"n":"Pizza Dolce Sodebo Margherita Tomate Marinées 400g","p":4.51,"u":"11,28 €/KG","img":"https://fd9-photos.leclercdrive.fr/image.ashx?id=2921642&use=l&cat=p&typeid=i","cat":333679},{"id":117675,"n":"Bisque hormard bleu NRT 490g","p":3.41,"u":"6,96 €/KG","img":"https://fd9-photos.leclercdrive.fr/image.ashx?id=2954160&use=l&cat=p&typeid=i","cat":285192},{"id":117705,"n":"Ras El Hanout Ducros Epices couscous - 38g","p":1.81,"u":"47,63 €/KG","img":"https://fd9-photos.leclercdrive.fr/image.ashx?id=2559490&use=l&cat=p&typeid=i","cat":298297},{"id":117721,"n":"Truite Fumée  Ronde des Mers  4 tranches - 120g","p":4.3,"u":"35,83 €/KG","img":"https://fd9-photos.leclercdrive.fr/image.ashx?id=2084096&use=l&cat=p&typeid=i","cat":285188},{"id":117828,"n":"Lardons fumés au bois CharcuFine du Forez - 140g","p":1.29,"u":"9,21 €/KG","img":"https://fd9-photos.leclercdrive.fr/image.ashx?id=2913268&use=l&cat=p&typeid=i","cat":316011},{"id":117829,"n":"Lardons natures  Charcufine du Forez - 140g","p":1.29,"u":"9,21 €/KG","img":"https://fd9-photos.leclercdrive.fr/image.ashx?id=2913271&use=l&cat=p&typeid=i","cat":316011},{"id":117881,"n":"Teinture textile Ideal Tout en un Bleu marine - 230g","p":3.02,"u":"13,13 €/KG","img":"https://fd9-photos.leclercdrive.fr/image.ashx?id=1848946&use=l&cat=p&typeid=i","cat":284651},{"id":118058,"n":"Paleron de boeuf  Bigard Jus à la vigneronne - 400g","p":8.28,"u":"20,70 €/KG","img":"https://fd9-photos.leclercdrive.fr/image.ashx?id=2386665&use=l&cat=p&typeid=i","cat":284328},{"id":118073,"n":"Jarret de porc  cuit Bigard Jus échalote romarin - 400g","p":6.2,"u":"15,50 €/KG","img":"https://fd9-photos.leclercdrive.fr/image.ashx?id=2014973&use=l&cat=p&typeid=i","cat":284331},{"id":118077,"n":"Joue de boeuf fondante Bigard  - 400g","p":8.98,"u":"22,45 €/KG","img":"https://fd9-photos.leclercdrive.fr/image.ashx?id=2208357&use=l&cat=p&typeid=i","cat":284328},{"id":118102,"n":"Huile Fruit d'Or Lesieur Végétale - 1L","p":4.32,"u":"4,32 €/L","img":"https://fd9-photos.leclercdrive.fr/image.ashx?id=2508003&use=l&cat=p&typeid=i","cat":284453},{"id":118289,"n":"Canard confit Marie Ecrasé de pomme de terre 300g","p":4.34,"u":"14,47 €/KG","img":"https://fd9-photos.leclercdrive.fr/image.ashx?id=2799886&use=l&cat=p&typeid=i","cat":333665},{"id":118320,"n":"Raclette Les Croisés  Moutarde - 250g","p":3.69,"u":"14,76 €/KG","img":"https://fd9-photos.leclercdrive.fr/image.ashx?id=2793287&use=l&cat=p&typeid=i","cat":314037},{"id":118408,"n":"Lait bébé en poudre Galliagest 1er âge 0-6 mois 820g","p":19.6,"u":"23,90 €/KG","img":"https://fd9-photos.leclercdrive.fr/image.ashx?id=2983054&use=l&cat=p&typeid=i","cat":284726},{"id":118412,"n":"Lait bébé en poudre Galliagest 2 âge 6-12 mois 820g","p":18.63,"u":"22,72 €/KG","img":"https://fd9-photos.leclercdrive.fr/image.ashx?id=2771666&use=l&cat=p&typeid=i","cat":284727},{"id":118442,"n":"Bonbons Tic Tac Menthe extra fraîche x100 - 49g","p":1.57,"u":"32,04 €/KG","img":"https://fd9-photos.leclercdrive.fr/image.ashx?id=2737243&use=l&cat=p&typeid=i","cat":304256},{"id":118447,"n":"Soupe deshydratée Knorr Tomate mozzarella - 75cl","p":1.56,"u":"2,08 €/L","img":"https://fd9-photos.leclercdrive.fr/image.ashx?id=2788919&use=l&cat=p&typeid=i","cat":284463},{"id":118536,"n":"Boules inox Eco+ x2","p":0.24,"u":"0,12 €/P","img":"https://fd9-photos.leclercdrive.fr/image.ashx?id=1862246&use=l&cat=p&typeid=i","cat":284667},{"id":118590,"n":"Blinis Cocktails Labeyrie  x24 - 200g","p":2.22,"u":"11,10 €/KG","img":"https://fd9-photos.leclercdrive.fr/image.ashx?id=2357904&use=l&cat=p&typeid=i","cat":285191},{"id":118597,"n":"Diffuseur Automatique Glade Bois de Santal & Jasmin 269ml","p":8.9,"u":"Dont 0,02 € d'éco-part.","img":"https://fd9-photos.leclercdrive.fr/image.ashx?id=1858577&use=l&cat=p&typeid=i","cat":311629},{"id":118614,"n":"Blinis pour saumon fumé Labeyrie x8 - 200g","p":2.25,"u":"11,25 €/KG","img":"https://fd9-photos.leclercdrive.fr/image.ashx?id=2971023&use=l&cat=p&typeid=i","cat":285191},{"id":118820,"n":"Chocolats Ferrero Collection Assortiments x48 - 518g","p":15.98,"u":"30,85 €/KG","img":"https://fd9-photos.leclercdrive.fr/image.ashx?id=2940510&use=l&cat=p&typeid=i","cat":327595},{"id":119022,"n":"Fromage Le Mottin  Crémeux - 185g","p":2.42,"u":"13,08 €/KG","img":"https://fd9-photos.leclercdrive.fr/image.ashx?id=2415574&use=l&cat=p&typeid=i","cat":329558},{"id":119136,"n":"Fromage de tête au jambon VPF L'Atelier Charcuterie - 170g","p":2.59,"u":"15,24 €/KG","img":"https://fd9-photos.leclercdrive.fr/image.ashx?id=2999556&use=l&cat=p&typeid=i","cat":316008},{"id":119176,"n":"Patate douce 1kg","p":1.99,"u":"1,99 €/KG","img":"https://fd9-photos.leclercdrive.fr/image.ashx?id=1632509&use=l&cat=p&typeid=i","cat":284352},{"id":119261,"n":"Couches Love & Green Hypoallergéniques Taille 4+-x42","p":16.23,"u":"0,39 €/P","img":"https://fd9-photos.leclercdrive.fr/image.ashx?id=2799524&use=l&cat=p&typeid=i","cat":284737},{"id":119262,"n":"Sauce bolognaise Panzani 100% Pur Bœuf - 400G","p":2.21,"u":"5,53 €/KG","img":"https://fd9-photos.leclercdrive.fr/image.ashx?id=2984754&use=l&cat=p&typeid=i","cat":287599},{"id":119264,"n":"Sauce Bolognaise Panzani 100% Pur Bœuf - 650G","p":3.51,"u":"5,40 €/KG","img":"https://fd9-photos.leclercdrive.fr/image.ashx?id=2977933&use=l&cat=p&typeid=i","cat":287599},{"id":119267,"n":"Café moulu Plantation Noir intense - 3x250g","p":10.19,"u":"13,59 €/KG","img":"https://fd9-photos.leclercdrive.fr/image.ashx?id=2607587&use=l&cat=p&typeid=i","cat":284750},{"id":119273,"n":"Carottes Notre Jardin 3x130g","p":2.25,"u":"5,77 €/KG","img":"https://fd9-photos.leclercdrive.fr/image.ashx?id=3002629&use=l&cat=p&typeid=i","cat":312607},{"id":119309,"n":"Jambon pata negra Labeyrie Affiné 24 mois - 4tr - 60g","p":6.14,"u":"102,33 €/KG","img":"https://fd9-photos.leclercdrive.fr/image.ashx?id=2961879&use=l&cat=p&typeid=i","cat":316007},{"id":119313,"n":"Pétales de pata negra Labeyrie Affinée 18 mois - 50g","p":4.83,"u":"96,60 €/KG","img":"https://fd9-photos.leclercdrive.fr/image.ashx?id=2967714&use=l&cat=p&typeid=i","cat":316007},{"id":119337,"n":"Crème légère jour So Bio Etic Anti-âge argan bio - 50ml","p":8.58,"u":"171,60 €/L","img":"https://fd9-photos.leclercdrive.fr/image.ashx?id=2788730&use=l&cat=p&typeid=i","cat":325345},{"id":119571,"n":"Douceur de Brebis vanille 4x100g - Le Petit Basque","p":2.78,"u":"6,95 €/KG","img":"https://fd9-photos.leclercdrive.fr/image.ashx?id=2248093&use=l&cat=p&typeid=i","cat":314998},{"id":119594,"n":"Endives jeunes pousses  Nos Régions ont du Talent x6","p":2.49,"u":"9,58 €/KG","img":"https://fd9-photos.leclercdrive.fr/image.ashx?id=2778099&use=l&cat=p&typeid=i","cat":284352},{"id":119709,"n":"Fromage Persillée Saint Agur  125g","p":2.4,"u":"19,20 €/KG","img":"https://fd9-photos.leclercdrive.fr/image.ashx?id=2981515&use=l&cat=p&typeid=i","cat":314032},{"id":119740,"n":"Fromage à tartiner Tartare  Ciboulette échalote - 250g","p":3.66,"u":"14,64 €/KG","img":"https://fd9-photos.leclercdrive.fr/image.ashx?id=2110380&use=l&cat=p&typeid=i","cat":314029},{"id":119797,"n":"Comté fromage bloc Les Croisés 200g","p":2.85,"u":"14,25 €/KG","img":"https://fd9-photos.leclercdrive.fr/image.ashx?id=2856585&use=l&cat=p&typeid=i","cat":314034},{"id":119800,"n":"Yaourt Enfant Petits Filous Aromatisé à la Vanille - 6x100g","p":2.79,"u":"4,65 €/KG","img":"https://fd9-photos.leclercdrive.fr/image.ashx?id=2748431&use=l&cat=p&typeid=i","cat":284415},{"id":119893,"n":"Skyr Nature Délisse 450g","p":1.89,"u":"4,20 €/KG","img":"https://fd9-photos.leclercdrive.fr/image.ashx?id=2441860&use=l&cat=p&typeid=i","cat":315000},{"id":119898,"n":"P'tit vanille lait Delisse 6x70g","p":1.59,"u":"3,79 €/KG","img":"https://fd9-photos.leclercdrive.fr/image.ashx?id=2598707&use=l&cat=p&typeid=i","cat":284420},{"id":119914,"n":"Lasagnes de thon Maison Briau 850g","p":6.95,"u":"8,18 €/KG","img":"https://fd9-photos.leclercdrive.fr/image.ashx?id=2853224&use=l&cat=p&typeid=i","cat":333666},{"id":119915,"n":"Encornet Maison Briau farçi aux légumes - 600g","p":6.95,"u":"11,58 €/KG","img":"https://fd9-photos.leclercdrive.fr/image.ashx?id=2851066&use=l&cat=p&typeid=i","cat":333665},{"id":119928,"n":"Cannellonis aux crevettes Maison Briau - 750g","p":8.95,"u":"11,93 €/KG","img":"https://fd9-photos.leclercdrive.fr/image.ashx?id=2842765&use=l&cat=p&typeid=i","cat":285340},{"id":119941,"n":"Fromage à Tartiner Tartare Ail et Fines Herbes 10P - 160g","p":2.08,"u":"13,00 €/KG","img":"https://fd9-photos.leclercdrive.fr/image.ashx?id=2867410&use=l&cat=p&typeid=i","cat":314029},{"id":119943,"n":"Soupe 10 légumes Liebig A la crème - x2 - 60cl","p":2.22,"u":"3,70 €/L","img":"https://fd9-photos.leclercdrive.fr/image.ashx?id=2892139&use=l&cat=p&typeid=i","cat":284462},{"id":119956,"n":"Filets de limande du Nord MSC L'Atelier Poissonnerie x2 200g","p":3.39,"u":"16,95 €/KG","img":"https://fd9-photos.leclercdrive.fr/image.ashx?id=2652101&use=l&cat=p&typeid=i","cat":284344},{"id":119957,"n":"Acras de morue Maison Briau A la créole ciboule piment 200g","p":2.79,"u":"13,95 €/KG","img":"https://fd9-photos.leclercdrive.fr/image.ashx?id=2959469&use=l&cat=p&typeid=i","cat":333673},{"id":119958,"n":"Filets de colin d'Alaska Meunière MSC x2 - 200g","p":2.49,"u":"12,45 €/KG","img":"https://fd9-photos.leclercdrive.fr/image.ashx?id=2652107&use=l&cat=p&typeid=i","cat":284344},{"id":119959,"n":"Filets de limande du Nord MSC L'Atelier Poissonnerie x4 400g","p":6.49,"u":"16,23 €/KG","img":"https://fd9-photos.leclercdrive.fr/image.ashx?id=2855292&use=l&cat=p&typeid=i","cat":284344},{"id":119960,"n":"Filets de colin pané d'Alaska MSC sans arrêtes x2 - 220g","p":2.99,"u":"13,59 €/KG","img":"https://fd9-photos.leclercdrive.fr/image.ashx?id=2652110&use=l&cat=p&typeid=i","cat":284344},{"id":119962,"n":"Tielles gourmandes de Sète Pêcheries Sétoises x2 - 150g","p":3.79,"u":"25,27 €/KG","img":"https://fd9-photos.leclercdrive.fr/image.ashx?id=2944813&use=l&cat=p&typeid=i","cat":285094},{"id":119963,"n":"Pavés de saumon de Norvège ASC L'Atelier Poissonnerie x2 250g","p":5.99,"u":"23,96 €/KG","img":"https://fd9-photos.leclercdrive.fr/image.ashx?id=2340590&use=l&cat=p&typeid=i","cat":284342},{"id":119964,"n":"Pavé de saumon ASC L'Atelier Poissonnerie x6 -750g","p":16.4,"u":"21,87 €/KG","img":"https://fd9-photos.leclercdrive.fr/image.ashx?id=2349929&use=l&cat=p&typeid=i","cat":284342},{"id":119965,"n":"Pavés de saumon ASC Norvège L'Atelier Poissonnerie x4 -500g","p":11.49,"u":"22,98 €/KG","img":"https://fd9-photos.leclercdrive.fr/image.ashx?id=2349926&use=l&cat=p&typeid=i","cat":284342},{"id":119967,"n":"Pavés de saumon LR Ecosse L'Atelier Poissonnerie x2 -250g","p":8.99,"u":"35,96 €/KG","img":"https://fd9-photos.leclercdrive.fr/image.ashx?id=2349923&use=l&cat=p&typeid=i","cat":284342},{"id":120224,"n":"Cristaux de soude Clair 500g","p":1.93,"u":"3,86 €/KG","img":"https://fd9-photos.leclercdrive.fr/image.ashx?id=2822144&use=l&cat=p&typeid=i","cat":325365},{"id":120225,"n":"Percarbonate de sodium Clair 500g","p":2.99,"u":"5,98 €/KG","img":"https://fd9-photos.leclercdrive.fr/image.ashx?id=2822141&use=l&cat=p&typeid=i","cat":325365},{"id":120261,"n":"Lessive liquide Epsil Anti-transfert - 40 lavages 2L","p":5.99,"u":"3,00 €/L","img":"https://fd9-photos.leclercdrive.fr/image.ashx?id=2838936&use=l&cat=p&typeid=i","cat":284640},{"id":120289,"n":"Capsules Nescafé Dolce Gusto Café au lait 30 capsules","p":8.32,"u":"27,73 €/KG","img":"https://fd9-photos.leclercdrive.fr/image.ashx?id=2849262&use=l&cat=p&typeid=i","cat":293239},{"id":120331,"n":"Eau gazeuse minérale Salvetat Pauvre en sodium - 6x1,15L","p":2.94,"u":"0,43 €/L","img":"https://fd9-photos.leclercdrive.fr/image.ashx?id=2578693&use=l&cat=p&typeid=i","cat":284536},{"id":120335,"n":"Eau gazeuse aromatisée Salvetat citron - 1,15L","p":0.83,"u":"0,72 €/L","img":"https://fd9-photos.leclercdrive.fr/image.ashx?id=2279753&use=l&cat=p&typeid=i","cat":284536},{"id":120346,"n":"Mini gratins chorizo Côté Table 400g","p":3.79,"u":"9,48 €/KG","img":"https://fd9-photos.leclercdrive.fr/image.ashx?id=2641292&use=l&cat=p&typeid=i","cat":319802},{"id":120348,"n":"Purée 4 mois Bio Village Pomme pruneaux bio - 4x100g","p":1.69,"u":"4,23 €/KG","img":"https://fd9-photos.leclercdrive.fr/image.ashx?id=2704837&use=l&cat=p&typeid=i","cat":312387},{"id":120421,"n":"Crème de coco Real Thai 200ml","p":1.78,"u":"8,90 €/L","img":"https://fd9-photos.leclercdrive.fr/image.ashx?id=2857944&use=l&cat=p&typeid=i","cat":288992},{"id":120482,"n":"Planta fin cuisine facile 750ml - Format familial","p":3.66,"u":"4,88 €/L","img":"https://fd9-photos.leclercdrive.fr/image.ashx?id=2440091&use=l&cat=p&typeid=i","cat":284453},{"id":120488,"n":"Riz parfumé Comptoir du Grain Basmati -1kg","p":2.48,"u":"2,48 €/KG","img":"https://fd9-photos.leclercdrive.fr/image.ashx?id=2923399&use=l&cat=p&typeid=i","cat":284428},{"id":120492,"n":"Céréales fourrées P'tit Déli Chocolat noisette - 450g","p":2.19,"u":"4,87 €/KG","img":"https://fd9-photos.leclercdrive.fr/image.ashx?id=2819636&use=l&cat=p&typeid=i","cat":309513},{"id":120499,"n":"Pavés truite arc en ciel Atelier Poissonnerie x2 - 250g","p":5.89,"u":"23,56 €/KG","img":"https://fd9-photos.leclercdrive.fr/image.ashx?id=2927875&use=l&cat=p&typeid=i","cat":284342},{"id":120501,"n":"Truite arc en ciel vidée Atelier Poissonnerie x2 - 400g","p":6.79,"u":"16,98 €/KG","img":"https://fd9-photos.leclercdrive.fr/image.ashx?id=2927878&use=l&cat=p&typeid=i","cat":284342},{"id":120587,"n":"Friandise pour chat Dentalife Saumon - 40g","p":1.45,"u":"36,25 €/KG","img":"https://fd9-photos.leclercdrive.fr/image.ashx?id=2468638&use=l&cat=p&typeid=i","cat":285285},{"id":120601,"n":"Fromage à tartiner Boursin Trio de Noix - 150g","p":2.65,"u":"17,67 €/P","img":"https://fd9-photos.leclercdrive.fr/image.ashx?id=2964434&use=l&cat=p&typeid=i","cat":314029},{"id":120660,"n":"Purée 4 mois Bio Village Fruits verger bio - 4x100g","p":1.89,"u":"4,73 €/KG","img":"https://fd9-photos.leclercdrive.fr/image.ashx?id=2704846&use=l&cat=p&typeid=i","cat":312387},{"id":120661,"n":"Purée 4 mois Bio Village Pomme Fraise Banane bio -4x100g","p":1.69,"u":"4,23 €/KG","img":"https://fd9-photos.leclercdrive.fr/image.ashx?id=2704849&use=l&cat=p&typeid=i","cat":312387},{"id":120675,"n":"Dentifrice Sensodyne Lot de 2 - 2x75ml","p":7.62,"u":"50,80 €/L","img":"https://fd9-photos.leclercdrive.fr/image.ashx?id=2556090&use=l&cat=p&typeid=i","cat":284612},{"id":120679,"n":"Petits pots bébé P'TIT SOUPER Petits pois pâtes 12M+ - 2x200g","p":1.64,"u":"4,10 €/KG","img":"https://fd9-photos.leclercdrive.fr/image.ashx?id=2526517&use=l&cat=p&typeid=i","cat":312239},{"id":120681,"n":"Petits pots bébé P'TIT SOUPER Légumes Pâtes 8M+ - 2x200g","p":2.2,"u":"5,50 €/KG","img":"https://fd9-photos.leclercdrive.fr/image.ashx?id=2526520&use=l&cat=p&typeid=i","cat":312239},{"id":120683,"n":"Petits pots bébé P'TITE RECETTE Bœuf bourguignon 12M+ - 2x200g","p":2.61,"u":"6,53 €/KG","img":"https://fd9-photos.leclercdrive.fr/image.ashx?id=2525714&use=l&cat=p&typeid=i","cat":312237},{"id":120797,"n":"Cubes de filets de poulet Volandrie - 450g","p":5.09,"u":"11,31 €/KG","img":"https://fd9-photos.leclercdrive.fr/image.ashx?id=2647901&use=l&cat=p&typeid=i","cat":284336},{"id":120798,"n":"Filet de poulet jaune Volandrie Extra tendre - 300g","p":3.8,"u":"12,67 €/KG","img":"https://fd9-photos.leclercdrive.fr/image.ashx?id=2714894&use=l&cat=p&typeid=i","cat":284336},{"id":120800,"n":"Filet de poulet blanc Volandrie Extra tendre - 300g","p":3.8,"u":"12,67 €/KG","img":"https://fd9-photos.leclercdrive.fr/image.ashx?id=2647904&use=l&cat=p&typeid=i","cat":284336},{"id":120857,"n":"Bonbons Carambar Mini Fête Assortiment - 326g","p":3.12,"u":"9,57 €/KG","img":"https://fd9-photos.leclercdrive.fr/image.ashx?id=2972035&use=l&cat=p&typeid=i","cat":304250},{"id":120865,"n":"Poudre chocolatée NESQUIK Sticks  - 12x13.5g","p":2.67,"u":"16,48 €/KG","img":"https://fd9-photos.leclercdrive.fr/image.ashx?id=3005302&use=l&cat=p&typeid=i","cat":293235},{"id":120906,"n":"Crevette cuite 60/80 Equat ASC L'Atelier Poissonnerie - 500g","p":4.99,"u":"9,98 €/KG","img":"https://fd9-photos.leclercdrive.fr/image.ashx?id=2652116&use=l&cat=p&typeid=i","cat":284343},{"id":120911,"n":"Crevettes 80/100 Equateur ASC L'Atelier Poissonnerie - 300g","p":3.75,"u":"12,50 €/KG","img":"https://fd9-photos.leclercdrive.fr/image.ashx?id=2714411&use=l&cat=p&typeid=i","cat":284343},{"id":120919,"n":"Crevettes 80/100 El/Equateur  ASC Atelier Poissonnerie - 1Kg","p":9.95,"u":"9,95 €/KG","img":"https://fd9-photos.leclercdrive.fr/image.ashx?id=2652122&use=l&cat=p&typeid=i","cat":284343},{"id":121157,"n":"Foie gras de canard Delpeyrat Entier - 270g","p":32.99,"u":"122,19 €/KG","img":"https://fd9-photos.leclercdrive.fr/image.ashx?id=2906082&use=l&cat=p&typeid=i","cat":316008},{"id":121242,"n":"Pizza Turini Prosciutto - 400g","p":2.89,"u":"7,23 €/KG","img":"https://fd9-photos.leclercdrive.fr/image.ashx?id=2888953&use=l&cat=p&typeid=i","cat":333679},{"id":121243,"n":"Pizza Speck Turini 380g","p":2.99,"u":"7,87 €/KG","img":"https://fd9-photos.leclercdrive.fr/image.ashx?id=2888956&use=l&cat=p&typeid=i","cat":333679},{"id":121266,"n":"Chocolat en poudre Poulain Grand Arôme: 32% cacao - 450g","p":3.29,"u":"7,31 €/KG","img":"https://fd9-photos.leclercdrive.fr/image.ashx?id=2867116&use=l&cat=p&typeid=i","cat":293235},{"id":121315,"n":"Haché Happy Family Charal 20x80g - 1,6kg","p":17.89,"u":"11,18 €/KG","img":"https://fd9-photos.leclercdrive.fr/image.ashx?id=2739776&use=l&cat=p&typeid=i","cat":319778},{"id":121356,"n":"Dentifrice Original Parodontax Complete protect - 75ml","p":5.55,"u":"74,00 €/L","img":"https://fd9-photos.leclercdrive.fr/image.ashx?id=2546749&use=l&cat=p&typeid=i","cat":284612},{"id":121387,"n":"Lingettes Mots d'Enfants Toilettes bio - x60","p":2.17,"u":"0,04 €/P","img":"https://fd9-photos.leclercdrive.fr/image.ashx?id=3015120&use=l&cat=p&typeid=i","cat":284738},{"id":121388,"n":"Sacs poubelle 20L Elembal Poignées coulissantes - x20","p":2.05,"u":"0,10 €/P","img":"https://fd9-photos.leclercdrive.fr/image.ashx?id=2958753&use=l&cat=p&typeid=i","cat":285168},{"id":121447,"n":"Flanbolo Haribo Sachet bonbons - 200g","p":1.87,"u":"9,35 €/KG","img":"https://fd9-photos.leclercdrive.fr/image.ashx?id=2806117&use=l&cat=p&typeid=i","cat":304250},{"id":121492,"n":"Mini shampooing voyage Nateïs Tilleul Pomme - 100ml","p":1.09,"u":"10,90 €/L","img":"https://fd9-photos.leclercdrive.fr/image.ashx?id=2626841&use=l&cat=p&typeid=i","cat":284606},{"id":121707,"n":"Sauce bolognaise pur boeuf Panzani - 200g","p":1.58,"u":"7,90 €/KG","img":"https://fd9-photos.leclercdrive.fr/image.ashx?id=2880682&use=l&cat=p&typeid=i","cat":287599},{"id":121708,"n":"Céréales fourrées P'tit Déli Chocolat noisette - 650g","p":3.08,"u":"4,74 €/KG","img":"https://fd9-photos.leclercdrive.fr/image.ashx?id=2840740&use=l&cat=p&typeid=i","cat":309513},{"id":121992,"n":"Secret de mousse La laitière Chocolat Lait et Blanc - 4x59 g","p":1.6,"u":"6,78 €/KG","img":"https://fd9-photos.leclercdrive.fr/image.ashx?id=2729782&use=l&cat=p&typeid=i","cat":284417},{"id":122420,"n":"Skyr Siggi's  Vanille - 2x140g","p":2.12,"u":"7,57 €/KG","img":"https://fd9-photos.leclercdrive.fr/image.ashx?id=2646119&use=l&cat=p&typeid=i","cat":315000},{"id":122476,"n":"Purée d'artichaut à l'aneth Florette - 2x180g","p":2.99,"u":"8,31 €/KG","img":"https://fd9-photos.leclercdrive.fr/image.ashx?id=2767374&use=l&cat=p&typeid=i","cat":333665},{"id":122477,"n":"Ecrasé  de saison Florette 2x180g","p":3.19,"u":"8,86 €/KG","img":"https://fd9-photos.leclercdrive.fr/image.ashx?id=2767377&use=l&cat=p&typeid=i","cat":333665},{"id":122528,"n":"Skyr Siggi's  Framboise - 2x140g","p":2.11,"u":"7,54 €/KG","img":"https://fd9-photos.leclercdrive.fr/image.ashx?id=2692095&use=l&cat=p&typeid=i","cat":315000},{"id":122529,"n":"Skyr Siggi's  Myrtille - 2x140g","p":2.17,"u":"7,75 €/KG","img":"https://fd9-photos.leclercdrive.fr/image.ashx?id=2692098&use=l&cat=p&typeid=i","cat":315000},{"id":122554,"n":"Fromage blanc Bio Vrai Chèvre - 400g","p":2.87,"u":"7,18 €/KG","img":"https://fd9-photos.leclercdrive.fr/image.ashx?id=2388616&use=l&cat=p&typeid=i","cat":314998},{"id":122556,"n":"Yaourt chèvre nature Vrai Bio - 4x120g","p":2.66,"u":"5,54 €/KG","img":"https://fd9-photos.leclercdrive.fr/image.ashx?id=2397352&use=l&cat=p&typeid=i","cat":314998},{"id":122602,"n":"Guacamole Sud & Sol 170g","p":2.99,"u":"17,59 €/KG","img":"https://fd9-photos.leclercdrive.fr/image.ashx?id=2911432&use=l&cat=p&typeid=i","cat":315999},{"id":122676,"n":"Dentifrice Email Diamant Le Charbon - 75ml","p":3.57,"u":"47,60 €/L","img":"https://fd9-photos.leclercdrive.fr/image.ashx?id=2975960&use=l&cat=p&typeid=i","cat":284612},{"id":122731,"n":"Pâte à tartiner Poulain 750g","p":5.29,"u":"7,05 €/KG","img":"https://fd9-photos.leclercdrive.fr/image.ashx?id=2815100&use=l&cat=p&typeid=i","cat":284481},{"id":122790,"n":"Chips Tuiles Pringles Hot Spicy - 175g","p":1.74,"u":"9,94 €/KG","img":"https://fd9-photos.leclercdrive.fr/image.ashx?id=2902295&use=l&cat=p&typeid=i","cat":287899},{"id":122792,"n":"Chips Tuiles Pringles Crème et Oignon - 175g","p":1.7,"u":"9,71 €/KG","img":"https://fd9-photos.leclercdrive.fr/image.ashx?id=2902292&use=l&cat=p&typeid=i","cat":287899},{"id":122803,"n":"Kiri Crème x12 - 216g","p":2.83,"u":"13,10 €/KG","img":"https://fd9-photos.leclercdrive.fr/image.ashx?id=2972889&use=l&cat=p&typeid=i","cat":314030},{"id":122810,"n":"Kakis Panier du Primeur Barquette 1kg","p":2.99,"u":"2,99 €/KG","img":"https://fd9-photos.leclercdrive.fr/image.ashx?id=2402798&use=l&cat=p&typeid=i","cat":284356},{"id":122858,"n":"Végétal Haché Garden Gourmet Cru Soja à Cuisiner 200g","p":4.21,"u":"21,05 €/KG","img":"https://fd9-photos.leclercdrive.fr/image.ashx?id=2737102&use=l&cat=p&typeid=i","cat":316036},{"id":122895,"n":"Chips Tuiles Pringles Original - 175g","p":1.68,"u":"9,60 €/KG","img":"https://fd9-photos.leclercdrive.fr/image.ashx?id=2902298&use=l&cat=p&typeid=i","cat":287899},{"id":122969,"n":"Rouleau de surimi 1kg","p":7.66,"u":"7,66 €/KG","img":"https://fd9-photos.leclercdrive.fr/image.ashx?id=1887631&use=l&cat=p&typeid=i","cat":285191},{"id":123029,"n":"Poisson pané Colin Findus Extra croustillant - x2 250g","p":2.94,"u":"11,76 €/KG","img":"https://fd9-photos.leclercdrive.fr/image.ashx?id=3014548&use=l&cat=p&typeid=i","cat":319788},{"id":123062,"n":"Jambon de Paris Tradilège A l'étouffé - 160g","p":1.69,"u":"10,56 €/KG","img":"https://fd9-photos.leclercdrive.fr/image.ashx?id=2951143&use=l&cat=p&typeid=i","cat":316009},{"id":123063,"n":"Jambon de Paris Tradilège Découenné dégraissé x6 - 240g","p":2.39,"u":"9,96 €/KG","img":"https://fd9-photos.leclercdrive.fr/image.ashx?id=2951146&use=l&cat=p&typeid=i","cat":316009},{"id":123065,"n":"Jambon de Paris Tradilège À l'étouffée x8 - 320g","p":3.12,"u":"9,75 €/KG","img":"https://fd9-photos.leclercdrive.fr/image.ashx?id=2994387&use=l&cat=p&typeid=i","cat":316009},{"id":123067,"n":"Jambon de Paris Tradilège Découenné dégraissé x10 - 400g","p":3.85,"u":"9,63 €/KG","img":"https://fd9-photos.leclercdrive.fr/image.ashx?id=2930787&use=l&cat=p&typeid=i","cat":316009},{"id":123069,"n":"Jambon de Paris Tradilège -25% de sel - 2 tranches - 70g","p":1.11,"u":"15,86 €/KG","img":"https://fd9-photos.leclercdrive.fr/image.ashx?id=2208606&use=l&cat=p&typeid=i","cat":316009},{"id":123071,"n":"Jambon de Paris Tradilège -25% de sel - 6 tranches - 210g","p":2.49,"u":"11,86 €/KG","img":"https://fd9-photos.leclercdrive.fr/image.ashx?id=2208612&use=l&cat=p&typeid=i","cat":316009},{"id":123074,"n":"Jambon supérieur Tradilège Découenné dégraissé x4 - 160g","p":2.21,"u":"13,81 €/KG","img":"https://fd9-photos.leclercdrive.fr/image.ashx?id=2984194&use=l&cat=p&typeid=i","cat":316009},{"id":123076,"n":"Jambon supérieur Tradilège Découenné dégraissé x6 - 240g","p":3.25,"u":"13,54 €/KG","img":"https://fd9-photos.leclercdrive.fr/image.ashx?id=2974879&use=l&cat=p&typeid=i","cat":316009},{"id":123103,"n":"Jambon supérieur Tradilège Sans couenne x8 - 320g","p":4.29,"u":"13,41 €/KG","img":"https://fd9-photos.leclercdrive.fr/image.ashx?id=2943692&use=l&cat=p&typeid=i","cat":316009},{"id":123105,"n":"Jambon supérieur Tradilège Avec couenne 4 tranches - 160g","p":2.04,"u":"12,75 €/KG","img":"https://fd9-photos.leclercdrive.fr/image.ashx?id=2925756&use=l&cat=p&typeid=i","cat":316009},{"id":123106,"n":"Jambon supérieur Tradilège Avec couenne 6 tranches - 240g","p":3.08,"u":"12,83 €/KG","img":"https://fd9-photos.leclercdrive.fr/image.ashx?id=2970593&use=l&cat=p&typeid=i","cat":316009},{"id":123107,"n":"Jambon supérieur Tradilège Avec couenne 8 tranches - 320g","p":4.09,"u":"12,78 €/KG","img":"https://fd9-photos.leclercdrive.fr/image.ashx?id=2979586&use=l&cat=p&typeid=i","cat":316009},{"id":123110,"n":"Jambon supérieur Tradilège Avec couenne -2 tranches - 80g","p":1.39,"u":"17,38 €/KG","img":"https://fd9-photos.leclercdrive.fr/image.ashx?id=2943695&use=l&cat=p&typeid=i","cat":316009},{"id":123121,"n":"Oeufs Marque rèpere De Nos Régions - x20","p":4.29,"u":"0,21 €/P","img":"https://fd9-photos.leclercdrive.fr/image.ashx?id=2969803&use=l&cat=p&typeid=i","cat":284378},{"id":123358,"n":"Cordon bleu Marie 2x280g","p":6.75,"u":"12,05 €/KG","img":"https://fd9-photos.leclercdrive.fr/image.ashx?id=2331807&use=l&cat=p&typeid=i","cat":333665},{"id":123360,"n":"Pétales Tables du Monde A la crevette ASC - 50g","p":0.65,"u":"13,00 €/KG","img":"https://fd9-photos.leclercdrive.fr/image.ashx?id=3013639&use=l&cat=p&typeid=i","cat":288992},{"id":123384,"n":"Salade croquante Notre Jardin 250g","p":2.08,"u":"8,32 €/KG","img":"https://fd9-photos.leclercdrive.fr/image.ashx?id=2663284&use=l&cat=p&typeid=i","cat":284353},{"id":123397,"n":"Bière sans alcool Tourtel Twist Framboise 0,0° - 6x27,5cl","p":4.14,"u":"2,51 €/L","img":"https://fd9-photos.leclercdrive.fr/image.ashx?id=2886705&use=l&cat=p&typeid=i","cat":334877},{"id":123407,"n":"Bière sans alcool Tourtel Twist Citron 0,0° - 6x27,5cl","p":3.85,"u":"2,33 €/L","img":"https://fd9-photos.leclercdrive.fr/image.ashx?id=2886702&use=l&cat=p&typeid=i","cat":334877},{"id":123414,"n":"Bière sans alcool Tourtel Twist Citron - 0.0% - 12x27.5cl","p":7.3,"u":"2,21 €/L","img":"https://fd9-photos.leclercdrive.fr/image.ashx?id=2935846&use=l&cat=p&typeid=i","cat":284549},{"id":123416,"n":"Soda Coca-Cola Original Bouteille - Pack 6x1,75L","p":14.2,"u":"1,35 €/L","img":"https://fd9-photos.leclercdrive.fr/image.ashx?id=2878333&use=l&cat=p&typeid=i","cat":284530},{"id":123422,"n":"Soda Coca-Cola Sans Sucres Bouteille - 1,75L","p":1.73,"u":"0,99 €/L","img":"https://fd9-photos.leclercdrive.fr/image.ashx?id=2971748&use=l&cat=p&typeid=i","cat":284530},{"id":123434,"n":"Soda Schweppes Indian Tonic Zero - 6x33cl","p":3.7,"u":"1,87 €/L","img":"https://fd9-photos.leclercdrive.fr/image.ashx?id=2852420&use=l&cat=p&typeid=i","cat":284531},{"id":123436,"n":"Boisson fruit shoot Teisseire Tropical - 6x20cl","p":2.66,"u":"2,22 €/L","img":"https://fd9-photos.leclercdrive.fr/image.ashx?id=2858204&use=l&cat=p&typeid=i","cat":295018},{"id":123437,"n":"Boisson Fruit shoot Teisseire Multivamine - 6x20cl","p":2.68,"u":"2,23 €/L","img":"https://fd9-photos.leclercdrive.fr/image.ashx?id=2858201&use=l&cat=p&typeid=i","cat":295018},{"id":123448,"n":"Biscuits cacao Kinder Cards Au lait et au cacao 2x5 - 128g","p":3.57,"u":"13,95 €/KG","img":"https://fd9-photos.leclercdrive.fr/image.ashx?id=2672608&use=l&cat=p&typeid=i","cat":284488},{"id":123473,"n":"Croissants Jambon Emmental Qualité Traiteur x2 - 260g","p":5.17,"u":"19,88 €/KG","img":"https://fd9-photos.leclercdrive.fr/image.ashx?id=2793566&use=l&cat=p&typeid=i","cat":333671},{"id":123491,"n":"Crêpe fourrée Whaou Chocolat - x8 - 256g","p":2.08,"u":"8,13 €/KG","img":"https://fd9-photos.leclercdrive.fr/image.ashx?id=2962863&use=l&cat=p&typeid=i","cat":284494},{"id":123492,"n":"Crêpes Whaou! Chocolat x15 - 480g","p":3.66,"u":"7,63 €/KG","img":"https://fd9-photos.leclercdrive.fr/image.ashx?id=2986449&use=l&cat=p&typeid=i","cat":284494},{"id":123503,"n":"Yaourt fjord fromage blanc Nature - 4x125g","p":2.07,"u":"4,14 €/KG","img":"https://fd9-photos.leclercdrive.fr/image.ashx?id=2956993&use=l&cat=p&typeid=i","cat":284409},{"id":123504,"n":"Yaourt fjord fromage blanc Nature - 8x125g","p":3.4,"u":"3,40 €/KG","img":"https://fd9-photos.leclercdrive.fr/image.ashx?id=2653222&use=l&cat=p&typeid=i","cat":284409},{"id":123530,"n":"Marshmallows Copains Copines Enrobés chocolat - 160g","p":1.69,"u":"10,56 €/KG","img":"https://fd9-photos.leclercdrive.fr/image.ashx?id=2934754&use=l&cat=p&typeid=i","cat":304250},{"id":123540,"n":"Eau minérale naturelle Volvic 6x50cl","p":2.12,"u":"0,71 €/L","img":"https://fd9-photos.leclercdrive.fr/image.ashx?id=2730247&use=l&cat=p&typeid=i","cat":284535},{"id":123541,"n":"Eau minérale naturelle Evian  12x33cl","p":4.48,"u":"1,13 €/L","img":"https://fd9-photos.leclercdrive.fr/image.ashx?id=2973556&use=l&cat=p&typeid=i","cat":284535},{"id":123542,"n":"Eau minérale naturelle Evian  6x50cl","p":2.44,"u":"0,81 €/L","img":"https://fd9-photos.leclercdrive.fr/image.ashx?id=2969022&use=l&cat=p&typeid=i","cat":284535},{"id":123545,"n":"Quiche lorraine Marie Pur beurre - 400g","p":3.34,"u":"8,35 €/KG","img":"https://fd9-photos.leclercdrive.fr/image.ashx?id=2318546&use=l&cat=p&typeid=i","cat":333680},{"id":123546,"n":"Tarte noix St-Jacques Marie Pur beurre - 350g","p":4.2,"u":"12,00 €/KG","img":"https://fd9-photos.leclercdrive.fr/image.ashx?id=2318555&use=l&cat=p&typeid=i","cat":333680},{"id":123547,"n":"Tarte poireaux Marie Pur beurre - 400g","p":3.83,"u":"9,58 €/KG","img":"https://fd9-photos.leclercdrive.fr/image.ashx?id=2318549&use=l&cat=p&typeid=i","cat":333680},{"id":123550,"n":"Yaourt aux fruits brassés Velouté fruix Danone - 16x125g","p":4.36,"u":"2,18 €/KG","img":"https://fd9-photos.leclercdrive.fr/image.ashx?id=2912923&use=l&cat=p&typeid=i","cat":284410},{"id":123551,"n":"Yaourt aux fruits brassés Velouté fruix Danone - 12x125g","p":3.9,"u":"2,60 €/KG","img":"https://fd9-photos.leclercdrive.fr/image.ashx?id=2912929&use=l&cat=p&typeid=i","cat":284410},{"id":123552,"n":"Yaourt fruits rouges brassés Velouté fruix Danone - 8x125g","p":2.69,"u":"2,69 €/KG","img":"https://fd9-photos.leclercdrive.fr/image.ashx?id=2912932&use=l&cat=p&typeid=i","cat":284410},{"id":123555,"n":"Yaourt fruits jaunes brassés Velouté fruix Danone - 8x125g","p":2.7,"u":"2,70 €/KG","img":"https://fd9-photos.leclercdrive.fr/image.ashx?id=2912926&use=l&cat=p&typeid=i","cat":284410},{"id":123563,"n":"Filet de poulet blanc Maître Coq - 1kg","p":10.47,"u":"10,47 €/KG","img":"https://fd9-photos.leclercdrive.fr/image.ashx?id=2551132&use=l&cat=p&typeid=i","cat":284336},{"id":123598,"n":"Gel lavant mains Bio Briochin Miel de fleurs & Citron - 400ml","p":5.13,"u":"12,83 €/L","img":"https://fd9-photos.leclercdrive.fr/image.ashx?id=2056999&use=l&cat=p&typeid=i","cat":284597},{"id":123603,"n":"Kit Distributeur Savon Mains Dettol Citron 250ml","p":6.46,"u":"Dont 0,10 € d'éco-part.","img":"https://fd9-photos.leclercdrive.fr/image.ashx?id=2975134&use=l&cat=p&typeid=i","cat":284597},{"id":123770,"n":"Calamars Romana MSC 400g","p":7.86,"u":"19,65 €/KG","img":"https://fd9-photos.leclercdrive.fr/image.ashx?id=2753641&use=l&cat=p&typeid=i","cat":319788},{"id":123924,"n":"Barres choco caram biscuit 348g","p":1.97,"u":"5,66 €/KG","img":"https://fd9-photos.leclercdrive.fr/image.ashx?id=2739721&use=l&cat=p&typeid=i","cat":284498},{"id":123960,"n":"Bière sans alcool Desperados Virgin - Agrumes 3x33cl","p":3.91,"u":"3,95 €/L","img":"https://fd9-photos.leclercdrive.fr/image.ashx?id=2977966&use=l&cat=p&typeid=i","cat":334877},{"id":124047,"n":"Pilchards hareng Petit Pierre Tomate huile - 367g","p":2.3,"u":"6,27 €/KG","img":"https://fd9-photos.leclercdrive.fr/image.ashx?id=3004408&use=l&cat=p&typeid=i","cat":305147},{"id":124052,"n":"Nouilles de riz Table du monde 250g","p":1.99,"u":"7,96 €/KG","img":"https://fd9-photos.leclercdrive.fr/image.ashx?id=2679780&use=l&cat=p&typeid=i","cat":288992},{"id":124194,"n":"St Marcellin IGP Fromagerie Alpine  - 3x240g","p":2.94,"u":"12,25 €/KG","img":"https://fd9-photos.leclercdrive.fr/image.ashx?id=2029943&use=l&cat=p&typeid=i","cat":329558},{"id":124196,"n":"Croc chevre Nature Fromagerie Alpine-  150g","p":3.35,"u":"22,33 €/KG","img":"https://fd9-photos.leclercdrive.fr/image.ashx?id=1899827&use=l&cat=p&typeid=i","cat":314031},{"id":124243,"n":"Pâté en croûte Maison Monterrat Apéri'Croq classique - 450g","p":3.5,"u":"7,78 €/KG","img":"https://fd9-photos.leclercdrive.fr/image.ashx?id=2277260&use=l&cat=p&typeid=i","cat":316003},{"id":124272,"n":"Thon nature entier Saupiquet MSC - 140g","p":2.58,"u":"18,43 €/KG","img":"https://fd9-photos.leclercdrive.fr/image.ashx?id=2731540&use=l&cat=p&typeid=i","cat":303867},{"id":124372,"n":"Saint Félicien Affiné Prince des Bois - 180g","p":2.24,"u":"12,44 €/KG","img":"https://fd9-photos.leclercdrive.fr/image.ashx?id=2227396&use=l&cat=p&typeid=i","cat":329558},{"id":124478,"n":"IGP Méditérranée rosé Les Calandières - 75cl","p":3.27,"u":"4,36 €/L","img":"https://fd9-photos.leclercdrive.fr/image.ashx?id=2996608&use=l&cat=p&typeid=i","cat":289558},{"id":124496,"n":"Crème glacée Ben & Jerry's Choco Fudge Brownie - 408g","p":3.8,"u":"9,31 €/KG","img":"https://fd9-photos.leclercdrive.fr/image.ashx?id=2738050&use=l&cat=p&typeid=i","cat":284725},{"id":124498,"n":"Glace en Pot BEN & JERRY'S Cookie Dough - 465ml","p":3.6,"u":"8,87 €/KG","img":"https://fd9-photos.leclercdrive.fr/image.ashx?id=2738056&use=l&cat=p&typeid=i","cat":284725},{"id":124499,"n":"Glace en Pot BEN & JERRY'S Vanilla Pecan Blondie - 465ml","p":4.07,"u":"9,83 €/KG","img":"https://fd9-photos.leclercdrive.fr/image.ashx?id=2832548&use=l&cat=p&typeid=i","cat":284725},{"id":124500,"n":"Crème glacée Ben & Jerry's Peanut butter - 425g","p":3.67,"u":"8,64 €/KG","img":"https://fd9-photos.leclercdrive.fr/image.ashx?id=3001524&use=l&cat=p&typeid=i","cat":284725},{"id":124594,"n":"Capsules Nescafé Dolce Gusto Espresso - x16","p":4.5,"u":"51,14 €/KG","img":"https://fd9-photos.leclercdrive.fr/image.ashx?id=2952025&use=l&cat=p&typeid=i","cat":293239},{"id":124595,"n":"Nutella Biscuit pâte à tartiner Cacao Noisettes - 166g","p":1.9,"u":"11,45 €/KG","img":"https://fd9-photos.leclercdrive.fr/image.ashx?id=2922200&use=l&cat=p&typeid=i","cat":284488},{"id":124646,"n":"Bouchées à garnir Les 3 Toques x6 - 159g","p":1.62,"u":"10,19 €/KG","img":"https://fd9-photos.leclercdrive.fr/image.ashx?id=2007938&use=l&cat=p&typeid=i","cat":284441},{"id":124654,"n":"Bac crème glacée Eskiss Caramel - 500g","p":3.89,"u":"7,78 €/KG","img":"https://fd9-photos.leclercdrive.fr/image.ashx?id=2982676&use=l&cat=p&typeid=i","cat":284263},{"id":124655,"n":"Bac sorbet Eskiss Mangue - 650g","p":2.49,"u":"3,83 €/KG","img":"https://fd9-photos.leclercdrive.fr/image.ashx?id=2982673&use=l&cat=p&typeid=i","cat":284263},{"id":124656,"n":"Wrap Poulet Côté Snack Caesar - 190g","p":2.49,"u":"13,11 €/KG","img":"https://fd9-photos.leclercdrive.fr/image.ashx?id=2883014&use=l&cat=p&typeid=i","cat":333658},{"id":124714,"n":"Combinés gratte éponges Spontex x3","p":2.74,"u":"0,91 €/P","img":"https://fd9-photos.leclercdrive.fr/image.ashx?id=2968895&use=l&cat=p&typeid=i","cat":284667},{"id":124723,"n":"Champignon Bonduelle Emincé - 3x115g","p":2.78,"u":"8,06 €/KG","img":"https://fd9-photos.leclercdrive.fr/image.ashx?id=2913121&use=l&cat=p&typeid=i","cat":312610},{"id":124743,"n":"Gratte éponge Spontex anti bactérien - x2","p":1.86,"u":"0,93 €/P","img":"https://fd9-photos.leclercdrive.fr/image.ashx?id=2973081&use=l&cat=p&typeid=i","cat":284667},{"id":124744,"n":"Gratte éponge Spontex x3","p":2.56,"u":"0,85 €/P","img":"https://fd9-photos.leclercdrive.fr/image.ashx?id=2973084&use=l&cat=p&typeid=i","cat":284667},{"id":124787,"n":"Shampooing sec Batiste Volume - 200ml","p":4.66,"u":"23,30 €/L","img":"https://fd9-photos.leclercdrive.fr/image.ashx?id=2557979&use=l&cat=p&typeid=i","cat":289143},{"id":124795,"n":"Protège lingerie Nana Extra long - x24","p":1.87,"u":"0,08 €/P","img":"https://fd9-photos.leclercdrive.fr/image.ashx?id=2968499&use=l&cat=p&typeid=i","cat":284625},{"id":124874,"n":"Crème glacée Ben & Jerry's  Caramel Brownie Party - 405g","p":3.87,"u":"9,56 €/KG","img":"https://fd9-photos.leclercdrive.fr/image.ashx?id=2773889&use=l&cat=p&typeid=i","cat":284725},{"id":124901,"n":"Pâte à tartiner Nutella 630g","p":4.82,"u":"7,65 €/KG","img":"https://fd9-photos.leclercdrive.fr/image.ashx?id=2968841&use=l&cat=p&typeid=i","cat":284481},{"id":124902,"n":"Eponges végétales Eco+ x2","p":0.46,"u":"0,23 €/P","img":"https://fd9-photos.leclercdrive.fr/image.ashx?id=2770242&use=l&cat=p&typeid=i","cat":284667},{"id":124904,"n":"Liquide allume-feu Eco+ 1L","p":2.92,"u":"2,92 €/L","img":"https://fd9-photos.leclercdrive.fr/image.ashx?id=1901698&use=l&cat=p&typeid=i","cat":300577},{"id":124906,"n":"Sacs poubelle Eco+ 50L Coulissants - x25","p":2.22,"u":"0,09 €/P","img":"https://fd9-photos.leclercdrive.fr/image.ashx?id=2775700&use=l&cat=p&typeid=i","cat":285168},{"id":124912,"n":"Insecticide Insectivor Anti-acariens puce- 400ml","p":4.99,"u":"12,48 €/L","img":"https://fd9-photos.leclercdrive.fr/image.ashx?id=1901710&use=l&cat=p&typeid=i","cat":298368},{"id":124913,"n":"Insecticide Insectivor Volant/rampant - 400ml","p":3.95,"u":"9,88 €/L","img":"https://fd9-photos.leclercdrive.fr/image.ashx?id=2582990&use=l&cat=p&typeid=i","cat":298368},{"id":124936,"n":"Serviettes hygiéniques Eco+ Normales Ultra minces - x14","p":0.51,"u":"0,04 €/P","img":"https://fd9-photos.leclercdrive.fr/image.ashx?id=2809686&use=l&cat=p&typeid=i","cat":284624},{"id":124954,"n":"Shampoing voluminateur Eco+ 300ml","p":1.08,"u":"3,60 €/L","img":"https://fd9-photos.leclercdrive.fr/image.ashx?id=1901873&use=l&cat=p&typeid=i","cat":284606},{"id":124957,"n":"Serviettes hygiéniques Eco+ Normales - x20","p":0.7,"u":"0,04 €/P","img":"https://fd9-photos.leclercdrive.fr/image.ashx?id=2824742&use=l&cat=p&typeid=i","cat":284624},{"id":124962,"n":"Sacs poubelle Elembal Salle de bain 5L - x40","p":1.26,"u":"0,03 €/P","img":"https://fd9-photos.leclercdrive.fr/image.ashx?id=2793284&use=l&cat=p&typeid=i","cat":285168},{"id":124986,"n":"Yaourt à boire framboise menthe Michel et Augustin - 500ml","p":1.5,"u":"3,00 €/MT","img":"https://fd9-photos.leclercdrive.fr/image.ashx?id=2195695&use=l&cat=p&typeid=i","cat":284415},{"id":125137,"n":"Fromage Apéritif St Môret Figues x20 - 100g","p":2.51,"u":"25,10 €/KG","img":"https://fd9-photos.leclercdrive.fr/image.ashx?id=2734825&use=l&cat=p&typeid=i","cat":314027},{"id":125144,"n":"Fromage Apéritif St Môret Saumon Fumé x20 - 100G","p":2.64,"u":"26,40 €/KG","img":"https://fd9-photos.leclercdrive.fr/image.ashx?id=2734828&use=l&cat=p&typeid=i","cat":314027},{"id":125216,"n":"Cacahuètes Eco+ Grillées à sec - 150g","p":0.47,"u":"3,13 €/KG","img":"https://fd9-photos.leclercdrive.fr/image.ashx?id=2780710&use=l&cat=p&typeid=i","cat":284448},{"id":125218,"n":"Cacahuètes Eco  Grillées et salées - 250g","p":0.7,"u":"2,80 €/KG","img":"https://fd9-photos.leclercdrive.fr/image.ashx?id=2836801&use=l&cat=p&typeid=i","cat":284448},{"id":125227,"n":"Mini cookies P'tit Déli 160g","p":1.49,"u":"9,31 €/KG","img":"https://fd9-photos.leclercdrive.fr/image.ashx?id=2932426&use=l&cat=p&typeid=i","cat":325066},{"id":125238,"n":"Cookies P'tit Déli Chocolat noisette - 200g","p":1.69,"u":"8,45 €/KG","img":"https://fd9-photos.leclercdrive.fr/image.ashx?id=1943253&use=l&cat=p&typeid=i","cat":325066},{"id":125287,"n":"Chaource Rians Germain 500g","p":7.66,"u":"15,32 €/KG","img":"https://fd9-photos.leclercdrive.fr/image.ashx?id=1908529&use=l&cat=p&typeid=i","cat":329558},{"id":125328,"n":"Ketchup Rustica Nature - 560g","p":1.25,"u":"2,23 €/KG","img":"https://fd9-photos.leclercdrive.fr/image.ashx?id=2870050&use=l&cat=p&typeid=i","cat":284455},{"id":125342,"n":"Betteraves Pierre Martinet Assaisonnées à l'échalotte-500g","p":2.21,"u":"4,42 €/KG","img":"https://fd9-photos.leclercdrive.fr/image.ashx?id=2337666&use=l&cat=p&typeid=i","cat":333657},{"id":125383,"n":"Comté fromage râpé Les Croisés 130g","p":1.95,"u":"15,00 €/KG","img":"https://fd9-photos.leclercdrive.fr/image.ashx?id=2897820&use=l&cat=p&typeid=i","cat":314035},{"id":125571,"n":"Yaourt bifidus Activia muesli Chocolat noisette - 170g","p":1.91,"img":"https://fd9-photos.leclercdrive.fr/image.ashx?id=2965891&use=l&cat=p&typeid=i","cat":315000},{"id":125632,"n":"Fromage AOP Grand pont l'évêque Isigny - Sainte mère - 350g","p":5.37,"u":"15,34 €/KG","img":"https://fd9-photos.leclercdrive.fr/image.ashx?id=2732500&use=l&cat=p&typeid=i","cat":329558},{"id":125723,"n":"Céréales fourées P'tit Déli Tout chocolat - 650g","p":2.89,"u":"4,45 €/KG","img":"https://fd9-photos.leclercdrive.fr/image.ashx?id=2878603&use=l&cat=p&typeid=i","cat":309513},{"id":125879,"n":"Panachés 2 mini chevreaux Sèvre et Belle - 160g","p":5.06,"u":"31,63 €/KG","img":"https://fd9-photos.leclercdrive.fr/image.ashx?id=1987968&use=l&cat=p&typeid=i","cat":314031},{"id":125914,"n":"Fromages frais Pat'patrouille Yoplait goûts fruits - 12x50g","p":1.63,"u":"2,72 €/KG","img":"https://fd9-photos.leclercdrive.fr/image.ashx?id=2733685&use=l&cat=p&typeid=i","cat":284414},{"id":125915,"n":"Yaourts allégés Sveltesse   Caramel - 4x125g","p":1.62,"u":"3,24 €/KG","img":"https://fd9-photos.leclercdrive.fr/image.ashx?id=2561601&use=l&cat=p&typeid=i","cat":315000},{"id":125916,"n":"Fromages frais Pat'Patrouille Yoplait goûts fruits - 24x50g","p":3.35,"u":"2,79 €/KG","img":"https://fd9-photos.leclercdrive.fr/image.ashx?id=2733688&use=l&cat=p&typeid=i","cat":284414},{"id":125919,"n":"Boisson végétale Alpro Lait d'amande vanille - 1L","p":3.09,"u":"3,09 €/L","img":"https://fd9-photos.leclercdrive.fr/image.ashx?id=2981671&use=l&cat=p&typeid=i","cat":316067},{"id":126178,"n":"Riz long thaï Eco+ 1kg","p":1.61,"u":"1,61 €/KG","img":"https://fd9-photos.leclercdrive.fr/image.ashx?id=2799751&use=l&cat=p&typeid=i","cat":284428},{"id":126186,"n":"Riz rond Eco+ 1kg","p":1.77,"u":"1,77 €/KG","img":"https://fd9-photos.leclercdrive.fr/image.ashx?id=2704594&use=l&cat=p&typeid=i","cat":284428},{"id":126207,"n":"Galette St Michel 520g","p":3.36,"u":"6,46 €/KG","img":"https://fd9-photos.leclercdrive.fr/image.ashx?id=2936221&use=l&cat=p&typeid=i","cat":284487},{"id":126314,"n":"Crème dépilatoire Pure Veet Corps Peaux sensibles 200ml","p":4.44,"u":"22,20 €/L","img":"https://fd9-photos.leclercdrive.fr/image.ashx?id=2965692&use=l&cat=p&typeid=i","cat":325351},{"id":126316,"n":"Cire Chaude au Sucre Pure Veet 100% d'Origine Naturelle 250ml","p":4.8,"u":"19,20 €/L","img":"https://fd9-photos.leclercdrive.fr/image.ashx?id=2990430&use=l&cat=p&typeid=i","cat":325351},{"id":126421,"n":"Biscuits Figolu LU Figue - 192g","p":1.44,"u":"7,50 €/KG","img":"https://fd9-photos.leclercdrive.fr/image.ashx?id=2967950&use=l&cat=p&typeid=i","cat":284489},{"id":126424,"n":"Biscuits Sprits sablés Delacre Chocolat au lait - 200g","p":1.7,"u":"8,50 €/KG","img":"https://fd9-photos.leclercdrive.fr/image.ashx?id=2855873&use=l&cat=p&typeid=i","cat":284488},{"id":126519,"n":"Bloc WC Bref Color Activ+  Marine toilettes - 50g x1","p":1.96,"u":"392,00 €/KG","img":"https://fd9-photos.leclercdrive.fr/image.ashx?id=2890112&use=l&cat=p&typeid=i","cat":284662},{"id":126540,"n":"Citron jaune Eco+  Filet 500g","p":0.99,"u":"1,98 €/KG","img":"https://fd9-photos.leclercdrive.fr/image.ashx?id=2619807&use=l&cat=p&typeid=i","cat":284356},{"id":126541,"n":"Clémentines Eco+ Filet 1kg","p":1.69,"u":"1,69 €/KG","img":"https://fd9-photos.leclercdrive.fr/image.ashx?id=2607987&use=l&cat=p&typeid=i","cat":284356},{"id":126545,"n":"Pomelos Eco+ Filet x3","p":1.79,"u":"0,60 €/P","img":"https://fd9-photos.leclercdrive.fr/image.ashx?id=2680524&use=l&cat=p&typeid=i","cat":284356},{"id":126548,"n":"Pomelo rose 1p","p":0.79,"img":"https://fd9-photos.leclercdrive.fr/image.ashx?id=1636262&use=l&cat=p&typeid=i","cat":284356},{"id":126570,"n":"Soda Sprite Original  Bouteille  - 1.25L","p":1.33,"u":"1,06 €/L","img":"https://fd9-photos.leclercdrive.fr/image.ashx?id=2796989&use=l&cat=p&typeid=i","cat":284531},{"id":126571,"n":"Gaufres de Liège Lotus 315g","p":1.94,"u":"6,16 €/KG","img":"https://fd9-photos.leclercdrive.fr/image.ashx?id=2694995&use=l&cat=p&typeid=i","cat":294777},{"id":126578,"n":"Poires Eco+ Barquette 1kg","p":2.49,"u":"2,49 €/KG","img":"https://fd9-photos.leclercdrive.fr/image.ashx?id=2909374&use=l&cat=p&typeid=i","cat":284356},{"id":126579,"n":"Pommes Bicolores Eco+ Sachet 2kg","p":2.99,"u":"1,50 €/KG","img":"https://fd9-photos.leclercdrive.fr/image.ashx?id=2537872&use=l&cat=p&typeid=i","cat":284356},{"id":126581,"n":"Pommes jaunes Eco+ Sachet 2kg","p":2.99,"u":"1,50 €/KG","img":"https://fd9-photos.leclercdrive.fr/image.ashx?id=2441890&use=l&cat=p&typeid=i","cat":284356},{"id":126585,"n":"Tomates rondes Eco+ Filet 1kg","p":1.89,"u":"1,89 €/KG","img":"https://fd9-photos.leclercdrive.fr/image.ashx?id=2769420&use=l&cat=p&typeid=i","cat":284352},{"id":126586,"n":"Tomate cerise Eco+ Barquette 250g","p":0.99,"u":"3,96 €/KG","img":"https://fd9-photos.leclercdrive.fr/image.ashx?id=2968067&use=l&cat=p&typeid=i","cat":284352},{"id":126589,"n":"Endives Eco+ Sachet 500g","p":1.49,"u":"2,98 €/KG","img":"https://fd9-photos.leclercdrive.fr/image.ashx?id=2922917&use=l&cat=p&typeid=i","cat":284352},{"id":126590,"n":"Ail Eco+ Filet 250g","p":1.99,"u":"7,96 €/KG","img":"https://fd9-photos.leclercdrive.fr/image.ashx?id=2919586&use=l&cat=p&typeid=i","cat":284352},{"id":126591,"n":"Echalotes Eco+ Filet 500g","p":1.19,"u":"2,38 €/KG","img":"https://fd9-photos.leclercdrive.fr/image.ashx?id=2777946&use=l&cat=p&typeid=i","cat":284352},{"id":126613,"n":"Kiwis Panier du Primeur Mûrs à point x6","p":3.99,"u":"0,67 €/P","img":"https://fd9-photos.leclercdrive.fr/image.ashx?id=2955050&use=l&cat=p&typeid=i","cat":284356},{"id":126646,"n":"Gaufres de liège Lotus Chocolat au lait - 363g","p":2.98,"u":"8,21 €/KG","img":"https://fd9-photos.leclercdrive.fr/image.ashx?id=2859827&use=l&cat=p&typeid=i","cat":294777},{"id":126652,"n":"Pavés fondants camembert Président - 200g","p":3.51,"u":"17,55 €/KG","img":"https://fd9-photos.leclercdrive.fr/image.ashx?id=2856091&use=l&cat=p&typeid=i","cat":314027},{"id":126654,"n":"Fromage de Chèvre Saint Loup  Bûche Affinée - 180g","p":2.29,"u":"12,72 €/KG","img":"https://fd9-photos.leclercdrive.fr/image.ashx?id=2763322&use=l&cat=p&typeid=i","cat":314031},{"id":126659,"n":"Fromage fondu Eco+ 24 portions - 400g","p":2.45,"u":"6,13 €/KG","img":"https://fd9-photos.leclercdrive.fr/image.ashx?id=2415746&use=l&cat=p&typeid=i","cat":314030},{"id":126848,"n":"Batonnets Smicy Vanille - x12 - 456g","p":4.02,"u":"8,82 €/KG","img":"https://fd9-photos.leclercdrive.fr/image.ashx?id=2902552&use=l&cat=p&typeid=i","cat":284265},{"id":126907,"n":"Pesto verde Garofalo 175g","p":2.5,"u":"14,29 €/KG","img":"https://fd9-photos.leclercdrive.fr/image.ashx?id=2884651&use=l&cat=p&typeid=i","cat":287599},{"id":126918,"n":"Kaki 1p","p":0.49,"img":"https://fd9-photos.leclercdrive.fr/image.ashx?id=1628367&use=l&cat=p&typeid=i","cat":284356},{"id":126958,"n":"Kiwi vert 1p","p":0.75,"img":"https://fd9-photos.leclercdrive.fr/image.ashx?id=2077670&use=l&cat=p&typeid=i","cat":284356},{"id":126960,"n":"Cheeseburgers Côté Croc x6 - 780g","p":6.28,"u":"8,05 €/KG","img":"https://fd9-photos.leclercdrive.fr/image.ashx?id=2077373&use=l&cat=p&typeid=i","cat":319822},{"id":126961,"n":"Kiwi jaune 1p","p":0.99,"img":"https://fd9-photos.leclercdrive.fr/image.ashx?id=1633952&use=l&cat=p&typeid=i","cat":284356},{"id":126984,"n":"Concombre 1p","p":1.99,"img":"https://fd9-photos.leclercdrive.fr/image.ashx?id=1631895&use=l&cat=p&typeid=i","cat":284352},{"id":126985,"n":"Concombre Noa 1p","p":0.99,"img":"https://fd9-photos.leclercdrive.fr/image.ashx?id=2115890&use=l&cat=p&typeid=i","cat":284352},{"id":126987,"n":"Avocats Eco+ Filet x3","p":1.99,"u":"0,66 €/P","img":"https://fd9-photos.leclercdrive.fr/image.ashx?id=2373009&use=l&cat=p&typeid=i","cat":284352},{"id":126990,"n":"Carottes Eco+ Sachet de 2kg","p":1.89,"u":"0,95 €/KG","img":"https://fd9-photos.leclercdrive.fr/image.ashx?id=2922376&use=l&cat=p&typeid=i","cat":284352},{"id":126991,"n":"Avocat tropical 1p","p":2.99,"img":"https://fd9-photos.leclercdrive.fr/image.ashx?id=2115887&use=l&cat=p&typeid=i","cat":284352},{"id":126996,"n":"Radis rose botte x1","p":1.19,"img":"https://fd9-photos.leclercdrive.fr/image.ashx?id=1100182&use=l&cat=p&typeid=i","cat":284352},{"id":127014,"n":"Carottes fanes botte x1","p":1.89,"img":"https://fd9-photos.leclercdrive.fr/image.ashx?id=1632623&use=l&cat=p&typeid=i","cat":284352},{"id":127017,"n":"Butternut 1p","p":1.99,"img":"https://fd9-photos.leclercdrive.fr/image.ashx?id=1631577&use=l&cat=p&typeid=i","cat":284352},{"id":127019,"n":"Potimarron 1p","p":1.99,"img":"https://fd9-photos.leclercdrive.fr/image.ashx?id=1633196&use=l&cat=p&typeid=i","cat":284352},{"id":127021,"n":"Chou blanc 1p","p":1.99,"img":"https://fd9-photos.leclercdrive.fr/image.ashx?id=560849&use=l&cat=p&typeid=i","cat":284352},{"id":127026,"n":"Chou frisé 1p","p":1.49,"img":"https://fd9-photos.leclercdrive.fr/image.ashx?id=560851&use=l&cat=p&typeid=i","cat":284352},{"id":127027,"n":"Bouchées Feuilletées 3 Toques x12 - 318g","p":2.71,"u":"8,52 €/KG","img":"https://fd9-photos.leclercdrive.fr/image.ashx?id=1913859&use=l&cat=p&typeid=i","cat":284441},{"id":127215,"n":"Litière chats Tranquille Cristaux fins - 3.7L","p":5.65,"u":"1,53 €/L","img":"https://fd9-photos.leclercdrive.fr/image.ashx?id=1934850&use=l&cat=p&typeid=i","cat":284683},{"id":127244,"n":"Filets de Canard Volandrie - 350g","p":6.44,"u":"18,40 €/KG","img":"https://fd9-photos.leclercdrive.fr/image.ashx?id=2903971&use=l&cat=p&typeid=i","cat":284339},{"id":127323,"n":"Shampoing nourrissant Fructis Hair Food banane - 350ml","p":3.49,"u":"9,97 €/L","img":"https://fd9-photos.leclercdrive.fr/image.ashx?id=2830597&use=l&cat=p&typeid=i","cat":284606},{"id":127351,"n":"Emincé de filet de canard façon aiguillette Volandrie - 210 g","p":4.85,"u":"23,10 €/KG","img":"https://fd9-photos.leclercdrive.fr/image.ashx?id=2396945&use=l&cat=p&typeid=i","cat":284339},{"id":127430,"n":"Céréales fourrées P'tit Déli Chocolat au lait - 450g","p":2.58,"u":"5,73 €/KG","img":"https://fd9-photos.leclercdrive.fr/image.ashx?id=2824713&use=l&cat=p&typeid=i","cat":309513},{"id":127475,"n":"Lait bébé en poudre Blédilait croissance 1-3 ans 900g","p":10.88,"u":"12,09 €/KG","img":"https://fd9-photos.leclercdrive.fr/image.ashx?id=2848587&use=l&cat=p&typeid=i","cat":290219},{"id":127556,"n":"Litière chats Tranquille Cristale charbon actif - 4L","p":5.99,"u":"1,50 €/L","img":"https://fd9-photos.leclercdrive.fr/image.ashx?id=2421874&use=l&cat=p&typeid=i","cat":284683},{"id":128887,"n":"Soda Coca-Cola Verre - 6x250ml","p":5.82,"u":"3,88 €/L","img":"https://fd9-photos.leclercdrive.fr/image.ashx?id=2444465&use=l&cat=p&typeid=i","cat":284530},{"id":128976,"n":"Sucre poudre Daddy 750g","p":1.69,"u":"2,25 €/KG","img":"https://fd9-photos.leclercdrive.fr/image.ashx?id=2944699&use=l&cat=p&typeid=i","cat":284502},{"id":129123,"n":"Gel Lubrifiant Perfect Gliss Durex Longue Durée 100ml","p":7.95,"u":"79,50 €/L","img":"https://fd9-photos.leclercdrive.fr/image.ashx?id=2960693&use=l&cat=p&typeid=i","cat":285160},{"id":129162,"n":"Boisson énergisante Monster Mango Loco - 50cl","p":1.55,"u":"3,10 €/L","img":"https://fd9-photos.leclercdrive.fr/image.ashx?id=2433443&use=l&cat=p&typeid=i","cat":284533},{"id":129395,"n":"Tablette Chocolat Lait Nestlé  L'Atelier Cranberries 170g","p":3.67,"u":"21,59 €/KG","img":"https://fd9-photos.leclercdrive.fr/image.ashx?id=2663051&use=l&cat=p&typeid=i","cat":284497},{"id":129398,"n":"Tablette Chocolat Lait Nestlé  L'Atelier Noisettes 170g","p":3.93,"u":"23,12 €/KG","img":"https://fd9-photos.leclercdrive.fr/image.ashx?id=2663060&use=l&cat=p&typeid=i","cat":284497},{"id":129472,"n":"Crème dessert Danette Vanille - 8x125g","p":2.91,"u":"2,91 €/KG","img":"https://fd9-photos.leclercdrive.fr/image.ashx?id=2949838&use=l&cat=p&typeid=i","cat":285041},{"id":129560,"n":"Filets cabillaud MSC 800g","p":11.98,"u":"14,98 €/KG","img":"https://fd9-photos.leclercdrive.fr/image.ashx?id=1983986&use=l&cat=p&typeid=i","cat":319786},{"id":129620,"n":"Bière Ambrée 3 Monts 75cl","p":3.08,"u":"4,11 €/L","img":"https://fd9-photos.leclercdrive.fr/image.ashx?id=2548186&use=l&cat=p&typeid=i","cat":334852},{"id":129630,"n":"Bâtonnets Trium Menthe - x4 - 290g","p":2.81,"u":"9,69 €/KG","img":"https://fd9-photos.leclercdrive.fr/image.ashx?id=2920794&use=l&cat=p&typeid=i","cat":284265},{"id":129864,"n":"Crème glacée Ben and Jerry's  Half Baked - 406g","p":3.86,"u":"9,51 €/KG","img":"https://fd9-photos.leclercdrive.fr/image.ashx?id=3011941&use=l&cat=p&typeid=i","cat":284725},{"id":129957,"n":"AOP Côtes du Rhône rouge Combes de Saint Sauveur - BIB 3L","p":14.35,"u":"4,78 €/L","img":"https://fd9-photos.leclercdrive.fr/image.ashx?id=2985033&use=l&cat=p&typeid=i","cat":289560},{"id":129991,"n":"Yaourt au lait entier Malo Citron - 4x125g","p":1.92,"u":"3,84 €/KG","img":"https://fd9-photos.leclercdrive.fr/image.ashx?id=2908618&use=l&cat=p&typeid=i","cat":286006},{"id":130029,"n":"Jus pur premium Tropicana Ananas citron vert - 90cl","p":3.35,"u":"3,72 €/L","img":"https://fd9-photos.leclercdrive.fr/image.ashx?id=2533532&use=l&cat=p&typeid=i","cat":285435},{"id":130106,"n":"Mon Jambon Supérieur Madrange A l'étouffée - 160g","p":3.2,"u":"20,00 €/KG","img":"https://fd9-photos.leclercdrive.fr/image.ashx?id=3008200&use=l&cat=p&typeid=i","cat":316009},{"id":130319,"n":"Mini pots Häagen-Dazs  Fruit Collection x4 - 326g","p":5.09,"u":"15,61 €/KG","img":"https://fd9-photos.leclercdrive.fr/image.ashx?id=3000159&use=l&cat=p&typeid=i","cat":284725},{"id":130334,"n":"Lessive liquide bébé Epsil 25 lavages - 1.25L","p":3.85,"u":"3,08 €/L","img":"https://fd9-photos.leclercdrive.fr/image.ashx?id=2838939&use=l&cat=p&typeid=i","cat":284640},{"id":130347,"n":"Bâtonnets Trium Caramel Beurre Salé x4 - 288g","p":2.93,"u":"10,17 €/KG","img":"https://fd9-photos.leclercdrive.fr/image.ashx?id=2920788&use=l&cat=p&typeid=i","cat":284265},{"id":130348,"n":"Bâtonnets Trium chocolat au  Lait biscuit cacaoté x4- 290g","p":2.99,"u":"10,31 €/KG","img":"https://fd9-photos.leclercdrive.fr/image.ashx?id=2791341&use=l&cat=p&typeid=i","cat":284265},{"id":130461,"n":"Bière blonde sans alcool 1664 0,0° - 6x25cl","p":3.78,"u":"2,52 €/L","img":"https://fd9-photos.leclercdrive.fr/image.ashx?id=2120656&use=l&cat=p&typeid=i","cat":334877},{"id":130629,"n":"Dés de Mimolette et Gouda Petit Marché - 120g","p":2.17,"u":"18,08 €/KG","img":"https://fd9-photos.leclercdrive.fr/image.ashx?id=2189372&use=l&cat=p&typeid=i","cat":314027},{"id":130667,"n":"Rôti de porc Fleury Michon Sans nitrite - x4 - 160g","p":2.84,"u":"17,75 €/KG","img":"https://fd9-photos.leclercdrive.fr/image.ashx?id=2320977&use=l&cat=p&typeid=i","cat":316009},{"id":130670,"n":"Jambon cru Merle 4 tranches - 80g","p":1.79,"u":"22,38 €/KG","img":"https://fd9-photos.leclercdrive.fr/image.ashx?id=1939402&use=l&cat=p&typeid=i","cat":316007},{"id":130682,"n":"Pâté en croute Michel Bolard 100g","p":1.85,"u":"18,50 €/KG","img":"https://fd9-photos.leclercdrive.fr/image.ashx?id=2556162&use=l&cat=p&typeid=i","cat":316003},{"id":130744,"n":"Nouilles aux oeufs Suzi Wan 250g","p":1.73,"u":"6,92 €/KG","img":"https://fd9-photos.leclercdrive.fr/image.ashx?id=2892928&use=l&cat=p&typeid=i","cat":288992},{"id":130749,"n":"Yaourt à la grecque YAOS Noix de coco - 4x125g","p":2.3,"u":"4,60 €/KG","img":"https://fd9-photos.leclercdrive.fr/image.ashx?id=2213469&use=l&cat=p&typeid=i","cat":314999},{"id":130750,"n":"Boite ménagère basilic Ducros 29g","p":1.61,"u":"55,52 €/KG","img":"https://fd9-photos.leclercdrive.fr/image.ashx?id=2486587&use=l&cat=p&typeid=i","cat":298297},{"id":130755,"n":"Maquereau Moutarde PETIT NAVIRE Moutarde sans arome ajouté 169g","p":2.11,"u":"12,49 €/KG","img":"https://fd9-photos.leclercdrive.fr/image.ashx?id=2989060&use=l&cat=p&typeid=i","cat":303868},{"id":130776,"n":"Confiture  Bonne Maman Fraise framboise intenses 335g","p":2.47,"u":"7,37 €/KG","img":"https://fd9-photos.leclercdrive.fr/image.ashx?id=2396378&use=l&cat=p&typeid=i","cat":284480},{"id":130783,"n":"Cidre rosé Ecusson 75 cl","p":3.12,"u":"4,16 €/L","img":"https://fd9-photos.leclercdrive.fr/image.ashx?id=2687839&use=l&cat=p&typeid=i","cat":334880},{"id":130788,"n":"Tablette chocolat au lait Eco+ Ménage - 5x100g","p":3.49,"u":"6,98 €/KG","img":"https://fd9-photos.leclercdrive.fr/image.ashx?id=2746778&use=l&cat=p&typeid=i","cat":284497},{"id":130789,"n":"Préparation Gâteau alsa Moelleux Nature - 435g","p":2.27,"u":"5,22 €/KG","img":"https://fd9-photos.leclercdrive.fr/image.ashx?id=2996431&use=l&cat=p&typeid=i","cat":284505},{"id":130790,"n":"Préparation Gâteau alsa Moelleux Chocolat - 435g","p":2.4,"u":"5,52 €/KG","img":"https://fd9-photos.leclercdrive.fr/image.ashx?id=2996434&use=l&cat=p&typeid=i","cat":284505},{"id":130804,"n":"Préparation Gâteau alsa Fondant au Chocolat - 435g","p":2.46,"u":"7,69 €/KG","img":"https://fd9-photos.leclercdrive.fr/image.ashx?id=2996437&use=l&cat=p&typeid=i","cat":284505},{"id":130823,"n":"Filets de harengs Baltic A la crème et aneth - 400g","p":3.07,"u":"7,68 €/KG","img":"https://fd9-photos.leclercdrive.fr/image.ashx?id=2845892&use=l&cat=p&typeid=i","cat":285190},{"id":130830,"n":"Dessert Végétal Charles & Alice Végétal Coco Chocolat 2X110G","p":1.53,"u":"6,95 €/KG","img":"https://fd9-photos.leclercdrive.fr/image.ashx?id=2919307&use=l&cat=p&typeid=i","cat":316071},{"id":130831,"n":"Dessert Végétal Charles & Alice Végétal Coco Marron 2X110G","p":1.35,"u":"6,14 €/KG","img":"https://fd9-photos.leclercdrive.fr/image.ashx?id=2911348&use=l&cat=p&typeid=i","cat":316071},{"id":130857,"n":"Truite fumée de france Ovive 100g","p":3.49,"u":"34,90 €/KG","img":"https://fd9-photos.leclercdrive.fr/image.ashx?id=2902061&use=l&cat=p&typeid=i","cat":285188},{"id":130919,"n":"Cereales Bio nuit Modilac 4mois 250g","p":4.38,"u":"17,52 €/KG","img":"https://fd9-photos.leclercdrive.fr/image.ashx?id=2766006&use=l&cat=p&typeid=i","cat":312225},{"id":131144,"n":"Recharge adhésive 36 feuilles 2 rouleaux","p":2.59,"u":"1,30 €/P","img":"https://fd9-photos.leclercdrive.fr/image.ashx?id=1937818&use=l&cat=p&typeid=i","cat":284669},{"id":131250,"n":"Crème dessert La Laitière  Pot de crème pistache - 4x100g","p":2.59,"u":"6,48 €/KG","img":"https://fd9-photos.leclercdrive.fr/image.ashx?id=2654608&use=l&cat=p&typeid=i","cat":285041},{"id":131251,"n":"Dessert liégeois Viennois  Fraise - 4x100g","p":1.81,"u":"4,53 €/KG","img":"https://fd9-photos.leclercdrive.fr/image.ashx?id=2875993&use=l&cat=p&typeid=i","cat":285042},{"id":131273,"n":"Terrine de faisan Morvan aux noisettes 180g","p":3.06,"u":"17,00 €/KG","img":"https://fd9-photos.leclercdrive.fr/image.ashx?id=2870521&use=l&cat=p&typeid=i","cat":305149},{"id":131275,"n":"Terrine de foie de volaille aux Girolles Morvan 180g","p":2.72,"u":"15,11 €/KG","img":"https://fd9-photos.leclercdrive.fr/image.ashx?id=2890926&use=l&cat=p&typeid=i","cat":305149},{"id":131384,"n":"Café Soluble Nescafé Cappuccino Praline - 279g","p":5.14,"u":"18,42 €/KG","img":"https://fd9-photos.leclercdrive.fr/image.ashx?id=2985567&use=l&cat=p&typeid=i","cat":284843},{"id":131388,"n":"Capsules Starbucks by Nespresso  Colombia Int 7 - x10","p":3.47,"u":"60,88 €/KG","img":"https://fd9-photos.leclercdrive.fr/image.ashx?id=2868152&use=l&cat=p&typeid=i","cat":284749},{"id":131390,"n":"Capsules Starbucks by Nespresso  House Blend Int 8 - x10","p":3.42,"u":"60,00 €/KG","img":"https://fd9-photos.leclercdrive.fr/image.ashx?id=2868143&use=l&cat=p&typeid=i","cat":284749},{"id":131399,"n":"Café Capsules NESPRESSO int 7 Starbucks Pike Place Roast x10","p":3.71,"u":"70,00 €/KG","img":"https://fd9-photos.leclercdrive.fr/image.ashx?id=2945775&use=l&cat=p&typeid=i","cat":284749},{"id":131424,"n":"Capsules Starbucks by Nespresso  Blonde Espresso Int 6 - x10","p":3.43,"u":"64,72 €/KG","img":"https://fd9-photos.leclercdrive.fr/image.ashx?id=2868146&use=l&cat=p&typeid=i","cat":284749},{"id":131431,"n":"Café Capsules by DOLCE GUSTO Starbucks Caramel Macchiato 2x6","p":4.53,"u":"35,67 €/KG","img":"https://fd9-photos.leclercdrive.fr/image.ashx?id=2966785&use=l&cat=p&typeid=i","cat":293239},{"id":131742,"n":"crème dessert chocolat au lait danette - 4x125g","p":1.69,"u":"3,38 €/KG","img":"https://fd9-photos.leclercdrive.fr/image.ashx?id=2093984&use=l&cat=p&typeid=i","cat":285041},{"id":131767,"n":"Bonbons sans sucres Ricola Orange Menthe - 50g","p":1.6,"u":"32,00 €/KG","img":"https://fd9-photos.leclercdrive.fr/image.ashx?id=2382219&use=l&cat=p&typeid=i","cat":304256},{"id":131790,"n":"Barres céréales Eco+ Chocolat & cacahuètes x6 - 126g","p":0.71,"u":"5,63 €/KG","img":"https://fd9-photos.leclercdrive.fr/image.ashx?id=2791209&use=l&cat=p&typeid=i","cat":285869},{"id":131794,"n":"Betteraves rouges 3x130g","p":1.79,"u":"4,59 €/KG","img":"https://fd9-photos.leclercdrive.fr/image.ashx?id=2537848&use=l&cat=p&typeid=i","cat":312611},{"id":131806,"n":"Céréales fourrées P'tit Déli Chocolat au lait - 450g","p":2.45,"u":"5,44 €/KG","img":"https://fd9-photos.leclercdrive.fr/image.ashx?id=2835211&use=l&cat=p&typeid=i","cat":309513},{"id":131807,"n":"Choucroute garnie 800g","p":2.17,"u":"2,71 €/KG","img":"https://fd9-photos.leclercdrive.fr/image.ashx?id=2826894&use=l&cat=p&typeid=i","cat":284441},{"id":131811,"n":"Chicorée café Eco+ Soluble - 200g","p":2.06,"u":"10,30 €/KG","img":"https://fd9-photos.leclercdrive.fr/image.ashx?id=2791200&use=l&cat=p&typeid=i","cat":284843},{"id":131816,"n":"Couscous boulettes volaille 1050g","p":3.1,"u":"2,95 €/KG","img":"https://fd9-photos.leclercdrive.fr/image.ashx?id=2807273&use=l&cat=p&typeid=i","cat":325094},{"id":131821,"n":"Croissants Eco+ x10 - 400g","p":1.45,"u":"3,63 €/KG","img":"https://fd9-photos.leclercdrive.fr/image.ashx?id=2922914&use=l&cat=p&typeid=i","cat":296366},{"id":131822,"n":"Delicioso format familial x10 - 350g","p":2.52,"u":"7,20 €/KG","img":"https://fd9-photos.leclercdrive.fr/image.ashx?id=2416547&use=l&cat=p&typeid=i","cat":284495},{"id":131825,"n":"Mais croquant Eco+ 3x140g","p":1.66,"u":"3,95 €/KG","img":"https://fd9-photos.leclercdrive.fr/image.ashx?id=2874675&use=l&cat=p&typeid=i","cat":312611},{"id":131826,"n":"Miettes thon à la tomate Eco + 160g","p":0.77,"u":"4,81 €/KG","img":"https://fd9-photos.leclercdrive.fr/image.ashx?id=2751856&use=l&cat=p&typeid=i","cat":303867},{"id":131827,"n":"Mouliné aux 8 légumes Eco+ 1L","p":0.9,"u":"0,90 €/L","img":"https://fd9-photos.leclercdrive.fr/image.ashx?id=2768451&use=l&cat=p&typeid=i","cat":284462},{"id":131829,"n":"Noix de Muscade Ducros 18g","p":2.68,"u":"148,89 €/KG","img":"https://fd9-photos.leclercdrive.fr/image.ashx?id=2559466&use=l&cat=p&typeid=i","cat":298297},{"id":131831,"n":"Pâté de campagne Eco+ 3x78g","p":1.31,"u":"5,60 €/KG","img":"https://fd9-photos.leclercdrive.fr/image.ashx?id=2852943&use=l&cat=p&typeid=i","cat":305149},{"id":131832,"n":"Olives vertes dénoyautées 490g","p":2.52,"u":"5,14 €/KG","img":"https://fd9-photos.leclercdrive.fr/image.ashx?id=2946811&use=l&cat=p&typeid=i","cat":284458},{"id":131833,"n":"Olives vertes réduite en sel Dénoyautées - 160g","p":1.69,"u":"10,56 €/KG","img":"https://fd9-photos.leclercdrive.fr/image.ashx?id=1942587&use=l&cat=p&typeid=i","cat":284458},{"id":131834,"n":"Pain de mie Epi d'Or Extra moelleux - 500g","p":0.99,"u":"1,98 €/KG","img":"https://fd9-photos.leclercdrive.fr/image.ashx?id=2860781&use=l&cat=p&typeid=i","cat":284477},{"id":131853,"n":"Potage tomate vermicelle Eco + 66g","p":0.79,"u":"11,97 €/KG","img":"https://fd9-photos.leclercdrive.fr/image.ashx?id=2674017&use=l&cat=p&typeid=i","cat":284463},{"id":131855,"n":"Saucisses fumées lentilles 840g","p":1.75,"u":"2,08 €/KG","img":"https://fd9-photos.leclercdrive.fr/image.ashx?id=2664569&use=l&cat=p&typeid=i","cat":312609},{"id":132088,"n":"Sauce Barilla Tomates Cuisinées - 400g","p":1.71,"u":"4,28 €/KG","img":"https://fd9-photos.leclercdrive.fr/image.ashx?id=2832527&use=l&cat=p&typeid=i","cat":287599},{"id":132109,"n":"Batonnets de glace Nuii Mangue d'Inde et Noix de Coco  x4","p":4.44,"u":"15,52 €/KG","img":"https://fd9-photos.leclercdrive.fr/image.ashx?id=2506825&use=l&cat=p&typeid=i","cat":284265},{"id":132153,"n":"Bâtonnets Trium Cacahuètes x4 - 306g","p":3.52,"u":"11,50 €/KG","img":"https://fd9-photos.leclercdrive.fr/image.ashx?id=2920785&use=l&cat=p&typeid=i","cat":284265},{"id":132165,"n":"Sorbet Eskiss Citron jaune - 650g","p":2.41,"u":"3,71 €/KG","img":"https://fd9-photos.leclercdrive.fr/image.ashx?id=2982664&use=l&cat=p&typeid=i","cat":284263},{"id":132180,"n":"Petits pots bébé P'TITE RECETTE Tajine de poulet 12M+ - 2x200g","p":2.47,"u":"6,18 €/KG","img":"https://fd9-photos.leclercdrive.fr/image.ashx?id=2525720&use=l&cat=p&typeid=i","cat":312237},{"id":132183,"n":"Petits pots bébé P'TITE RECETTE Moussaka au bœuf 8M+ - 2x200g","p":2.13,"u":"5,33 €/KG","img":"https://fd9-photos.leclercdrive.fr/image.ashx?id=2561395&use=l&cat=p&typeid=i","cat":312236},{"id":132234,"n":"Flocons d'avoine Grainea 500g","p":0.84,"u":"1,68 €/KG","img":"https://fd9-photos.leclercdrive.fr/image.ashx?id=2919655&use=l&cat=p&typeid=i","cat":309512},{"id":132239,"n":"Barre de céréales Nature Valley Crunchy avoine miel x10 -420g","p":4.27,"u":"10,17 €/KG","img":"https://fd9-photos.leclercdrive.fr/image.ashx?id=2612814&use=l&cat=p&typeid=i","cat":285869},{"id":132243,"n":"Lessive liquide couleur Epsil 25 lavages - 1.25L","p":2.54,"u":"2,03 €/L","img":"https://fd9-photos.leclercdrive.fr/image.ashx?id=2602961&use=l&cat=p&typeid=i","cat":284640},{"id":132290,"n":"Huile d'Olive Carapelli Extra Vierge Classico - 75cl","p":10.82,"u":"14,43 €/L","img":"https://fd9-photos.leclercdrive.fr/image.ashx?id=2737480&use=l&cat=p&typeid=i","cat":284453},{"id":132330,"n":"Ail semoule Eco + 54g","p":0.79,"u":"14,63 €/KG","img":"https://fd9-photos.leclercdrive.fr/image.ashx?id=2717249&use=l&cat=p&typeid=i","cat":298297},{"id":132368,"n":"Repas bébé Blédichef 15 mois Pâtes sauce tomate jambon -250g","p":1.89,"u":"7,56 €/KG","img":"https://fd9-photos.leclercdrive.fr/image.ashx?id=2643743&use=l&cat=p&typeid=i","cat":312238},{"id":132369,"n":"Repas bébé Blédichef 24 mois  Pâtes légumes cabillaud - 250g","p":1.92,"u":"7,68 €/KG","img":"https://fd9-photos.leclercdrive.fr/image.ashx?id=2644725&use=l&cat=p&typeid=i","cat":312238},{"id":132392,"n":"Gratte éponge Spontex Longue durée - x3","p":2.31,"u":"0,77 €/P","img":"https://fd9-photos.leclercdrive.fr/image.ashx?id=2973072&use=l&cat=p&typeid=i","cat":284667},{"id":132498,"n":"Sandwich Gourmand Club Sodebo Pain Pavot Saumon 190g","p":2.21,"u":"11,63 €/KG","img":"https://fd9-photos.leclercdrive.fr/image.ashx?id=3011194&use=l&cat=p&typeid=i","cat":333658},{"id":132581,"n":"Céréales soufflé P'tit Déli Au chocolat - 400g","p":2.37,"u":"5,93 €/KG","img":"https://fd9-photos.leclercdrive.fr/image.ashx?id=2811875&use=l&cat=p&typeid=i","cat":309513},{"id":132585,"n":"Skyr Yoplait  Nature 0%Mg - 4x100g","p":2.07,"u":"5,18 €/KG","img":"https://fd9-photos.leclercdrive.fr/image.ashx?id=2884435&use=l&cat=p&typeid=i","cat":315000},{"id":132601,"n":"Fan of Pik Haribo  Sachet bonbons acidulés - 200g","p":1.85,"u":"9,25 €/KG","img":"https://fd9-photos.leclercdrive.fr/image.ashx?id=2789766&use=l&cat=p&typeid=i","cat":304250},{"id":132625,"n":"Batônnets Trium Vanille Fruits rouge x4 - 286g","p":2.64,"u":"9,23 €/KG","img":"https://fd9-photos.leclercdrive.fr/image.ashx?id=2920782&use=l&cat=p&typeid=i","cat":284265},{"id":132629,"n":"Pétales de blé P'tit Déli Au chocolat - 400g","p":2.17,"u":"5,43 €/KG","img":"https://fd9-photos.leclercdrive.fr/image.ashx?id=2162738&use=l&cat=p&typeid=i","cat":309513},{"id":132630,"n":"Sorbet Eskiss Pomme - 650g","p":2.49,"u":"3,83 €/KG","img":"https://fd9-photos.leclercdrive.fr/image.ashx?id=2982670&use=l&cat=p&typeid=i","cat":284263},{"id":132631,"n":"Sorbet Eskiss Poire - 650g","p":2.11,"u":"3,25 €/KG","img":"https://fd9-photos.leclercdrive.fr/image.ashx?id=2983826&use=l&cat=p&typeid=i","cat":284263},{"id":132795,"n":"Désinfectant Sanytol 150ml","p":3.73,"u":"24,87 €/L","img":"https://fd9-photos.leclercdrive.fr/image.ashx?id=2785412&use=l&cat=p&typeid=i","cat":285201},{"id":132808,"n":"Skyr Yoplait  Lit Fruits Rouges 0%Mg - 4x100g","p":2.3,"u":"5,75 €/KG","img":"https://fd9-photos.leclercdrive.fr/image.ashx?id=2884438&use=l&cat=p&typeid=i","cat":315000},{"id":132811,"n":"Skyr Yoplait  Sur Lit Myrtilles 0%MG - 4x100G","p":2.3,"u":"5,75 €/KG","img":"https://fd9-photos.leclercdrive.fr/image.ashx?id=2884441&use=l&cat=p&typeid=i","cat":315000},{"id":132815,"n":"Skyr Yoplait  Sur Lit Citron 0%MG - 4x100g","p":2.25,"u":"5,63 €/KG","img":"https://fd9-photos.leclercdrive.fr/image.ashx?id=2317780&use=l&cat=p&typeid=i","cat":315000},{"id":133039,"n":"Lessive liquide noir Epsil 25 Lavages - 1.25L","p":2.54,"u":"2,03 €/L","img":"https://fd9-photos.leclercdrive.fr/image.ashx?id=2958759&use=l&cat=p&typeid=i","cat":284640},{"id":133121,"n":"Poisson Pané Colin Alaska Findus Céréales graines - 250g","p":2.99,"u":"11,96 €/KG","img":"https://fd9-photos.leclercdrive.fr/image.ashx?id=3008764&use=l&cat=p&typeid=i","cat":319788},{"id":133169,"n":"Eau gazeuse minérale Quézac Intense - 6 x 1.15L","p":2.85,"u":"0,41 €/L","img":"https://fd9-photos.leclercdrive.fr/image.ashx?id=2975344&use=l&cat=p&typeid=i","cat":284536},{"id":133179,"n":"Yaourt protéiné Hipro Vanille 0%mg - 2x160g","p":2.18,"u":"6,81 €/KG","img":"https://fd9-photos.leclercdrive.fr/image.ashx?id=2807414&use=l&cat=p&typeid=i","cat":315000},{"id":133290,"n":"AOP Bordeaux rouge Bio Nos Racines sans sulfite - 75cl","p":6.12,"u":"8,16 €/L","img":"https://fd9-photos.leclercdrive.fr/image.ashx?id=1953329&use=l&cat=p&typeid=i","cat":289556},{"id":134047,"n":"Barres de céréales Lion Chocolat caramel - 12x25g","p":4.6,"u":"15,33 €/KG","img":"https://fd9-photos.leclercdrive.fr/image.ashx?id=2846787&use=l&cat=p&typeid=i","cat":285869},{"id":134052,"n":"Velouté La Potagère duo Butternut et potimarron bio-1L","p":4.1,"u":"4,10 €/L","img":"https://fd9-photos.leclercdrive.fr/image.ashx?id=2541205&use=l&cat=p&typeid=i","cat":284462},{"id":134088,"n":"Applicateur express Baranne Noir - 75ml","p":2.8,"u":"3,73 €/L","img":"https://fd9-photos.leclercdrive.fr/image.ashx?id=2367883&use=l&cat=p&typeid=i","cat":285201},{"id":134117,"n":"Foie gras de canard entier  Maison Montfort - 320g","p":26.82,"u":"83,81 €/KG","img":"https://fd9-photos.leclercdrive.fr/image.ashx?id=2730997&use=l&cat=p&typeid=i","cat":316008},{"id":134118,"n":"Foie gras de canard J.Larnaudie Ma création coque - 220g","p":34.1,"u":"155,00 €/KG","img":"https://fd9-photos.leclercdrive.fr/image.ashx?id=2916785&use=l&cat=p&typeid=i","cat":316008},{"id":134121,"n":"Poivre noir moulu Eco+ 44g","p":0.55,"u":"12,50 €/KG","img":"https://fd9-photos.leclercdrive.fr/image.ashx?id=2717246&use=l&cat=p&typeid=i","cat":284457},{"id":134122,"n":"Poivre noir moulu Eco+ 90g","p":1.15,"u":"12,78 €/KG","img":"https://fd9-photos.leclercdrive.fr/image.ashx?id=2836307&use=l&cat=p&typeid=i","cat":284457},{"id":134130,"n":"Mélange paella Ducros 20g","p":1.47,"u":"73,50 €/KG","img":"https://fd9-photos.leclercdrive.fr/image.ashx?id=2490500&use=l&cat=p&typeid=i","cat":298297},{"id":134131,"n":"Soupe liquide brique Liebig  Velouté de Tomates - 1L","p":2.17,"u":"2,17 €/L","img":"https://fd9-photos.leclercdrive.fr/image.ashx?id=2759439&use=l&cat=p&typeid=i","cat":284462},{"id":134146,"n":"Biscuits Nustikao Fourrés pâte à tartiner - 200g","p":1.67,"u":"8,35 €/KG","img":"https://fd9-photos.leclercdrive.fr/image.ashx?id=2473999&use=l&cat=p&typeid=i","cat":284488},{"id":134150,"n":"Lait céréales Blédidej 6 mois Céréales - 4x250ml","p":3.28,"u":"3,28 €/L","img":"https://fd9-photos.leclercdrive.fr/image.ashx?id=2921067&use=l&cat=p&typeid=i","cat":312226},{"id":134152,"n":"Biscuits Kinder Happy Hippo Au lait et au cacao - 103,5g","p":1.66,"u":"15,96 €/KG","img":"https://fd9-photos.leclercdrive.fr/image.ashx?id=2454499&use=l&cat=p&typeid=i","cat":284488},{"id":134162,"n":"Fromage frais nature Eco+ 9%mg - 6x60g","p":0.93,"u":"2,58 €/KG","img":"https://fd9-photos.leclercdrive.fr/image.ashx?id=2722372&use=l&cat=p&typeid=i","cat":284409},{"id":134165,"n":"Yaourt à la Grecque Délisse Stracciatella - 4x150g","p":2.39,"u":"3,98 €/KG","img":"https://fd9-photos.leclercdrive.fr/image.ashx?id=2753487&use=l&cat=p&typeid=i","cat":314999},{"id":134252,"n":"Feuilleté de mousse la Laitière Chocolat noir - 4x57g","p":1.84,"u":"8,07 €/KG","img":"https://fd9-photos.leclercdrive.fr/image.ashx?id=2875960&use=l&cat=p&typeid=i","cat":284417},{"id":134316,"n":"Goûters P'tit Déli Croc' Goût Vanille - 300g","p":1.01,"u":"3,06 €/KG","img":"https://fd9-photos.leclercdrive.fr/image.ashx?id=2391895&use=l&cat=p&typeid=i","cat":284489},{"id":134317,"n":"Biscuit Croc Break P'tit Déli Goût Chocolat - 300g","p":1.15,"u":"3,83 €/KG","img":"https://fd9-photos.leclercdrive.fr/image.ashx?id=2708895&use=l&cat=p&typeid=i","cat":284488},{"id":134318,"n":"Biscuits P'tit déli Pirates Chocolat - 2x300g","p":2.17,"u":"3,62 €/KG","img":"https://fd9-photos.leclercdrive.fr/image.ashx?id=2718614&use=l&cat=p&typeid=i","cat":284488},{"id":134319,"n":"Biscuit Croc Break P'tit Déli Goût Tout Chocolat - 300g","p":1.09,"u":"3,63 €/KG","img":"https://fd9-photos.leclercdrive.fr/image.ashx?id=2472662&use=l&cat=p&typeid=i","cat":284488},{"id":134331,"n":"Muesli croustillant Grainéa Chocolat noir - 500g","p":2.29,"u":"4,58 €/KG","img":"https://fd9-photos.leclercdrive.fr/image.ashx?id=2707567&use=l&cat=p&typeid=i","cat":309512},{"id":134333,"n":"Muesli croustillant Grainéa Noix - 500g","p":2.02,"u":"4,04 €/KG","img":"https://fd9-photos.leclercdrive.fr/image.ashx?id=2917662&use=l&cat=p&typeid=i","cat":309512},{"id":134336,"n":"Muesli croustillant Grainéa  Aux fruits - 500g","p":1.87,"u":"3,74 €/KG","img":"https://fd9-photos.leclercdrive.fr/image.ashx?id=2931796&use=l&cat=p&typeid=i","cat":309512},{"id":134347,"n":"Anneaux Calamars Cité Marine Romaine - 180g","p":3.01,"u":"16,72 €/KG","img":"https://fd9-photos.leclercdrive.fr/image.ashx?id=2867104&use=l&cat=p&typeid=i","cat":284344},{"id":134353,"n":"Muesli croustillant Grainéa Chocolat lait - 500g","p":2.27,"u":"4,54 €/KG","img":"https://fd9-photos.leclercdrive.fr/image.ashx?id=2707570&use=l&cat=p&typeid=i","cat":309512},{"id":134405,"n":"Moules de Bouchot L'Atelier Poissonnerie - 1,4kg","p":7.95,"u":"5,68 €/KG","img":"https://fd9-photos.leclercdrive.fr/image.ashx?id=2956475&use=l&cat=p&typeid=i","cat":284343},{"id":134458,"n":"Fromage Camembert NRT AOP  de Normandie  - 250g","p":3.39,"u":"13,56 €/KG","img":"https://fd9-photos.leclercdrive.fr/image.ashx?id=1962719&use=l&cat=p&typeid=i","cat":314033},{"id":134489,"n":"Saucisse persillé d'Alsace NRT 120g","p":1.85,"u":"15,42 €/KG","img":"https://fd9-photos.leclercdrive.fr/image.ashx?id=2898110&use=l&cat=p&typeid=i","cat":316012},{"id":134631,"n":"Pommes de terre pour four purée potage Panier du Primeur - 2kg","p":2.29,"u":"1,15 €/KG","img":"https://fd9-photos.leclercdrive.fr/image.ashx?id=2959641&use=l&cat=p&typeid=i","cat":284352},{"id":134688,"n":"Compote Charles & Alice Pommes Pruneaux - 4x100g","p":1.8,"u":"4,50 €/KG","img":"https://fd9-photos.leclercdrive.fr/image.ashx?id=2757335&use=l&cat=p&typeid=i","cat":284416},{"id":134698,"n":"Pomme de terre filière vapeur  sautées Panier du Primeur - 2kg","p":2.29,"u":"1,15 €/KG","img":"https://fd9-photos.leclercdrive.fr/image.ashx?id=2959644&use=l&cat=p&typeid=i","cat":284352},{"id":134745,"n":"Yaourt nature ECO+ 12x125g","p":1.69,"u":"1,13 €/KG","img":"https://fd9-photos.leclercdrive.fr/image.ashx?id=2791194&use=l&cat=p&typeid=i","cat":284409},{"id":134751,"n":"Boisson végétale Bio Village Riz coco bio - 1l","p":1.89,"u":"1,89 €/L","img":"https://fd9-photos.leclercdrive.fr/image.ashx?id=2352243&use=l&cat=p&typeid=i","cat":316067},{"id":134758,"n":"Compote Allégée en sucres Eco+ Coupelle pomme banane - 4x100g","p":0.58,"u":"1,45 €/KG","img":"https://fd9-photos.leclercdrive.fr/image.ashx?id=2953191&use=l&cat=p&typeid=i","cat":284508},{"id":134786,"n":"Potage poule aux vermicelles Eco+ - 56g","p":0.33,"u":"5,89 €/KG","img":"https://fd9-photos.leclercdrive.fr/image.ashx?id=2663260&use=l&cat=p&typeid=i","cat":284463},{"id":134787,"n":"Ravioli bœuf Bio village Bio 700g","p":3.68,"u":"5,26 €/KG","img":"https://fd9-photos.leclercdrive.fr/image.ashx?id=2717255&use=l&cat=p&typeid=i","cat":284442},{"id":134791,"n":"Thon à la catalane Eco + 135g","p":0.82,"u":"6,07 €/KG","img":"https://fd9-photos.leclercdrive.fr/image.ashx?id=2756834&use=l&cat=p&typeid=i","cat":303867},{"id":134796,"n":"Tomates entières pelées Eco+ 240g","p":0.55,"u":"2,29 €/KG","img":"https://fd9-photos.leclercdrive.fr/image.ashx?id=2762501&use=l&cat=p&typeid=i","cat":312608},{"id":134797,"n":"Tuiles goût barbecue Tokapi 170g","p":1.39,"u":"8,18 €/KG","img":"https://fd9-photos.leclercdrive.fr/image.ashx?id=2632891&use=l&cat=p&typeid=i","cat":287899},{"id":134798,"n":"Velouté de légumes Eco + 1L","p":0.89,"u":"0,89 €/L","img":"https://fd9-photos.leclercdrive.fr/image.ashx?id=2768448&use=l&cat=p&typeid=i","cat":284462},{"id":134799,"n":"Vinaigre de vin 6° Eco +  1L","p":0.55,"u":"0,55 €/L","img":"https://fd9-photos.leclercdrive.fr/image.ashx?id=2669654&use=l&cat=p&typeid=i","cat":298543},{"id":134815,"n":"Pur jus 4 agrumes Eco +  1L","p":1.43,"u":"1,43 €/L","img":"https://fd9-photos.leclercdrive.fr/image.ashx?id=2762943&use=l&cat=p&typeid=i","cat":284917},{"id":134829,"n":"Bière forte 7.9% Millbrau 50CL","p":0.85,"u":"1,70 €/L","img":"https://fd9-photos.leclercdrive.fr/image.ashx?id=2955581&use=l&cat=p&typeid=i","cat":334853},{"id":134841,"n":"IGP Pays d'Oc Merlot vin rosé Vieux Carion 12% vol - BIB 3L","p":7.99,"u":"2,66 €/L","img":"https://fd9-photos.leclercdrive.fr/image.ashx?id=2887410&use=l&cat=p&typeid=i","cat":289560},{"id":134856,"n":"Eau de javel Eco + 2L","p":0.63,"u":"0,32 €/L","img":"https://fd9-photos.leclercdrive.fr/image.ashx?id=2882298&use=l&cat=p&typeid=i","cat":284661},{"id":134860,"n":"Maxi carré bébé Mots d'Enfants Coton bio - x80","p":2.6,"u":"0,03 €/P","img":"https://fd9-photos.leclercdrive.fr/image.ashx?id=3014296&use=l&cat=p&typeid=i","cat":284739},{"id":134861,"n":"Maxi carré bébé Mots d'Enfants Coton bio écru - x40","p":1.37,"u":"0,03 €/P","img":"https://fd9-photos.leclercdrive.fr/image.ashx?id=1965833&use=l&cat=p&typeid=i","cat":284739},{"id":134900,"n":"Boule crème chocolat Jacquot Orange, framboise vanille - 1kg","p":8.32,"u":"8,32 €/KG","img":"https://fd9-photos.leclercdrive.fr/image.ashx?id=2665889&use=l&cat=p&typeid=i","cat":327595},{"id":134989,"n":"Amora Cornichons Extra-Fins Bocal Croq'Vert 370g","p":2.8,"u":"7,57 €/KG","img":"https://fd9-photos.leclercdrive.fr/image.ashx?id=2670911&use=l&cat=p&typeid=i","cat":284458},{"id":135081,"n":"Joker Pur Jus Engagé  Multifruits - 1,5L","p":3.45,"u":"2,30 €/L","img":"https://fd9-photos.leclercdrive.fr/image.ashx?id=3008137&use=l&cat=p&typeid=i","cat":284917},{"id":135104,"n":"Salade & Cie Sodebo Brooklyn Poulet Rôti Pâtes - 320g","p":4.54,"u":"14,19 €/KG","img":"https://fd9-photos.leclercdrive.fr/image.ashx?id=2795719&use=l&cat=p&typeid=i","cat":333657},{"id":135136,"n":"Coeur fondant chocolat Equador 2x90g","p":2.13,"u":"11,83 €/KG","img":"https://fd9-photos.leclercdrive.fr/image.ashx?id=1979707&use=l&cat=p&typeid=i","cat":284419},{"id":135137,"n":"Croustillant au chocolat noir Equador - 2x80g","p":2.75,"u":"17,19 €/KG","img":"https://fd9-photos.leclercdrive.fr/image.ashx?id=2557887&use=l&cat=p&typeid=i","cat":284419},{"id":135139,"n":"Mousse au caramel Beurre salé Equador - 2x90g","p":2.79,"u":"15,50 €/KG","img":"https://fd9-photos.leclercdrive.fr/image.ashx?id=1979701&use=l&cat=p&typeid=i","cat":284417},{"id":135140,"n":"Mousse au chocolat croustillant Equador - 2x90g","p":2.79,"u":"15,50 €/KG","img":"https://fd9-photos.leclercdrive.fr/image.ashx?id=1979704&use=l&cat=p&typeid=i","cat":284417},{"id":135179,"n":"Sauce béchamel Bridélice 50cl","p":2.65,"u":"5,30 €/L","img":"https://fd9-photos.leclercdrive.fr/image.ashx?id=2904718&use=l&cat=p&typeid=i","cat":284382},{"id":135180,"n":"Crème légère fluide Bridélice 12% - 2x25cl","p":2.71,"u":"5,42 €/L","img":"https://fd9-photos.leclercdrive.fr/image.ashx?id=2911291&use=l&cat=p&typeid=i","cat":284381},{"id":135191,"n":"Yaourt aromatisé sucré Eco+ Pack 12x125g","p":1.86,"u":"1,24 €/KG","img":"https://fd9-photos.leclercdrive.fr/image.ashx?id=2759774&use=l&cat=p&typeid=i","cat":286006},{"id":135196,"n":"Flan vanille Eco+ Nappé caramel - 12x100g","p":1.77,"u":"1,48 €/KG","img":"https://fd9-photos.leclercdrive.fr/image.ashx?id=2935211&use=l&cat=p&typeid=i","cat":284420},{"id":135201,"n":"Matière grasse bio St Hubert Doux 55%MG - 230g","p":2.08,"u":"9,04 €/KG","img":"https://fd9-photos.leclercdrive.fr/image.ashx?id=2886097&use=l&cat=p&typeid=i","cat":315229},{"id":135202,"n":"Flan vanille Eco+ Nappé caramel - 4x100g","p":0.6,"u":"1,50 €/KG","img":"https://fd9-photos.leclercdrive.fr/image.ashx?id=2935214&use=l&cat=p&typeid=i","cat":284420},{"id":135203,"n":"Yaourt nature Eco+ 4x125g","p":0.58,"u":"1,16 €/KG","img":"https://fd9-photos.leclercdrive.fr/image.ashx?id=2671789&use=l&cat=p&typeid=i","cat":284409},{"id":135204,"n":"Margarine allégée Eco+ Cuisson 60%vol - 500g","p":1.16,"u":"2,32 €/KG","img":"https://fd9-photos.leclercdrive.fr/image.ashx?id=2879928&use=l&cat=p&typeid=i","cat":315229},{"id":135229,"n":"Emmental rapé Eco+ 29%mg - 1kg","p":7.39,"u":"7,39 €/KG","img":"https://fd9-photos.leclercdrive.fr/image.ashx?id=2587097&use=l&cat=p&typeid=i","cat":314035},{"id":135245,"n":"Salade mélangée Eco+ 250g","p":0.75,"u":"3,00 €/KG","img":"https://fd9-photos.leclercdrive.fr/image.ashx?id=2688291&use=l&cat=p&typeid=i","cat":284353},{"id":135246,"n":"Crème fraiche Eco+ Légère - 15% MG - 50cl","p":1.35,"u":"2,70 €/L","img":"https://fd9-photos.leclercdrive.fr/image.ashx?id=2891869&use=l&cat=p&typeid=i","cat":284381},{"id":135247,"n":"Fromage fondu Eco+ 17%mg - x10 - 200g","p":1.08,"u":"5,40 €/KG","img":"https://fd9-photos.leclercdrive.fr/image.ashx?id=2652290&use=l&cat=p&typeid=i","cat":314028},{"id":135255,"n":"Crème fraiche épaisse Yoplait Légère 12%MG - 190g","p":0.71,"u":"3,74 €/KG","img":"https://fd9-photos.leclercdrive.fr/image.ashx?id=2811035&use=l&cat=p&typeid=i","cat":284381},{"id":135267,"n":"Matière grasse Eco+ Tartine - 55%mg - 500g","p":1.21,"u":"2,42 €/KG","img":"https://fd9-photos.leclercdrive.fr/image.ashx?id=2910580&use=l&cat=p&typeid=i","cat":315229},{"id":135270,"n":"Pomme de terre rouge Vapeur  Sautées Panier du Primeur - 2kg","p":2.29,"u":"1,15 €/KG","img":"https://fd9-photos.leclercdrive.fr/image.ashx?id=2959638&use=l&cat=p&typeid=i","cat":284352},{"id":135274,"n":"Pomme de terre pour frites Panier du Primeur - 2kg","p":2.29,"u":"1,15 €/KG","img":"https://fd9-photos.leclercdrive.fr/image.ashx?id=2959737&use=l&cat=p&typeid=i","cat":284352},{"id":135276,"n":"Pomme de terre Panier Primeur Micro-ondes - 750g","p":1.79,"u":"2,39 €/KG","img":"https://fd9-photos.leclercdrive.fr/image.ashx?id=2649903&use=l&cat=p&typeid=i","cat":284352},{"id":135278,"n":"Fromage blanc aromatisé Eco+ 2.8%MG - 12x60g","p":1.79,"u":"2,49 €/KG","img":"https://fd9-photos.leclercdrive.fr/image.ashx?id=2794817&use=l&cat=p&typeid=i","cat":284409},{"id":135279,"n":"Ail violet Panier du Primeur x3","p":2.99,"u":"1,00 €/P","img":"https://fd9-photos.leclercdrive.fr/image.ashx?id=2960520&use=l&cat=p&typeid=i","cat":284352},{"id":135292,"n":"Crème dessert Eco+ Panachées - 12x125g","p":2.43,"u":"1,62 €/KG","img":"https://fd9-photos.leclercdrive.fr/image.ashx?id=2804326&use=l&cat=p&typeid=i","cat":285041},{"id":135293,"n":"Crème dessert Eco+ Saveur vanille - 4x125g","p":0.77,"u":"1,54 €/KG","img":"https://fd9-photos.leclercdrive.fr/image.ashx?id=2765695&use=l&cat=p&typeid=i","cat":285041},{"id":135294,"n":"Crème dessert Eco+ Chocolat - 4x125g","p":0.74,"u":"1,48 €/KG","img":"https://fd9-photos.leclercdrive.fr/image.ashx?id=2777791&use=l&cat=p&typeid=i","cat":285041},{"id":135295,"n":"Tranchette de gouda Eco+ 28%mg - 300g","p":2.53,"u":"8,43 €/KG","img":"https://fd9-photos.leclercdrive.fr/image.ashx?id=1974470&use=l&cat=p&typeid=i","cat":314028},{"id":135296,"n":"Fromage mi-chèvre Eco+ 23%mg - 180g","p":1.65,"u":"9,17 €/KG","img":"https://fd9-photos.leclercdrive.fr/image.ashx?id=2978504&use=l&cat=p&typeid=i","cat":314031},{"id":135312,"n":"Wrap jambon brebis Côté Snack 190g","p":2.65,"u":"13,95 €/KG","img":"https://fd9-photos.leclercdrive.fr/image.ashx?id=2727404&use=l&cat=p&typeid=i","cat":333658},{"id":135359,"n":"Sandwich Maxi Côté Snack Jambon beurre - 190g","p":1.65,"u":"8,68 €/KG","img":"https://fd9-photos.leclercdrive.fr/image.ashx?id=2729293&use=l&cat=p&typeid=i","cat":333658},{"id":135360,"n":"Sandwich club maxi Côté Snack Jambon emmental crudité - 190g","p":1.51,"u":"7,95 €/KG","img":"https://fd9-photos.leclercdrive.fr/image.ashx?id=2604999&use=l&cat=p&typeid=i","cat":333658},{"id":135362,"n":"Sandwich club maxi Côté Snack Poulet Roti crudités - 190g","p":1.51,"u":"7,95 €/KG","img":"https://fd9-photos.leclercdrive.fr/image.ashx?id=2892067&use=l&cat=p&typeid=i","cat":333658},{"id":135426,"n":"Sauce Salsa Old El Paso à napper doux - 226g","p":2.46,"u":"10,88 €/KG","img":"https://fd9-photos.leclercdrive.fr/image.ashx?id=2738797&use=l&cat=p&typeid=i","cat":288993},{"id":135444,"n":"Croco Baby -30% de sucre Haribo Sachet bonbons - 165g","p":1.86,"u":"11,27 €/KG","img":"https://fd9-photos.leclercdrive.fr/image.ashx?id=2806111&use=l&cat=p&typeid=i","cat":304250},{"id":135454,"n":"Brioche tranchée Harrys Nature sans additif Maxi - 680g","p":3.29,"u":"4,84 €/KG","img":"https://fd9-photos.leclercdrive.fr/image.ashx?id=2503022&use=l&cat=p&typeid=i","cat":284478},{"id":135456,"n":"Brioche tranchée Harrys Nature / Sans additifs - 485 g","p":2.39,"u":"4,93 €/KG","img":"https://fd9-photos.leclercdrive.fr/image.ashx?id=2503019&use=l&cat=p&typeid=i","cat":284478},{"id":135457,"n":"Brioche tranchée Harrys Farine complète - 485g","p":3.39,"u":"6,99 €/KG","img":"https://fd9-photos.leclercdrive.fr/image.ashx?id=2503025&use=l&cat=p&typeid=i","cat":284478},{"id":135458,"n":"Brioche tranchée nature Harrys Allégée en sucre - 485g","p":3.03,"u":"6,25 €/KG","img":"https://fd9-photos.leclercdrive.fr/image.ashx?id=2503031&use=l&cat=p&typeid=i","cat":284478},{"id":135459,"n":"Brioche Tranchée Harrys Pépites de chocolat - 485g","p":2.97,"u":"6,12 €/KG","img":"https://fd9-photos.leclercdrive.fr/image.ashx?id=2503028&use=l&cat=p&typeid=i","cat":284478},{"id":135475,"n":"Fromage Persillée Saint Agur  250g","p":4.64,"u":"18,56 €/KG","img":"https://fd9-photos.leclercdrive.fr/image.ashx?id=2276759&use=l&cat=p&typeid=i","cat":314032},{"id":135476,"n":"Fromage à Tartiner Tartare  Ail et Fines Herbes - 150g","p":1.89,"u":"12,60 €/KG","img":"https://fd9-photos.leclercdrive.fr/image.ashx?id=2243365&use=l&cat=p&typeid=i","cat":314029},{"id":135481,"n":"Barres céréales Nesquik Chocolat - 12x25g","p":4.02,"u":"13,40 €/KG","img":"https://fd9-photos.leclercdrive.fr/image.ashx?id=2843225&use=l&cat=p&typeid=i","cat":285869},{"id":135554,"n":"Boules chocolat praliné Jacquot Lait, Amandes, noisettes - 1kg","p":12.35,"u":"12,35 €/KG","img":"https://fd9-photos.leclercdrive.fr/image.ashx?id=2303306&use=l&cat=p&typeid=i","cat":327595},{"id":135677,"n":"Mouchoirs Kleenex Allergy comfort - 2x56","p":4.25,"u":"0,04 €/P","img":"https://fd9-photos.leclercdrive.fr/image.ashx?id=2665481&use=l&cat=p&typeid=i","cat":284638},{"id":135682,"n":"Yaourt a la grecque Yaos Vanille - 4x125g + 2 offerts","p":2.06,"u":"2,75 €/KG","img":"https://fd9-photos.leclercdrive.fr/image.ashx?id=2580666&use=l&cat=p&typeid=i","cat":314999},{"id":135758,"n":"Jambon Supérieur VPF Tradilège A l'étouffée Découennéx10 -400g","p":5.09,"u":"12,73 €/KG","img":"https://fd9-photos.leclercdrive.fr/image.ashx?id=2970477&use=l&cat=p&typeid=i","cat":316009},{"id":135780,"n":"Petits pots bébé P'TITE RECETTE Cabillaud 8M+ - 2x200g","p":2.33,"u":"5,83 €/KG","img":"https://fd9-photos.leclercdrive.fr/image.ashx?id=2525717&use=l&cat=p&typeid=i","cat":312236},{"id":136366,"n":"Boulettes pois chiches Hari&Co Bio Patate douce curcuma -180g","p":4.22,"u":"23,44 €/KG","img":"https://fd9-photos.leclercdrive.fr/image.ashx?id=2903590&use=l&cat=p&typeid=i","cat":316036},{"id":136445,"n":"Gateau marbré Savane Chocolat - 310g","p":2.57,"u":"8,29 €/KG","img":"https://fd9-photos.leclercdrive.fr/image.ashx?id=2870719&use=l&cat=p&typeid=i","cat":294776},{"id":136456,"n":"Lait bébé Candia Baby 2ème âge - 6x1L","p":12.51,"u":"2,09 €/L","img":"https://fd9-photos.leclercdrive.fr/image.ashx?id=2773703&use=l&cat=p&typeid=i","cat":284727},{"id":136537,"n":"Velouté bio La Potagère Butternut Potimarron - 2x30cl","p":2.39,"u":"3,98 €/L","img":"https://fd9-photos.leclercdrive.fr/image.ashx?id=1984191&use=l&cat=p&typeid=i","cat":284462},{"id":136579,"n":"Soupe liquide brique Liebig  Velouté de 12 légumes - 1L","p":1.98,"u":"1,98 €/L","img":"https://fd9-photos.leclercdrive.fr/image.ashx?id=2172645&use=l&cat=p&typeid=i","cat":284462},{"id":136585,"n":"Plat bébé soir Blédiner 15 mois pâtes crème légumes - 2x200g","p":2.36,"u":"5,90 €/KG","img":"https://fd9-photos.leclercdrive.fr/image.ashx?id=2845859&use=l&cat=p&typeid=i","cat":312239},{"id":136598,"n":"Compote Bio Village Gourdes Pomme bio - 12x90g","p":5.25,"u":"4,86 €/KG","img":"https://fd9-photos.leclercdrive.fr/image.ashx?id=2330517&use=l&cat=p&typeid=i","cat":284508},{"id":136627,"n":"Pad Thai Céréal Bio  Bio repas express - 220g","p":2.52,"u":"11,45 €/KG","img":"https://fd9-photos.leclercdrive.fr/image.ashx?id=2574089&use=l&cat=p&typeid=i","cat":288992},{"id":136646,"n":"Bonbons Tic Tac 100 pastilles Festival de goûts - 49g","p":1.57,"u":"32,04 €/KG","img":"https://fd9-photos.leclercdrive.fr/image.ashx?id=2758607&use=l&cat=p&typeid=i","cat":304256},{"id":136668,"n":"Champignons de Paris bruns Panier du Primeur - 250g","p":1.79,"u":"7,16 €/KG","img":"https://fd9-photos.leclercdrive.fr/image.ashx?id=2600255&use=l&cat=p&typeid=i","cat":284352},{"id":136670,"n":"Oignons jaunes Eco+ 1.5 Kg","p":1.69,"u":"1,13 €/KG","img":"https://fd9-photos.leclercdrive.fr/image.ashx?id=2772572&use=l&cat=p&typeid=i","cat":284352},{"id":136761,"n":"Attache sapin Père Noël Rohan Aluminium - 200g","p":4.69,"u":"23,45 €/KG","img":"https://fd9-photos.leclercdrive.fr/image.ashx?id=2863461&use=l&cat=p&typeid=i","cat":327592},{"id":136814,"n":"Barre céréales Chocapic  Chocolat - 12x25g","p":3.99,"u":"13,30 €/KG","img":"https://fd9-photos.leclercdrive.fr/image.ashx?id=2846784&use=l&cat=p&typeid=i","cat":285869},{"id":137027,"n":"fromage blanc sous mousse gervita coco - 4x100g","p":2.24,"u":"5,60 €/KG","img":"https://fd9-photos.leclercdrive.fr/image.ashx?id=2103523&use=l&cat=p&typeid=i","cat":284409},{"id":137070,"n":"Petits pois Bio Village Bio - 420g","p":2.35,"u":"5,60 €/KG","img":"https://fd9-photos.leclercdrive.fr/image.ashx?id=3002707&use=l&cat=p&typeid=i","cat":312607},{"id":137160,"n":"IGP Clémentines fines de Corse Nos régions ont du Talent - 1kg","p":4.99,"u":"4,99 €/KG","img":"https://fd9-photos.leclercdrive.fr/image.ashx?id=2934847&use=l&cat=p&typeid=i","cat":284356},{"id":137283,"n":"Yaourt à boire Ptit Yop Aromatisé Fraise - 6x180g","p":2.72,"u":"2,52 €/KG","img":"https://fd9-photos.leclercdrive.fr/image.ashx?id=2902735&use=l&cat=p&typeid=i","cat":284415},{"id":137287,"n":"Yaourt à boire Ptit Yop Aromatisé Vanille - 6x180g","p":2.78,"u":"2,57 €/KG","img":"https://fd9-photos.leclercdrive.fr/image.ashx?id=2951800&use=l&cat=p&typeid=i","cat":284415},{"id":137289,"n":"Yaourt à boire Ptit Yop Aromatisé Framboise - 6x180g","p":2.78,"u":"2,57 €/KG","img":"https://fd9-photos.leclercdrive.fr/image.ashx?id=2951797&use=l&cat=p&typeid=i","cat":284415},{"id":137298,"n":"Yaourt à boire Ptit Yop Aromatisé Panaché - 6x180g","p":2.79,"u":"2,58 €/KG","img":"https://fd9-photos.leclercdrive.fr/image.ashx?id=2985168&use=l&cat=p&typeid=i","cat":284415},{"id":137433,"n":"Shampooing Fructis Hairfood Macadamia - 350ml","p":6.8,"u":"19,43 €/L","img":"https://fd9-photos.leclercdrive.fr/image.ashx?id=2317251&use=l&cat=p&typeid=i","cat":284606},{"id":137437,"n":"gateau Savane Brossard Chocolat - 310g","p":2.62,"u":"8,45 €/KG","img":"https://fd9-photos.leclercdrive.fr/image.ashx?id=2976836&use=l&cat=p&typeid=i","cat":294776},{"id":137438,"n":"Aliment pondeuses 5kg","p":3.9,"u":"0,78 €/KG","img":"https://fd9-photos.leclercdrive.fr/image.ashx?id=2162633&use=l&cat=p&typeid=i","cat":284678},{"id":137538,"n":"Boîte chocolats liqueur Abtey Royal des lys  x20 - 250g","p":8.34,"u":"33,36 €/KG","img":"https://fd9-photos.leclercdrive.fr/image.ashx?id=2662721&use=l&cat=p&typeid=i","cat":327601},{"id":137663,"n":"Fromage à tartiner Kiri crème x24 - 432g","p":5.06,"u":"11,71 €/KG","img":"https://fd9-photos.leclercdrive.fr/image.ashx?id=2973559&use=l&cat=p&typeid=i","cat":314030},{"id":137669,"n":"Croquette chiens Mix  Fido Volaille/légumes - 2.5kg","p":5.89,"u":"2,36 €/KG","img":"https://fd9-photos.leclercdrive.fr/image.ashx?id=2973309&use=l&cat=p&typeid=i","cat":284672},{"id":137680,"n":"Croquette pour chien  Fido Croq' Mix boeuf et légumes 3kg","p":6.28,"u":"2,09 €/KG","img":"https://fd9-photos.leclercdrive.fr/image.ashx?id=2973306&use=l&cat=p&typeid=i","cat":284672},{"id":137682,"n":"Croquette pour chiens Fido Mix Poulet Légumes - 12 kg","p":22.12,"u":"1,84 €/KG","img":"https://fd9-photos.leclercdrive.fr/image.ashx?id=2973300&use=l&cat=p&typeid=i","cat":284672},{"id":137686,"n":"Croquette pour chiens Fido Boeuf & légumes - 7kg","p":14.38,"u":"2,05 €/KG","img":"https://fd9-photos.leclercdrive.fr/image.ashx?id=2973297&use=l&cat=p&typeid=i","cat":284672},{"id":137700,"n":"Compote Douceur du Verger Coupelle fruits rouges -16x100g","p":4.21,"u":"2,63 €/KG","img":"https://fd9-photos.leclercdrive.fr/image.ashx?id=2663560&use=l&cat=p&typeid=i","cat":284508},{"id":137702,"n":"Compote Douceur du Verger Coupelle fruits jaunes -16x100g","p":3.97,"u":"2,48 €/KG","img":"https://fd9-photos.leclercdrive.fr/image.ashx?id=2834890&use=l&cat=p&typeid=i","cat":284508},{"id":137703,"n":"Compote Douceur du Verger Coupelle pomme - 16x100g","p":3.55,"u":"2,22 €/KG","img":"https://fd9-photos.leclercdrive.fr/image.ashx?id=2663551&use=l&cat=p&typeid=i","cat":284508},{"id":137759,"n":"Tarte au Chèvre Marie Tomates cerises - 400g","p":3.36,"u":"8,40 €/KG","img":"https://fd9-photos.leclercdrive.fr/image.ashx?id=2996677&use=l&cat=p&typeid=i","cat":284257},{"id":137769,"n":"Soupe liquide brique Liebig  Poireaux Pomme de Terre 2x30cl","p":1.97,"u":"3,28 €/L","img":"https://fd9-photos.leclercdrive.fr/image.ashx?id=2864327&use=l&cat=p&typeid=i","cat":284462},{"id":137777,"n":"Haricots verts Bonduelle Extra Fins 440g","p":1.91,"u":"4,34 €/KG","img":"https://fd9-photos.leclercdrive.fr/image.ashx?id=2943927&use=l&cat=p&typeid=i","cat":312606},{"id":137860,"n":"Riz long blanchi Eco+ 1kg","p":1.22,"u":"1,22 €/KG","img":"https://fd9-photos.leclercdrive.fr/image.ashx?id=2076622&use=l&cat=p&typeid=i","cat":284428},{"id":137862,"n":"Riz long étuvé Eco+ 1kg","p":1.35,"u":"1,35 €/KG","img":"https://fd9-photos.leclercdrive.fr/image.ashx?id=2076625&use=l&cat=p&typeid=i","cat":284428},{"id":137864,"n":"Riz long étuvé Eco+ 4x125g","p":0.87,"u":"1,74 €/KG","img":"https://fd9-photos.leclercdrive.fr/image.ashx?id=1991126&use=l&cat=p&typeid=i","cat":284428},{"id":137866,"n":"Compotes Douceur du Verger Pomme Banane - 4x90g","p":1.39,"u":"3,86 €/KG","img":"https://fd9-photos.leclercdrive.fr/image.ashx?id=2837066&use=l&cat=p&typeid=i","cat":284508},{"id":137900,"n":"Barres de céréales Grainéa Chocolat noir x6 - 126g","p":1.39,"u":"11,03 €/KG","img":"https://fd9-photos.leclercdrive.fr/image.ashx?id=2721370&use=l&cat=p&typeid=i","cat":285869},{"id":137904,"n":"Barre de céréales Grainea 126g","p":1.39,"u":"11,03 €/KG","img":"https://fd9-photos.leclercdrive.fr/image.ashx?id=2724598&use=l&cat=p&typeid=i","cat":285869},{"id":137910,"n":"Compote Douceur du Verger Gourdes multivariétés - 20x90g","p":6.09,"u":"3,38 €/KG","img":"https://fd9-photos.leclercdrive.fr/image.ashx?id=2805045&use=l&cat=p&typeid=i","cat":284508},{"id":137969,"n":"Pavé fondant emmental Président 2 pièces - 200g","p":3.5,"u":"17,50 €/KG","img":"https://fd9-photos.leclercdrive.fr/image.ashx?id=2856088&use=l&cat=p&typeid=i","cat":314027},{"id":137970,"n":"Carottes râpées à la ciboulette Pierre Martinet - 300g","p":1.53,"u":"5,10 €/KG","img":"https://fd9-photos.leclercdrive.fr/image.ashx?id=2990535&use=l&cat=p&typeid=i","cat":333657},{"id":137972,"n":"Camembert Président L'Extra Fondant - 250g","p":2.57,"u":"10,28 €/KG","img":"https://fd9-photos.leclercdrive.fr/image.ashx?id=2878879&use=l&cat=p&typeid=i","cat":314033},{"id":138199,"n":"Repas bébé Blédichef 15 mois  Colombo de riz poisson - 250g","p":1.88,"u":"7,52 €/KG","img":"https://fd9-photos.leclercdrive.fr/image.ashx?id=2951599&use=l&cat=p&typeid=i","cat":312238},{"id":138200,"n":"Repas bébé Blédichef 15 mois  Tajine légumes poulet - 250g","p":1.88,"u":"7,52 €/KG","img":"https://fd9-photos.leclercdrive.fr/image.ashx?id=2951602&use=l&cat=p&typeid=i","cat":312238},{"id":138297,"n":"Shampooing Timotei Thé vert Bio - 2x300ml","p":3.79,"u":"6,32 €/L","img":"https://fd9-photos.leclercdrive.fr/image.ashx?id=1992225&use=l&cat=p&typeid=i","cat":284606},{"id":138304,"n":"Fromage apéritif Apéricube Incontournables apéro 48 cubes","p":4.47,"u":"17,88 €/KG","img":"https://fd9-photos.leclercdrive.fr/image.ashx?id=2882671&use=l&cat=p&typeid=i","cat":314027},{"id":138306,"n":"Gratin de choux fleurs jambon Fleury Michon - Lot 2+1 - 840g","p":4.97,"u":"5,92 €/KG","img":"https://fd9-photos.leclercdrive.fr/image.ashx?id=2047445&use=l&cat=p&typeid=i","cat":333665},{"id":138669,"n":"Masque reconstructeur Elsève Dream Long Cheveu Abîmé - 310ml","p":5.22,"u":"16,84 €/L","img":"https://fd9-photos.leclercdrive.fr/image.ashx?id=2278139&use=l&cat=p&typeid=i","cat":284608},{"id":139395,"n":"Kinder chocolat mini mug  102g","p":8.59,"u":"84,22 €/KG","img":"https://fd9-photos.leclercdrive.fr/image.ashx?id=2940519&use=l&cat=p&typeid=i","cat":327592},{"id":139812,"n":"Margarine bio St Hubert Doux 56%MG - 230g","p":3.08,"u":"13,39 €/KG","img":"https://fd9-photos.leclercdrive.fr/image.ashx?id=2734132&use=l&cat=p&typeid=i","cat":315229},{"id":139905,"n":"Oeufs au sol Eco+ x10","p":1.78,"u":"0,18 €/P","img":"https://fd9-photos.leclercdrive.fr/image.ashx?id=2724547&use=l&cat=p&typeid=i","cat":284378},{"id":141162,"n":"Fond de veau Maggi 110g","p":2.54,"u":"23,09 €/KG","img":"https://fd9-photos.leclercdrive.fr/image.ashx?id=2917546&use=l&cat=p&typeid=i","cat":288379},{"id":142084,"n":"Pommes de terre Grenailles  Panier du Primeur - 1kg","p":1.99,"u":"1,99 €/KG","img":"https://fd9-photos.leclercdrive.fr/image.ashx?id=2233214&use=l&cat=p&typeid=i","cat":284352},{"id":142764,"n":"Saindoux pur porc extra Lardina Plaquette de 250g","p":2.2,"u":"8,80 €/KG","img":"https://fd9-photos.leclercdrive.fr/image.ashx?id=2677450&use=l&cat=p&typeid=i","cat":316008},{"id":142974,"n":"Filet de maquereaux Pêche Océan Fumé poivre - 150g","p":2.52,"u":"16,80 €/KG","img":"https://fd9-photos.leclercdrive.fr/image.ashx?id=2863051&use=l&cat=p&typeid=i","cat":284342},{"id":142975,"n":"Yaourts panachés Délisse Fraise framboise - 4x125g","p":1.66,"u":"3,32 €/KG","img":"https://fd9-photos.leclercdrive.fr/image.ashx?id=2595543&use=l&cat=p&typeid=i","cat":284410},{"id":143001,"n":"Dosettes café Plantation CLassique - x60 - 416g","p":6.09,"u":"14,64 €/KG","img":"https://fd9-photos.leclercdrive.fr/image.ashx?id=2824289&use=l&cat=p&typeid=i","cat":293238},{"id":143037,"n":"Toast apéro Pasquier Campagne - 100g","p":1.76,"u":"17,60 €/KG","img":"https://fd9-photos.leclercdrive.fr/image.ashx?id=2600674&use=l&cat=p&typeid=i","cat":285454},{"id":143344,"n":"Biscottes Eco+ 90 tranches - 750g","p":2.08,"u":"2,77 €/KG","img":"https://fd9-photos.leclercdrive.fr/image.ashx?id=2662580&use=l&cat=p&typeid=i","cat":284479},{"id":143345,"n":"Biscottes Epi d'Or x108 - 900g","p":2.52,"u":"2,80 €/KG","img":"https://fd9-photos.leclercdrive.fr/image.ashx?id=2532847&use=l&cat=p&typeid=i","cat":284479},{"id":143477,"n":"Dessert liégeois Viennois  Café - 4x100g","p":1.58,"u":"3,95 €/KG","img":"https://fd9-photos.leclercdrive.fr/image.ashx?id=2692110&use=l&cat=p&typeid=i","cat":285042},{"id":143478,"n":"Dessert liégeois Viennois  Chocolat - 4x100g","p":1.58,"u":"3,95 €/KG","img":"https://fd9-photos.leclercdrive.fr/image.ashx?id=2849689&use=l&cat=p&typeid=i","cat":285042},{"id":143500,"n":"Oignon doux des Cévennes AOP Nos régions ont du Talent - x3","p":2.99,"u":"1,00 €/P","img":"https://fd9-photos.leclercdrive.fr/image.ashx?id=2058274&use=l&cat=p&typeid=i","cat":284352},{"id":143528,"n":"Dessert liégeois Viennois  Panaché Chocolat Café - 8x100g","p":2.88,"u":"3,60 €/KG","img":"https://fd9-photos.leclercdrive.fr/image.ashx?id=2675298&use=l&cat=p&typeid=i","cat":285042},{"id":143602,"n":"Barres de céréales Grainéa Chocolat lait, noisette x6-126g","p":1.63,"u":"12,94 €/KG","img":"https://fd9-photos.leclercdrive.fr/image.ashx?id=2912875&use=l&cat=p&typeid=i","cat":285869},{"id":143603,"n":"Barre de céréales Grainéa Fruits rouges x6 - 126g","p":1.4,"u":"11,11 €/KG","img":"https://fd9-photos.leclercdrive.fr/image.ashx?id=2912869&use=l&cat=p&typeid=i","cat":285869},{"id":143605,"n":"Barre de céréales Chocolat au lait & coco - 126g","p":1.7,"u":"13,49 €/KG","img":"https://fd9-photos.leclercdrive.fr/image.ashx?id=2912872&use=l&cat=p&typeid=i","cat":285869},{"id":143757,"n":"Foie gras de canard Sélection  Maison Montfort - 320g","p":27.95,"u":"87,34 €/KG","img":"https://fd9-photos.leclercdrive.fr/image.ashx?id=2730976&use=l&cat=p&typeid=i","cat":316008},{"id":144144,"n":"Foie gras de canard Delpeyrat Sud-Ouest Terroir - Bocal 180g","p":24.98,"u":"138,78 €/KG","img":"https://fd9-photos.leclercdrive.fr/image.ashx?id=2905282&use=l&cat=p&typeid=i","cat":316008},{"id":144226,"n":"Saucisses au vin de Savoie Socopa - 4x80g","p":3.84,"u":"12,00 €/KG","img":"https://fd9-photos.leclercdrive.fr/image.ashx?id=2263676&use=l&cat=p&typeid=i","cat":284334},{"id":144237,"n":"Petits pains figues Labeyrie x25 - 100g","p":3.53,"u":"35,30 €/KG","img":"https://fd9-photos.leclercdrive.fr/image.ashx?id=2923504&use=l&cat=p&typeid=i","cat":316008},{"id":144422,"n":"Lot toast ronds Jacquet Nature - 2x250g","p":2.49,"u":"4,98 €/KG","img":"https://fd9-photos.leclercdrive.fr/image.ashx?id=2741343&use=l&cat=p&typeid=i","cat":285454},{"id":144423,"n":"Lot toast ronds Jacquet Foie gras - 500g","p":2.53,"u":"5,06 €/KG","img":"https://fd9-photos.leclercdrive.fr/image.ashx?id=2741346&use=l&cat=p&typeid=i","cat":285454},{"id":144636,"n":"Boisson énergisante Monster Energy Pacific Punch - 50CL","p":1.69,"u":"3,38 €/L","img":"https://fd9-photos.leclercdrive.fr/image.ashx?id=2148407&use=l&cat=p&typeid=i","cat":284533},{"id":144642,"n":"Emiettes thon Gastromer Olives noires - 150g","p":2.1,"u":"14,00 €/KG","img":"https://fd9-photos.leclercdrive.fr/image.ashx?id=2039437&use=l&cat=p&typeid=i","cat":285191},{"id":144715,"n":"Mini-beurre Paysan Breton Doux x20 - 82%MG - 200g","p":3.04,"u":"15,20 €/KG","img":"https://fd9-photos.leclercdrive.fr/image.ashx?id=2774568&use=l&cat=p&typeid=i","cat":284379},{"id":144757,"n":"Crème épaisse Bridélice 15%mg - 10cl","p":0.64,"u":"6,40 €/L","img":"https://fd9-photos.leclercdrive.fr/image.ashx?id=2989132&use=l&cat=p&typeid=i","cat":284381},{"id":144773,"n":"Yaourt ferments lactiques Alsa 4 sachets - 8g","p":2.76,"u":"345,00 €/KG","img":"https://fd9-photos.leclercdrive.fr/image.ashx?id=2813875&use=l&cat=p&typeid=i","cat":284505},{"id":144834,"n":"Dosettes café Plantation  Corsé - x60 - 417g","p":5.79,"u":"13,88 €/KG","img":"https://fd9-photos.leclercdrive.fr/image.ashx?id=2824292&use=l&cat=p&typeid=i","cat":293238},{"id":144846,"n":"Dessert gourmand Mamie Nova Tiramisu cappuccino - 2x85g","p":2.23,"u":"13,12 €/KG","img":"https://fd9-photos.leclercdrive.fr/image.ashx?id=2921316&use=l&cat=p&typeid=i","cat":284419},{"id":144953,"n":"Gateau au fromage blanc Nature - Saint Amour - 350g","p":3.93,"u":"11,23 €/KG","img":"https://fd9-photos.leclercdrive.fr/image.ashx?id=2711271&use=l&cat=p&typeid=i","cat":284419},{"id":144960,"n":"Fromage blanc vanille Saint-amour - 300g","p":3.43,"u":"11,43 €/KG","img":"https://fd9-photos.leclercdrive.fr/image.ashx?id=2432478&use=l&cat=p&typeid=i","cat":284419},{"id":145065,"n":"Dés fromage Origan Basilic Les Croisés - 300g","p":2.83,"u":"9,43 €/KG","img":"https://fd9-photos.leclercdrive.fr/image.ashx?id=2744243&use=l&cat=p&typeid=i","cat":314027},{"id":145070,"n":"PIzza l'ovale Sodebo Chorizo poivrons - 200g","p":1.41,"u":"7,05 €/KG","img":"https://fd9-photos.leclercdrive.fr/image.ashx?id=2438567&use=l&cat=p&typeid=i","cat":333679},{"id":145087,"n":"Lingettes nettoyant optique Opticlair - x20","p":1.86,"img":"https://fd9-photos.leclercdrive.fr/image.ashx?id=2784722&use=l&cat=p&typeid=i","cat":288862},{"id":145091,"n":"Spray nettoyant optique Opticlair - 120ml","p":4.44,"u":"37,00 €/L","img":"https://fd9-photos.leclercdrive.fr/image.ashx?id=2784719&use=l&cat=p&typeid=i","cat":288862},{"id":145349,"n":"Purée Douceur du Verger Pomme banane - x4 - 400g","p":1.41,"u":"3,53 €/KG","img":"https://fd9-photos.leclercdrive.fr/image.ashx?id=2036728&use=l&cat=p&typeid=i","cat":284416},{"id":145500,"n":"Chips extra croquante Vico 150g","p":1.1,"u":"7,33 €/KG","img":"https://fd9-photos.leclercdrive.fr/image.ashx?id=2917822&use=l&cat=p&typeid=i","cat":284447},{"id":145513,"n":"Fond de veau Kubor Maggi Dégraissé - 100g","p":2.65,"u":"26,50 €/KG","img":"https://fd9-photos.leclercdrive.fr/image.ashx?id=2917540&use=l&cat=p&typeid=i","cat":288379},{"id":146412,"n":"Infusion bio Jardin Bio Digestion légère x20 - 30g","p":2.61,"u":"87,00 €/KG","img":"https://fd9-photos.leclercdrive.fr/image.ashx?id=2792603&use=l&cat=p&typeid=i","cat":293234},{"id":146413,"n":"Infusion bio Jardin Bio Détente sommeil x20 - 30g","p":2.61,"u":"87,00 €/KG","img":"https://fd9-photos.leclercdrive.fr/image.ashx?id=3011449&use=l&cat=p&typeid=i","cat":293234},{"id":146422,"n":"Thé vert Jardin Bio Bio minceur - x20 - 30g","p":2.41,"u":"80,33 €/KG","img":"https://fd9-photos.leclercdrive.fr/image.ashx?id=2948066&use=l&cat=p&typeid=i","cat":293233},{"id":146425,"n":"Thé Jardin Bio Bio détox - x20 - 30g","p":2.62,"u":"87,33 €/KG","img":"https://fd9-photos.leclercdrive.fr/image.ashx?id=2578205&use=l&cat=p&typeid=i","cat":293233},{"id":146426,"n":"Thé vert bio Jardin Bio Gingembre citron vert x20 - 30g","p":2.63,"u":"87,67 €/KG","img":"https://fd9-photos.leclercdrive.fr/image.ashx?id=3011452&use=l&cat=p&typeid=i","cat":293233},{"id":146916,"n":"Préparation alsa Crème Pâtissière - 390g","p":2.76,"u":"7,08 €/KG","img":"https://fd9-photos.leclercdrive.fr/image.ashx?id=3007990&use=l&cat=p&typeid=i","cat":284505},{"id":147002,"n":"Feuilleté de Mousse La Laitière Chocolat - 4x57g","p":1.69,"u":"7,41 €/KG","img":"https://fd9-photos.leclercdrive.fr/image.ashx?id=2858594&use=l&cat=p&typeid=i","cat":284417},{"id":147003,"n":"Feuilleté de Mousse La Laitière Vanille - 4x57g","p":1.72,"u":"7,54 €/KG","img":"https://fd9-photos.leclercdrive.fr/image.ashx?id=2764511&use=l&cat=p&typeid=i","cat":284417},{"id":147009,"n":"Chewing-gum Mentos Pure Fresh  Fraise sans sucres - 100g","p":4.51,"u":"45,10 €/KG","img":"https://fd9-photos.leclercdrive.fr/image.ashx?id=2659804&use=l&cat=p&typeid=i","cat":304251},{"id":147026,"n":"Raviolis farcis Ajinomoto Gyoza crevettes - 400g","p":5.83,"u":"14,58 €/KG","img":"https://fd9-photos.leclercdrive.fr/image.ashx?id=2590297&use=l&cat=p&typeid=i","cat":284254},{"id":147043,"n":"Cocktail fruits de mer Escal Durable ASC/MSC 300g","p":5.1,"u":"17,00 €/KG","img":"https://fd9-photos.leclercdrive.fr/image.ashx?id=2407226&use=l&cat=p&typeid=i","cat":319787},{"id":147119,"n":"Lave glace Tech 9 -20°C - 5L","p":5.99,"u":"1,20 €/L","img":"https://fd9-photos.leclercdrive.fr/image.ashx?id=2054896&use=l&cat=p&typeid=i","cat":298252},{"id":147127,"n":"Spray dégraissant Clair Savon noir - 750ml","p":2.05,"u":"2,73 €/L","img":"https://fd9-photos.leclercdrive.fr/image.ashx?id=2840389&use=l&cat=p&typeid=i","cat":325357},{"id":147128,"n":"Coton carré Bio Bionaïa x80","p":2.99,"u":"0,04 €/P","img":"https://fd9-photos.leclercdrive.fr/image.ashx?id=2558832&use=l&cat=p&typeid=i","cat":285593},{"id":147141,"n":"Xtrem Box Sodebo Radiatori Lardons Raclette 400g","p":4.19,"u":"10,48 €/KG","img":"https://fd9-photos.leclercdrive.fr/image.ashx?id=2631594&use=l&cat=p&typeid=i","cat":334983},{"id":147186,"n":"Cuisse de poulet blanc Maître Coq - 1kg","p":5.85,"u":"5,85 €/KG","img":"https://fd9-photos.leclercdrive.fr/image.ashx?id=2855157&use=l&cat=p&typeid=i","cat":284336},{"id":147190,"n":"Filet de poulet Maitre Coq Blanc - 720g","p":9.59,"u":"13,32 €/KG","img":"https://fd9-photos.leclercdrive.fr/image.ashx?id=2855139&use=l&cat=p&typeid=i","cat":284336},{"id":147194,"n":"Haut de cuisse Maitre Coq Poulet blanc nourri au blé 750g","p":4.4,"u":"5,87 €/KG","img":"https://fd9-photos.leclercdrive.fr/image.ashx?id=2855882&use=l&cat=p&typeid=i","cat":284336},{"id":147196,"n":"Pilon de poulet Maitre Coq Blanc - Nourri au blé - 750g","p":4.68,"u":"6,24 €/KG","img":"https://fd9-photos.leclercdrive.fr/image.ashx?id=2855522&use=l&cat=p&typeid=i","cat":284336},{"id":147224,"n":"Capsules Nescafé Dolce Gusto  Espresso - x30","p":7.51,"u":"45,52 €/KG","img":"https://fd9-photos.leclercdrive.fr/image.ashx?id=2737105&use=l&cat=p&typeid=i","cat":293239},{"id":147248,"n":"Muesli  Grainea chocolat Noisette 350g","p":2.84,"u":"8,11 €/KG","img":"https://fd9-photos.leclercdrive.fr/image.ashx?id=2077358&use=l&cat=p&typeid=i","cat":309512},{"id":147250,"n":"Préparation Flan Entremets alsa Vanille - 192g","p":1.47,"u":"7,66 €/KG","img":"https://fd9-photos.leclercdrive.fr/image.ashx?id=2805117&use=l&cat=p&typeid=i","cat":284504},{"id":147254,"n":"Confiture Eco+ Fraise - 450g","p":1.14,"u":"2,53 €/KG","img":"https://fd9-photos.leclercdrive.fr/image.ashx?id=2953200&use=l&cat=p&typeid=i","cat":284480},{"id":147255,"n":"Confiture Eco+ Abricot - 450g","p":1.23,"u":"2,73 €/KG","img":"https://fd9-photos.leclercdrive.fr/image.ashx?id=2953203&use=l&cat=p&typeid=i","cat":284480},{"id":147266,"n":"Galettes lentilles corail Bio Hari&Co x2 - 170g","p":3.89,"u":"22,88 €/KG","img":"https://fd9-photos.leclercdrive.fr/image.ashx?id=2903599&use=l&cat=p&typeid=i","cat":316036},{"id":147359,"n":"Boisson tablette d'Or Instantanée cacao 800g","p":3.79,"u":"4,74 €/KG","img":"https://fd9-photos.leclercdrive.fr/image.ashx?id=2047904&use=l&cat=p&typeid=i","cat":293235},{"id":147420,"n":"Knacks d'Alsace  L'Atelier Charcuterie - 300g","p":3.8,"u":"12,67 €/KG","img":"https://fd9-photos.leclercdrive.fr/image.ashx?id=2989772&use=l&cat=p&typeid=i","cat":316012},{"id":147431,"n":"Yaourt à la grecque YAOS Nature lit de framboises 4x125g","p":2.58,"u":"5,16 €/KG","img":"https://fd9-photos.leclercdrive.fr/image.ashx?id=2654575&use=l&cat=p&typeid=i","cat":314999},{"id":147438,"n":"Tablette chocolat Milka Chocolat au lait - 5x100g","p":7.3,"u":"14,60 €/KG","img":"https://fd9-photos.leclercdrive.fr/image.ashx?id=2955203&use=l&cat=p&typeid=i","cat":284497},{"id":147442,"n":"Pochons Tous mes amis Sauce viande - 12x100g","p":3.59,"u":"2,99 €/KG","img":"https://fd9-photos.leclercdrive.fr/image.ashx?id=2054993&use=l&cat=p&typeid=i","cat":288578},{"id":147464,"n":"Infusion bien-être Jardin Bio Bio x20 - 28g","p":2.45,"u":"87,50 €/KG","img":"https://fd9-photos.leclercdrive.fr/image.ashx?id=2792606&use=l&cat=p&typeid=i","cat":293234},{"id":147519,"n":"Moulin poivre Ducros 35g","p":3.05,"u":"87,14 €/KG","img":"https://fd9-photos.leclercdrive.fr/image.ashx?id=2498678&use=l&cat=p&typeid=i","cat":284457},{"id":147532,"n":"Crème à récurer Eco + Parfum citron - 750ml","p":0.6,"u":"0,80 €/L","img":"https://fd9-photos.leclercdrive.fr/image.ashx?id=2840731&use=l&cat=p&typeid=i","cat":325357},{"id":147533,"n":"Dentifrice arôme menthe Eco + 125ml","p":0.73,"u":"5,84 €/L","img":"https://fd9-photos.leclercdrive.fr/image.ashx?id=2776277&use=l&cat=p&typeid=i","cat":284612},{"id":147536,"n":"Liquide vaisselle Eco + Concentré citron - 500ml","p":0.42,"u":"0,84 €/L","img":"https://fd9-photos.leclercdrive.fr/image.ashx?id=2861407&use=l&cat=p&typeid=i","cat":284655},{"id":147537,"n":"Nettoyant ménager Eco + Citron - 2L","p":1.11,"u":"0,56 €/L","img":"https://fd9-photos.leclercdrive.fr/image.ashx?id=2946148&use=l&cat=p&typeid=i","cat":284907},{"id":147539,"n":"Capsules café Plantation Café au lait - x16 - 152g","p":3.29,"u":"21,64 €/KG","img":"https://fd9-photos.leclercdrive.fr/image.ashx?id=2649750&use=l&cat=p&typeid=i","cat":293239},{"id":147543,"n":"Gel WC détartrant Eco + Citron - 750ml","p":0.58,"u":"0,77 €/L","img":"https://fd9-photos.leclercdrive.fr/image.ashx?id=2836304&use=l&cat=p&typeid=i","cat":284662},{"id":147544,"n":"Pastilles lave-vaisselle Eco + x50 - 750g","p":2.59,"u":"3,45 €/KG","img":"https://fd9-photos.leclercdrive.fr/image.ashx?id=2865032&use=l&cat=p&typeid=i","cat":284656},{"id":147545,"n":"Pastilles anti-calcaire Eco + x20","p":1.25,"u":"0,06 €/P","img":"https://fd9-photos.leclercdrive.fr/image.ashx?id=2603853&use=l&cat=p&typeid=i","cat":284653},{"id":147550,"n":"Nettoyant vitres Eco + 1L","p":0.76,"u":"0,76 €/L","img":"https://fd9-photos.leclercdrive.fr/image.ashx?id=2834993&use=l&cat=p&typeid=i","cat":325363},{"id":147625,"n":"Couches Lotus Baby  Douceur Naturelle T3 - x43","p":15.34,"u":"0,36 €/P","img":"https://fd9-photos.leclercdrive.fr/image.ashx?id=3011875&use=l&cat=p&typeid=i","cat":284737},{"id":147626,"n":"Couches Lotus Baby Douceur Naturelle Taille 4 - x37","p":14.95,"u":"0,40 €/P","img":"https://fd9-photos.leclercdrive.fr/image.ashx?id=2914768&use=l&cat=p&typeid=i","cat":284737},{"id":147678,"n":"Rillettes de saumon Ronde des Mers - 125g","p":1.58,"u":"12,64 €/KG","img":"https://fd9-photos.leclercdrive.fr/image.ashx?id=2436708&use=l&cat=p&typeid=i","cat":305147},{"id":147692,"n":"Fond pour rôtis Maggi 110g","p":2.62,"u":"23,82 €/KG","img":"https://fd9-photos.leclercdrive.fr/image.ashx?id=2917543&use=l&cat=p&typeid=i","cat":288379},{"id":148117,"n":"Rosette tranchée Label Rouge L'Atelier Charcuterie - 100g","p":1.76,"u":"17,60 €/KG","img":"https://fd9-photos.leclercdrive.fr/image.ashx?id=2077658&use=l&cat=p&typeid=i","cat":316007},{"id":148250,"n":"Ratatouille  Notre Jardin Provencale - 530g","p":2.76,"u":"5,21 €/KG","img":"https://fd9-photos.leclercdrive.fr/image.ashx?id=2526312&use=l&cat=p&typeid=i","cat":312612},{"id":148291,"n":"Bière Aromatisée Grimbergen Rouge 5,5° - 6x25cl","p":5.29,"u":"3,53 €/L","img":"https://fd9-photos.leclercdrive.fr/image.ashx?id=2873327&use=l&cat=p&typeid=i","cat":334878},{"id":148328,"n":"Bonbons eucalyptus Croibleu 250g","p":2.08,"u":"8,32 €/KG","img":"https://fd9-photos.leclercdrive.fr/image.ashx?id=2066584&use=l&cat=p&typeid=i","cat":304252},{"id":148339,"n":"Embouts jetables Prorhinel Souples - x10","p":5.86,"img":"https://fd9-photos.leclercdrive.fr/image.ashx?id=2148182&use=l&cat=p&typeid=i","cat":284630},{"id":148341,"n":"Spray hygiène du nez Prorhinel à l'aloe vera - enfant - 100ml","p":5.24,"u":"52,40 €/L","img":"https://fd9-photos.leclercdrive.fr/image.ashx?id=2917858&use=l&cat=p&typeid=i","cat":284630},{"id":148391,"n":"Moules de corde Bio  L'Atelier Poissonnerie - 1,4kg","p":6.99,"u":"4,99 €/KG","img":"https://fd9-photos.leclercdrive.fr/image.ashx?id=2340581&use=l&cat=p&typeid=i","cat":284343},{"id":148392,"n":"Filets de merlan L'Atelier Poissonnerie - 250g","p":4.97,"u":"19,88 €/KG","img":"https://fd9-photos.leclercdrive.fr/image.ashx?id=2868696&use=l&cat=p&typeid=i","cat":284342},{"id":148393,"n":"Dos de cabillaud MSC L'Atelier Poissonnerie - 300g","p":9.49,"u":"31,63 €/KG","img":"https://fd9-photos.leclercdrive.fr/image.ashx?id=2868699&use=l&cat=p&typeid=i","cat":284342},{"id":148471,"n":"Pizza Crust Sodebo Farmer  Poulet Sauce Barbecue - 600g","p":5.73,"u":"9,55 €/KG","img":"https://fd9-photos.leclercdrive.fr/image.ashx?id=2912101&use=l&cat=p&typeid=i","cat":333679},{"id":148743,"n":"Galette moelleuse Saint Michel Chocolat au lait - 180g","p":1.87,"u":"10,39 €/KG","img":"https://fd9-photos.leclercdrive.fr/image.ashx?id=2936248&use=l&cat=p&typeid=i","cat":284495},{"id":148886,"n":"Planche Apero  Maxi Chiffonnades 320g","p":11.46,"u":"35,81 €/KG","img":"https://fd9-photos.leclercdrive.fr/image.ashx?id=2990838&use=l&cat=p&typeid=i","cat":316007},{"id":148957,"n":"Pavé saumon Eco+ MSC - x2 - 250g","p":3.07,"u":"12,28 €/KG","img":"https://fd9-photos.leclercdrive.fr/image.ashx?id=2806847&use=l&cat=p&typeid=i","cat":319786},{"id":148960,"n":"Portion d'emmental Entremont Français Bio - 180g","p":2.72,"u":"15,11 €/KG","img":"https://fd9-photos.leclercdrive.fr/image.ashx?id=2676651&use=l&cat=p&typeid=i","cat":314034},{"id":148993,"n":"Panés de poulet Le Gaulois x4 - 400g","p":3.89,"u":"9,73 €/KG","img":"https://fd9-photos.leclercdrive.fr/image.ashx?id=2235425&use=l&cat=p&typeid=i","cat":333684},{"id":148998,"n":"Papier cuisson Elembal Feuilles - x30","p":0.99,"u":"0,03 €/P","img":"https://fd9-photos.leclercdrive.fr/image.ashx?id=2059971&use=l&cat=p&typeid=i","cat":334134},{"id":149068,"n":"Dessert végétal soja Alpro Nature sans sucres - 500g","p":1.81,"u":"3,62 €/KG","img":"https://fd9-photos.leclercdrive.fr/image.ashx?id=2976077&use=l&cat=p&typeid=i","cat":316071},{"id":149084,"n":"Purée au fromage Florette Emmental - 2x200g","p":2.99,"u":"7,48 €/KG","img":"https://fd9-photos.leclercdrive.fr/image.ashx?id=2767702&use=l&cat=p&typeid=i","cat":333665},{"id":149236,"n":"Brandade à la morue  Maison Briau Gratinée - 550g","p":5.99,"u":"10,89 €/KG","img":"https://fd9-photos.leclercdrive.fr/image.ashx?id=2850013&use=l&cat=p&typeid=i","cat":285340},{"id":149388,"n":"Shampooing sec Batiste Nude aérosol - 200ml","p":3.47,"u":"17,35 €/L","img":"https://fd9-photos.leclercdrive.fr/image.ashx?id=2558334&use=l&cat=p&typeid=i","cat":289143},{"id":149428,"n":"Boisson à base de vin rosé  Pamplemousse - 7.5% vol - 75cl","p":3.04,"u":"4,05 €/L","img":"https://fd9-photos.leclercdrive.fr/image.ashx?id=2958525&use=l&cat=p&typeid=i","cat":304569},{"id":149462,"n":"Lait Corps Le Petit Marseillais  Peau seche noix de coco-250ml","p":3.31,"u":"13,24 €/L","img":"https://fd9-photos.leclercdrive.fr/image.ashx?id=2739812&use=l&cat=p&typeid=i","cat":325349},{"id":149854,"n":"Dentifrice Elmex enfant 0-6ans Anti-caries - 75ml","p":3.41,"u":"45,47 €/L","img":"https://fd9-photos.leclercdrive.fr/image.ashx?id=2745289&use=l&cat=p&typeid=i","cat":288898},{"id":149920,"n":"Mini gougères Tipiak Coeur fondant - x10 - 110g","p":2.95,"u":"26,82 €/KG","img":"https://fd9-photos.leclercdrive.fr/image.ashx?id=2672185&use=l&cat=p&typeid=i","cat":319774},{"id":150065,"n":"Gel douche Corinne de Farme 2en1 Corps/Intime - 250ml","p":3.11,"u":"12,44 €/L","img":"https://fd9-photos.leclercdrive.fr/image.ashx?id=2296598&use=l&cat=p&typeid=i","cat":284627},{"id":150223,"n":"Acras de crevettes Maison Briau 200g","p":2.89,"u":"14,45 €/KG","img":"https://fd9-photos.leclercdrive.fr/image.ashx?id=2850010&use=l&cat=p&typeid=i","cat":285094},{"id":150229,"n":"Céleri Pierre Martinet rémoulade moutarde - 300g","p":1.79,"u":"5,97 €/KG","img":"https://fd9-photos.leclercdrive.fr/image.ashx?id=2733082&use=l&cat=p&typeid=i","cat":333657},{"id":150238,"n":"Escalope Cordon Bleu Père Dodu  Double Cheese x2 - 200g","p":2.48,"u":"12,40 €/KG","img":"https://fd9-photos.leclercdrive.fr/image.ashx?id=2957185&use=l&cat=p&typeid=i","cat":333683},{"id":150307,"n":"Liquide refroidissement TECH9 -25°C - 5L","p":9.99,"u":"2,00 €/L","img":"https://fd9-photos.leclercdrive.fr/image.ashx?id=2162711&use=l&cat=p&typeid=i","cat":298253},{"id":150441,"n":"Yaourt brassé chèvre Délisse Nature - 4x125g","p":2.44,"u":"4,88 €/KG","img":"https://fd9-photos.leclercdrive.fr/image.ashx?id=2237553&use=l&cat=p&typeid=i","cat":314998},{"id":150488,"n":"Tartine pain campagne Pasquier - 180g","p":2.02,"u":"11,22 €/KG","img":"https://fd9-photos.leclercdrive.fr/image.ashx?id=2967028&use=l&cat=p&typeid=i","cat":285543},{"id":150551,"n":"Crème fondante So Bio Nutri Coco bio  - 50ml","p":11.16,"u":"223,20 €/L","img":"https://fd9-photos.leclercdrive.fr/image.ashx?id=2290224&use=l&cat=p&typeid=i","cat":325345},{"id":150684,"n":"Chiffonnade speck Montorsi 85g","p":3.62,"u":"42,59 €/KG","img":"https://fd9-photos.leclercdrive.fr/image.ashx?id=2168663&use=l&cat=p&typeid=i","cat":316007},{"id":150788,"n":"HERTA Tendre Croc Jambon Fromage sans nitrite 200g x2","p":1.84,"u":"9,20 €/KG","img":"https://fd9-photos.leclercdrive.fr/image.ashx?id=2752885&use=l&cat=p&typeid=i","cat":333671},{"id":150798,"n":"HERTA Tendre Croc Comté Jambon sans nitrite 200g x2","p":2.14,"u":"10,70 €/KG","img":"https://fd9-photos.leclercdrive.fr/image.ashx?id=2070147&use=l&cat=p&typeid=i","cat":333671},{"id":150799,"n":"HERTA Tendre Croc Jambon Fromg ss croûte ss nitrite 200g","p":2.12,"u":"10,60 €/KG","img":"https://fd9-photos.leclercdrive.fr/image.ashx?id=2070153&use=l&cat=p&typeid=i","cat":333671},{"id":151120,"n":"Fromage blanc Délisse Chèvre nature - 4x100g","p":2.15,"u":"5,38 €/KG","img":"https://fd9-photos.leclercdrive.fr/image.ashx?id=2071152&use=l&cat=p&typeid=i","cat":314998},{"id":151129,"n":"Yaourt brassé chèvre Délisse Myrtille - 4x125g","p":2.29,"u":"4,58 €/KG","img":"https://fd9-photos.leclercdrive.fr/image.ashx?id=2809090&use=l&cat=p&typeid=i","cat":314998},{"id":151160,"n":"Crème gourmande Mamie Nova Chocolat banane - 2x150g","p":1.63,"u":"5,43 €/KG","img":"https://fd9-photos.leclercdrive.fr/image.ashx?id=2909041&use=l&cat=p&typeid=i","cat":285041},{"id":151164,"n":"Paris Brest Mamie Nova 2x90g","p":2.55,"u":"14,17 €/KG","img":"https://fd9-photos.leclercdrive.fr/image.ashx?id=2921789&use=l&cat=p&typeid=i","cat":284419},{"id":151165,"n":"Moka Bonne Maman 2x100g","p":2.08,"u":"10,40 €/KG","img":"https://fd9-photos.leclercdrive.fr/image.ashx?id=2911879&use=l&cat=p&typeid=i","cat":284419},{"id":151168,"n":"Mousse au chocolat Bonne Maman 4x50g","p":2.47,"u":"12,35 €/KG","img":"https://fd9-photos.leclercdrive.fr/image.ashx?id=2912323&use=l&cat=p&typeid=i","cat":284417},{"id":151464,"n":"Fromage blanc Calin Extra Nature - 8x100g","p":2.34,"u":"2,93 €/KG","img":"https://fd9-photos.leclercdrive.fr/image.ashx?id=2973736&use=l&cat=p&typeid=i","cat":284409},{"id":151472,"n":"Fromage blanc Calin Extra Nature - 850g","p":2.35,"u":"2,76 €/KG","img":"https://fd9-photos.leclercdrive.fr/image.ashx?id=2973739&use=l&cat=p&typeid=i","cat":284409},{"id":151474,"n":"Fromage blanc Calin 0% Extra Naure - 8x100g","p":2.47,"u":"3,09 €/KG","img":"https://fd9-photos.leclercdrive.fr/image.ashx?id=2973733&use=l&cat=p&typeid=i","cat":284409},{"id":151684,"n":"Terrine de campagne Madrange Dorée au Four - 180g","p":1.34,"u":"7,44 €/KG","img":"https://fd9-photos.leclercdrive.fr/image.ashx?id=2875357&use=l&cat=p&typeid=i","cat":316008},{"id":151758,"n":"Mousse de foie Madrange 180g","p":1.42,"u":"7,89 €/KG","img":"https://fd9-photos.leclercdrive.fr/image.ashx?id=3008212&use=l&cat=p&typeid=i","cat":316008},{"id":151996,"n":"Fromage enfant Kiri crème 24 portions à tartiner - 432g","p":4.87,"u":"0,20 €/P","img":"https://fd9-photos.leclercdrive.fr/image.ashx?id=2973568&use=l&cat=p&typeid=i","cat":314030},{"id":152030,"n":"Cirage liquide La Vachette Marron avec applicateur - 75ml","p":2.09,"u":"27,87 €/L","img":"https://fd9-photos.leclercdrive.fr/image.ashx?id=2075290&use=l&cat=p&typeid=i","cat":285201},{"id":152459,"n":"Eau minérale naturelle Volvic 6x1L","p":2.87,"u":"0,48 €/L","img":"https://fd9-photos.leclercdrive.fr/image.ashx?id=2906076&use=l&cat=p&typeid=i","cat":284535},{"id":152478,"n":"Steak haché Charolais Bigard Pur boeuf 5%MG - 250g","p":5.5,"u":"22,00 €/KG","img":"https://fd9-photos.leclercdrive.fr/image.ashx?id=2207253&use=l&cat=p&typeid=i","cat":284332},{"id":152576,"n":"Crêpes 1/2 lune Eco+ Jambon emmental - x20 - 1kg","p":2.31,"u":"2,31 €/KG","img":"https://fd9-photos.leclercdrive.fr/image.ashx?id=2698144&use=l&cat=p&typeid=i","cat":319776},{"id":152616,"n":"Pasta Box Sodebo Fusilli Saumon - 280g","p":3.45,"u":"11,50 €/KG","img":"https://fd9-photos.leclercdrive.fr/image.ashx?id=2985078&use=l&cat=p&typeid=i","cat":334983},{"id":152736,"n":"Camembert Le Rustique Extra coulant - 240g","p":3.5,"u":"14,58 €/KG","img":"https://fd9-photos.leclercdrive.fr/image.ashx?id=2797479&use=l&cat=p&typeid=i","cat":314033},{"id":152954,"n":"Canettes Coca-cola Boite - 18+2 offertes 20x33cl","p":12.12,"u":"1,84 €/L","img":"https://fd9-photos.leclercdrive.fr/image.ashx?id=3009002&use=l&cat=p&typeid=i","cat":284530},{"id":153015,"n":"Cassonade pure canne Daddy 750g","p":2.25,"u":"3,00 €/KG","img":"https://fd9-photos.leclercdrive.fr/image.ashx?id=2944702&use=l&cat=p&typeid=i","cat":284502},{"id":153059,"n":"Cônes glacés Trium Chocolat - x6 - 423g","p":2.13,"u":"5,04 €/KG","img":"https://fd9-photos.leclercdrive.fr/image.ashx?id=2931829&use=l&cat=p&typeid=i","cat":284264},{"id":153060,"n":"Cônes glacés Trium Vanille caramel - x6 - 432g","p":2.53,"u":"5,86 €/KG","img":"https://fd9-photos.leclercdrive.fr/image.ashx?id=2931835&use=l&cat=p&typeid=i","cat":284264},{"id":153066,"n":"Cônes glacés Trium A l'italienne fraise x4 - 286g","p":2.26,"u":"7,90 €/KG","img":"https://fd9-photos.leclercdrive.fr/image.ashx?id=2931802&use=l&cat=p&typeid=i","cat":284264},{"id":153070,"n":"Cônes glacés Trium Menthe chocolat x6 - 414g","p":2.19,"u":"5,29 €/KG","img":"https://fd9-photos.leclercdrive.fr/image.ashx?id=2931826&use=l&cat=p&typeid=i","cat":284264},{"id":153071,"n":"Cônes glacés Trium Crème brulée - x6 - 426g","p":2.51,"u":"5,89 €/KG","img":"https://fd9-photos.leclercdrive.fr/image.ashx?id=2931820&use=l&cat=p&typeid=i","cat":284264},{"id":153072,"n":"Cônes glacés Trium Café - x6 - 426g","p":2.19,"u":"5,14 €/KG","img":"https://fd9-photos.leclercdrive.fr/image.ashx?id=2931838&use=l&cat=p&typeid=i","cat":284264},{"id":153074,"n":"Cônes glacés Trium Citron framboise x6 - 456g","p":2.67,"u":"5,86 €/KG","img":"https://fd9-photos.leclercdrive.fr/image.ashx?id=2931811&use=l&cat=p&typeid=i","cat":284264},{"id":153075,"n":"Cônes glacés Trium Chocolat pistaches - x6 - 402g","p":1.99,"u":"4,95 €/KG","img":"https://fd9-photos.leclercdrive.fr/image.ashx?id=2909909&use=l&cat=p&typeid=i","cat":284264},{"id":153148,"n":"Jambon Supérieur Fleury Michon sans nitrite x6 - 210g","p":3.22,"u":"15,33 €/KG","img":"https://fd9-photos.leclercdrive.fr/image.ashx?id=2889478&use=l&cat=p&typeid=i","cat":316009},{"id":153151,"n":"Jambon Supérieur Fleury Michon sans nitrite x4 - 140g","p":2.17,"u":"15,50 €/KG","img":"https://fd9-photos.leclercdrive.fr/image.ashx?id=2889475&use=l&cat=p&typeid=i","cat":316009},{"id":153153,"n":"Jambon Supérieur Fleury Michon -25% sel sans nitrite- x2 - 70g","p":1.92,"u":"27,43 €/KG","img":"https://fd9-photos.leclercdrive.fr/image.ashx?id=2889484&use=l&cat=p&typeid=i","cat":316009},{"id":153154,"n":"Jambon Supérieur Fleury Michon -25% sel sans nitrite x6 - 210g","p":4.27,"u":"20,33 €/KG","img":"https://fd9-photos.leclercdrive.fr/image.ashx?id=2889487&use=l&cat=p&typeid=i","cat":316009},{"id":153155,"n":"Jambon Supérieur Fleury Michon -25% sel sans nitrite x4 - 140g","p":2.92,"u":"20,86 €/KG","img":"https://fd9-photos.leclercdrive.fr/image.ashx?id=2905399&use=l&cat=p&typeid=i","cat":316009},{"id":153159,"n":"Jambon Simplement Bon Fleury  Michon -25% de sel x4 - 140g","p":2.58,"u":"18,43 €/KG","img":"https://fd9-photos.leclercdrive.fr/image.ashx?id=2843385&use=l&cat=p&typeid=i","cat":316009},{"id":153164,"n":"Jambon  Simplement Bon Fleury  Michon x4 - 160g","p":2.17,"u":"13,56 €/KG","img":"https://fd9-photos.leclercdrive.fr/image.ashx?id=2843147&use=l&cat=p&typeid=i","cat":316009},{"id":153248,"n":"Rôti de porc Fleury Michon Extra tendre - x4 - 160g","p":2.98,"u":"18,63 €/KG","img":"https://fd9-photos.leclercdrive.fr/image.ashx?id=2314050&use=l&cat=p&typeid=i","cat":316009},{"id":153250,"n":"Rapé de jambon Fleury Michon fumé - 2x75g","p":2.04,"u":"13,60 €/KG","img":"https://fd9-photos.leclercdrive.fr/image.ashx?id=2662706&use=l&cat=p&typeid=i","cat":316011},{"id":153313,"n":"Gateau Savane Brossard Pocket chocolat - x7  210g","p":2.17,"u":"10,33 €/KG","img":"https://fd9-photos.leclercdrive.fr/image.ashx?id=2870722&use=l&cat=p&typeid=i","cat":284495},{"id":153328,"n":"Gâteaux fourrés Napolitain LU Chocolat - 180g","p":1.55,"u":"8,61 €/KG","img":"https://fd9-photos.leclercdrive.fr/image.ashx?id=3002225&use=l&cat=p&typeid=i","cat":284495},{"id":154629,"n":"Bière Blonde Leffe 6,6% - 20x25cl","p":15.19,"u":"3,04 €/L","img":"https://fd9-photos.leclercdrive.fr/image.ashx?id=2995427&use=l&cat=p&typeid=i","cat":334852},{"id":155123,"n":"Biscuits fourrés  BN Fraises - 285g","p":1.36,"u":"4,77 €/KG","img":"https://fd9-photos.leclercdrive.fr/image.ashx?id=2878804&use=l&cat=p&typeid=i","cat":284489},{"id":155134,"n":"Knacki original Herta x4 - 140g","p":1.37,"u":"9,79 €/KG","img":"https://fd9-photos.leclercdrive.fr/image.ashx?id=2289840&use=l&cat=p&typeid=i","cat":316012},{"id":155244,"n":"Mini cônes Extrême  Vanille  - 8x39g","p":4.48,"u":"14,36 €/KG","img":"https://fd9-photos.leclercdrive.fr/image.ashx?id=2737741&use=l&cat=p&typeid=i","cat":284264},{"id":155295,"n":"Préparation Cookies alsa Pépites de Chocolat - 240g","p":2.56,"u":"10,67 €/KG","img":"https://fd9-photos.leclercdrive.fr/image.ashx?id=2996446&use=l&cat=p&typeid=i","cat":284505},{"id":155301,"n":"Biscuit BN chocolat 285g","p":1.36,"u":"4,77 €/KG","img":"https://fd9-photos.leclercdrive.fr/image.ashx?id=2810705&use=l&cat=p&typeid=i","cat":284488},{"id":155302,"n":"Biscuits BN casse croute 400g","p":1.42,"u":"3,55 €/KG","img":"https://fd9-photos.leclercdrive.fr/image.ashx?id=2503900&use=l&cat=p&typeid=i","cat":284491},{"id":155546,"n":"Assiettes dessert 17cm Blanc sans film PE - x50","p":2.69,"u":"0,05 €/P","img":"https://fd9-photos.leclercdrive.fr/image.ashx?id=2096688&use=l&cat=p&typeid=i","cat":334134},{"id":155549,"n":"Glace Bâtonnet MAGNUM Double Gold Caramel 4x85ml","p":3.06,"u":"10,77 €/KG","img":"https://fd9-photos.leclercdrive.fr/image.ashx?id=2770620&use=l&cat=p&typeid=i","cat":284265},{"id":155641,"n":"Oignon rouge Panier du primeur x4","p":1.79,"u":"0,45 €/P","img":"https://fd9-photos.leclercdrive.fr/image.ashx?id=2966493&use=l&cat=p&typeid=i","cat":284352},{"id":155642,"n":"Oignons sauciers Panier du primeur Filet 500g","p":1.49,"u":"2,98 €/KG","img":"https://fd9-photos.leclercdrive.fr/image.ashx?id=2966373&use=l&cat=p&typeid=i","cat":284352},{"id":155714,"n":"Déboucheur Gel Destop  Spécial Cheveux - 1L","p":2.77,"u":"2,77 €/L","img":"https://fd9-photos.leclercdrive.fr/image.ashx?id=2625388&use=l&cat=p&typeid=i","cat":284908},{"id":155717,"n":"Sauce apéritif  Doritos Goût salsa douce -280g","p":2.68,"u":"9,57 €/KG","img":"https://fd9-photos.leclercdrive.fr/image.ashx?id=3014476&use=l&cat=p&typeid=i","cat":284451},{"id":155741,"n":"Filets de cabillaud MSC  L'Atelier Poissonnerie  - 250g","p":6.99,"u":"27,96 €/KG","img":"https://fd9-photos.leclercdrive.fr/image.ashx?id=3004399&use=l&cat=p&typeid=i","cat":284342},{"id":155761,"n":"Filet de lieu noir MSC L'Atelier Poissonnerie  - 250g","p":4.49,"u":"17,96 €/KG","img":"https://fd9-photos.leclercdrive.fr/image.ashx?id=2868702&use=l&cat=p&typeid=i","cat":284342},{"id":155772,"n":"Spray Détachant à Sec Vanish  500ml","p":5.15,"u":"10,30 €/L","img":"https://fd9-photos.leclercdrive.fr/image.ashx?id=2680410&use=l&cat=p&typeid=i","cat":284651},{"id":155795,"n":"Soda Coca-Cola - SANS SUCRES Canette - 6x33cl","p":3.35,"u":"1,69 €/L","img":"https://fd9-photos.leclercdrive.fr/image.ashx?id=2736805&use=l&cat=p&typeid=i","cat":284530},{"id":155815,"n":"Compote avec morceaux Andros Cerise - 4x100g","p":2.91,"u":"7,28 €/KG","img":"https://fd9-photos.leclercdrive.fr/image.ashx?id=2887011&use=l&cat=p&typeid=i","cat":284416},{"id":155816,"n":"Compote avec morceaux Andros Framboise - 4x100g","p":2.58,"u":"6,45 €/KG","img":"https://fd9-photos.leclercdrive.fr/image.ashx?id=2908201&use=l&cat=p&typeid=i","cat":284416},{"id":155820,"n":"Salade Batavia verte 1p","p":0.99,"img":"https://fd9-photos.leclercdrive.fr/image.ashx?id=1633577&use=l&cat=p&typeid=i","cat":284352},{"id":155825,"n":"Persil frisé botte x1","p":1.19,"img":"https://fd9-photos.leclercdrive.fr/image.ashx?id=578632&use=l&cat=p&typeid=i","cat":293607},{"id":155828,"n":"Chou rouge 1p","p":1.99,"img":"https://fd9-photos.leclercdrive.fr/image.ashx?id=560850&use=l&cat=p&typeid=i","cat":284352},{"id":155833,"n":"Feuille de chêne rouge 1p","p":1.19,"img":"https://fd9-photos.leclercdrive.fr/image.ashx?id=1633670&use=l&cat=p&typeid=i","cat":284352},{"id":155835,"n":"Salade frisée 1p","p":2.49,"img":"https://fd9-photos.leclercdrive.fr/image.ashx?id=1631221&use=l&cat=p&typeid=i","cat":284352},{"id":155892,"n":"Blanc de Poulet Le Gaulois Sans nitrites x4 - 160g","p":2.19,"u":"13,69 €/KG","img":"https://fd9-photos.leclercdrive.fr/image.ashx?id=2962620&use=l&cat=p&typeid=i","cat":316010},{"id":155894,"n":"Blanc de Dinde Le Gaulois Sans nitrites x4 tranches -160g","p":2.12,"u":"13,25 €/KG","img":"https://fd9-photos.leclercdrive.fr/image.ashx?id=2962623&use=l&cat=p&typeid=i","cat":316010},{"id":155900,"n":"Boisson aux Fruits Jafun Tropical - 10x20cl","p":3.2,"u":"1,60 €/L","img":"https://fd9-photos.leclercdrive.fr/image.ashx?id=2992567&use=l&cat=p&typeid=i","cat":295018},{"id":156020,"n":"Soda Sprite Canette - 6x33cl","p":3.52,"u":"1,78 €/L","img":"https://fd9-photos.leclercdrive.fr/image.ashx?id=2973994&use=l&cat=p&typeid=i","cat":284531},{"id":156022,"n":"Soda Coca Cola Cherry Canette 6x33cl","p":4.43,"u":"2,24 €/L","img":"https://fd9-photos.leclercdrive.fr/image.ashx?id=2997226&use=l&cat=p&typeid=i","cat":284530},{"id":156028,"n":"Sucre Poudre Daddy Extra Fin profil pack 750g","p":1.86,"u":"2,48 €/KG","img":"https://fd9-photos.leclercdrive.fr/image.ashx?id=2936074&use=l&cat=p&typeid=i","cat":284502},{"id":156067,"n":"Soda Coca-Cola Canette - 6x33cl","p":4.22,"u":"2,13 €/L","img":"https://fd9-photos.leclercdrive.fr/image.ashx?id=2997229&use=l&cat=p&typeid=i","cat":284530},{"id":156135,"n":"Soda Coca-Cola canettes 12x33cl","p":8.31,"u":"2,10 €/L","img":"https://fd9-photos.leclercdrive.fr/image.ashx?id=2192940&use=l&cat=p&typeid=i","cat":284530},{"id":156138,"n":"Soda Coca-Cola Original Canettes - 20x33cl","p":13.87,"u":"2,10 €/L","img":"https://fd9-photos.leclercdrive.fr/image.ashx?id=2846766&use=l&cat=p&typeid=i","cat":284530},{"id":156145,"n":"Thé glacé Fuze tea Saveur pêche - 1,75L","p":1.93,"u":"1,10 €/L","img":"https://fd9-photos.leclercdrive.fr/image.ashx?id=2944395&use=l&cat=p&typeid=i","cat":295019},{"id":156151,"n":"Cônes Extrême Sundae Caramel - 438g","p":3.74,"u":"8,54 €/KG","img":"https://fd9-photos.leclercdrive.fr/image.ashx?id=2844034&use=l&cat=p&typeid=i","cat":284264},{"id":156156,"n":"Fromage enfant Kiri crème 8 portions à tartiner - 144g","p":2.09,"u":"0,26 €/P","img":"https://fd9-photos.leclercdrive.fr/image.ashx?id=2973562&use=l&cat=p&typeid=i","cat":314030},{"id":156175,"n":"Doomino St Michel Chocolat - x6","p":1.93,"u":"10,72 €/KG","img":"https://fd9-photos.leclercdrive.fr/image.ashx?id=2949979&use=l&cat=p&typeid=i","cat":284495},{"id":156188,"n":"Préparation Flan Pâtissier alsa Vanille - 740g","p":2.85,"u":"3,85 €/KG","img":"https://fd9-photos.leclercdrive.fr/image.ashx?id=2790591&use=l&cat=p&typeid=i","cat":284505},{"id":156198,"n":"Bière blonde Tripel Karmeliet 8,4% - 6x33cl","p":11.58,"u":"5,85 €/L","img":"https://fd9-photos.leclercdrive.fr/image.ashx?id=2675586&use=l&cat=p&typeid=i","cat":334872},{"id":156199,"n":"Bière ambrée Kwak 8,4° - 6x33cl","p":11.69,"u":"5,90 €/L","img":"https://fd9-photos.leclercdrive.fr/image.ashx?id=2677504&use=l&cat=p&typeid=i","cat":334872},{"id":156200,"n":"Wraps Old El Paso de blé nature format familial x10 - 580g","p":3.72,"u":"6,41 €/KG","img":"https://fd9-photos.leclercdrive.fr/image.ashx?id=2745352&use=l&cat=p&typeid=i","cat":288993},{"id":156223,"n":"Croquette Truite One Sterilcat Indoor formula","p":14.22,"u":"4,74 €/KG","img":"https://fd9-photos.leclercdrive.fr/image.ashx?id=2488076&use=l&cat=p&typeid=i","cat":284680},{"id":156226,"n":"Croquette chat Purina One Dual Nature cranberry 1,4kg","p":8.23,"u":"5,88 €/KG","img":"https://fd9-photos.leclercdrive.fr/image.ashx?id=2868155&use=l&cat=p&typeid=i","cat":284680},{"id":156299,"n":"Yaourt à la grecque YAOS  Vanille - 8x125g","p":4.22,"u":"4,22 €/KG","img":"https://fd9-photos.leclercdrive.fr/image.ashx?id=3007942&use=l&cat=p&typeid=i","cat":314999},{"id":156342,"n":"Fromage le Coq  125g","p":2.87,"u":"22,96 €/KG","img":"https://fd9-photos.leclercdrive.fr/image.ashx?id=2985315&use=l&cat=p&typeid=i","cat":314032},{"id":156354,"n":"Saint Nectaire laitier AOP L'Atelier Fromagerie - 300g","p":4.7,"u":"15,67 €/KG","img":"https://fd9-photos.leclercdrive.fr/image.ashx?id=2115917&use=l&cat=p&typeid=i","cat":329184},{"id":156397,"n":"Glaces Ferrero Rocher x4 chocolat lait noisettes - 200g","p":3.49,"img":"https://fd9-photos.leclercdrive.fr/image.ashx?id=2759065&use=l&cat=p&typeid=i","cat":284265},{"id":156412,"n":"Glaces Nui Caramel White chocolate & Texan pecan x4 264g","p":4.51,"u":"17,08 €/KG","img":"https://fd9-photos.leclercdrive.fr/image.ashx?id=2519900&use=l&cat=p&typeid=i","cat":284265},{"id":156415,"n":"Bâtonnet Raffaello  Noix de coco amandes x4 - 188g","p":3.53,"u":"18,78 €/KG","img":"https://fd9-photos.leclercdrive.fr/image.ashx?id=2863890&use=l&cat=p&typeid=i","cat":284265},{"id":156423,"n":"Filets de poulet Auvergne NRT x2 Label Rouge - 265g","p":5.99,"u":"22,60 €/KG","img":"https://fd9-photos.leclercdrive.fr/image.ashx?id=2699834&use=l&cat=p&typeid=i","cat":284336},{"id":156424,"n":"Camembert Les Croisés   A chauffer - 250g","p":2.99,"u":"11,96 €/KG","img":"https://fd9-photos.leclercdrive.fr/image.ashx?id=2793299&use=l&cat=p&typeid=i","cat":314037},{"id":156476,"n":"Fromage Feta Grecque Islos AOP - 150g","p":2.8,"u":"18,67 €/KG","img":"https://fd9-photos.leclercdrive.fr/image.ashx?id=2892625&use=l&cat=p&typeid=i","cat":314026},{"id":156493,"n":"Petit pot bébé Blédina 6 mois  Légumes bœuf - 2x200g","p":2.37,"u":"5,93 €/KG","img":"https://fd9-photos.leclercdrive.fr/image.ashx?id=2968091&use=l&cat=p&typeid=i","cat":312236},{"id":156495,"n":"Petit pot bébé Blédina 6 mois Légumes lieu - 2x200g","p":1.78,"u":"4,45 €/KG","img":"https://fd9-photos.leclercdrive.fr/image.ashx?id=2935771&use=l&cat=p&typeid=i","cat":312236},{"id":156496,"n":"Petit pot bébé Blédina 6 mois Potimarron jambon - 2x200g","p":2.24,"u":"5,60 €/KG","img":"https://fd9-photos.leclercdrive.fr/image.ashx?id=2935768&use=l&cat=p&typeid=i","cat":312236},{"id":156497,"n":"Petit pot bébé Blédina 8 mois Riz ratatouille poisson -2x200g","p":1.97,"u":"4,93 €/KG","img":"https://fd9-photos.leclercdrive.fr/image.ashx?id=2911208&use=l&cat=p&typeid=i","cat":312236},{"id":156499,"n":"Petit pot bébé Blédina 8 mois Légumes poulet - 2x200g","p":2.23,"u":"5,58 €/KG","img":"https://fd9-photos.leclercdrive.fr/image.ashx?id=2935765&use=l&cat=p&typeid=i","cat":312236},{"id":156501,"n":"Petit pot bébé Blédina 6 mois Légumes jambon - 2x200g","p":2.35,"u":"5,88 €/KG","img":"https://fd9-photos.leclercdrive.fr/image.ashx?id=2948767&use=l&cat=p&typeid=i","cat":312236},{"id":156503,"n":"Petit pot bébé Blédina 6 mois  Légumes verts poulet - 2x200g","p":2.38,"u":"5,95 €/KG","img":"https://fd9-photos.leclercdrive.fr/image.ashx?id=2983063&use=l&cat=p&typeid=i","cat":312236},{"id":156528,"n":"Petit pot bébé Blédina 4-6 mois Carotte - 2x130g","p":1.23,"u":"4,73 €/KG","img":"https://fd9-photos.leclercdrive.fr/image.ashx?id=2911870&use=l&cat=p&typeid=i","cat":312234},{"id":156538,"n":"Compote bébé Blédina 6 mois  Aux fruits - 4x130g","p":3.06,"u":"5,88 €/KG","img":"https://fd9-photos.leclercdrive.fr/image.ashx?id=2911196&use=l&cat=p&typeid=i","cat":312388},{"id":156539,"n":"Petit pot bébé Blédina 6 mois Semoule carotte dinde - 2x200g","p":2.19,"u":"5,48 €/KG","img":"https://fd9-photos.leclercdrive.fr/image.ashx?id=2935774&use=l&cat=p&typeid=i","cat":312236},{"id":156540,"n":"Petit pot bébé Blédina 6 mois Patate douce carotte-2x200g","p":1.92,"u":"4,80 €/KG","img":"https://fd9-photos.leclercdrive.fr/image.ashx?id=2951617&use=l&cat=p&typeid=i","cat":312235},{"id":156541,"n":"Petit pot bébé Blédina 6 mois Purée de panais dinde - 2x200g","p":2.26,"u":"5,65 €/KG","img":"https://fd9-photos.leclercdrive.fr/image.ashx?id=2951611&use=l&cat=p&typeid=i","cat":312236},{"id":156550,"n":"Petites Tartelettes Bonne Maman Chocolat caramel - 250g","p":2.44,"u":"9,76 €/KG","img":"https://fd9-photos.leclercdrive.fr/image.ashx?id=2962302&use=l&cat=p&typeid=i","cat":284488},{"id":156563,"n":"Petit pot bébé Blédina 6 mois Purée carotte jambon - 2x200g","p":2.29,"u":"5,73 €/KG","img":"https://fd9-photos.leclercdrive.fr/image.ashx?id=2935762&use=l&cat=p&typeid=i","cat":312236},{"id":156638,"n":"Emincés de truites fumé ASC Ronde des Mers - 100g","p":4.39,"u":"43,90 €/KG","img":"https://fd9-photos.leclercdrive.fr/image.ashx?id=2953638&use=l&cat=p&typeid=i","cat":285188},{"id":157628,"n":"Crème corps Mixa  Peaux Sèches, Sensibles - 400ml","p":4.5,"u":"11,25 €/L","img":"https://fd9-photos.leclercdrive.fr/image.ashx?id=2338432&use=l&cat=p&typeid=i","cat":325350},{"id":157643,"n":"Sandwich Mega Club Sodebo  Pain Suédois Poulet Œuf - 230g","p":2.56,"u":"11,13 €/KG","img":"https://fd9-photos.leclercdrive.fr/image.ashx?id=2962542&use=l&cat=p&typeid=i","cat":333658},{"id":157982,"n":"Boisson P'tit Déli Instantanée chocolatée - 1kg","p":4.65,"u":"4,65 €/KG","img":"https://fd9-photos.leclercdrive.fr/image.ashx?id=2124642&use=l&cat=p&typeid=i","cat":293235},{"id":158143,"n":"Bière menthe Desperados Virgin Mojito - 00%vol - 3x33cl","p":4.23,"u":"4,27 €/L","img":"https://fd9-photos.leclercdrive.fr/image.ashx?id=2975164&use=l&cat=p&typeid=i","cat":334877},{"id":158250,"n":"Minicup Haagen-Dazs Fruit Collection x4 - 326g","p":4.57,"u":"14,02 €/KG","img":"https://fd9-photos.leclercdrive.fr/image.ashx?id=2893477&use=l&cat=p&typeid=i","cat":284725},{"id":158285,"n":"Glace Ben & Jerry's Mini pots Cool-loction 4x100ml","p":6.0,"u":"20,83 €/KG","img":"https://fd9-photos.leclercdrive.fr/image.ashx?id=3009278&use=l&cat=p&typeid=i","cat":284725},{"id":158363,"n":"Crème Douche Surgras Bio Cadum Karité - 500ml","p":2.14,"u":"4,28 €/L","img":"https://fd9-photos.leclercdrive.fr/image.ashx?id=2575630&use=l&cat=p&typeid=i","cat":284594},{"id":158536,"n":"Nuggets de poisson Cité Marine Pané MSC - 200g","p":2.15,"u":"10,75 €/KG","img":"https://fd9-photos.leclercdrive.fr/image.ashx?id=2873387&use=l&cat=p&typeid=i","cat":284344},{"id":158545,"n":"Sauce Mayonnaise La Sablaise 135g","p":2.51,"u":"18,59 €/KG","img":"https://fd9-photos.leclercdrive.fr/image.ashx?id=2617951&use=l&cat=p&typeid=i","cat":327284},{"id":158571,"n":"Plat bébé Blédina 8 mois  Pâtes tomate boeuf - 2x200g","p":3.17,"u":"7,93 €/KG","img":"https://fd9-photos.leclercdrive.fr/image.ashx?id=2975092&use=l&cat=p&typeid=i","cat":312236},{"id":158588,"n":"Vin de France rouge Merlot Cabernet Sauvign.Cambras BIB 5L","p":13.45,"u":"2,69 €/L","img":"https://fd9-photos.leclercdrive.fr/image.ashx?id=2694587&use=l&cat=p&typeid=i","cat":289556},{"id":158621,"n":"Soda Schweppes Ginger Beer - 1L","p":1.79,"u":"1,79 €/L","img":"https://fd9-photos.leclercdrive.fr/image.ashx?id=2876233&use=l&cat=p&typeid=i","cat":284532},{"id":158632,"n":"Couronne de crevettes Delpierre ASC sauce fines herbes - 130g","p":4.94,"u":"38,00 €/KG","img":"https://fd9-photos.leclercdrive.fr/image.ashx?id=2772014&use=l&cat=p&typeid=i","cat":284343},{"id":158649,"n":"Lait céréales Blédidej 12 mois Biscuité vanille - 500ml","p":1.66,"u":"3,32 €/KG","img":"https://fd9-photos.leclercdrive.fr/image.ashx?id=2503728&use=l&cat=p&typeid=i","cat":312226},{"id":158779,"n":"Céréales Fitness  Chocolat au lait - 450g","p":2.69,"u":"5,98 €/KG","img":"https://fd9-photos.leclercdrive.fr/image.ashx?id=2922167&use=l&cat=p&typeid=i","cat":309512},{"id":158784,"n":"Petit pot bébé Blédina 8 mois Légumes viande poisson - 8x200g","p":7.68,"u":"4,80 €/KG","img":"https://fd9-photos.leclercdrive.fr/image.ashx?id=2935777&use=l&cat=p&typeid=i","cat":312236},{"id":158787,"n":"Petit pot bébé Blédina 6 mois Légume viande poisson - 8x200g","p":7.67,"u":"4,79 €/KG","img":"https://fd9-photos.leclercdrive.fr/image.ashx?id=2948773&use=l&cat=p&typeid=i","cat":312236},{"id":158788,"n":"Noisette décortiquée Vahiné 125g","p":3.44,"u":"27,52 €/KG","img":"https://fd9-photos.leclercdrive.fr/image.ashx?id=2559814&use=l&cat=p&typeid=i","cat":284504},{"id":158789,"n":"Levure boulanger Vahiné x6 - 48g","p":1.02,"u":"21,25 €/KG","img":"https://fd9-photos.leclercdrive.fr/image.ashx?id=2559793&use=l&cat=p&typeid=i","cat":294686},{"id":158791,"n":"Poivre noir grain Ducros 200g - n°6","p":8.13,"u":"40,65 €/KG","img":"https://fd9-photos.leclercdrive.fr/image.ashx?id=2486599&use=l&cat=p&typeid=i","cat":284457},{"id":158797,"n":"Lait céréales Blédidej 12 mois Chocolat - 500ml","p":1.63,"u":"3,26 €/L","img":"https://fd9-photos.leclercdrive.fr/image.ashx?id=2479042&use=l&cat=p&typeid=i","cat":312226},{"id":158837,"n":"Céréales Chocapic Nestlé Pack 6x30g","p":2.52,"u":"14,00 €/KG","img":"https://fd9-photos.leclercdrive.fr/image.ashx?id=2995436&use=l&cat=p&typeid=i","cat":309513},{"id":158920,"n":"Petit pot bébé Blédina 6 mois Semoule épinards merlu - 2x200g","p":2.3,"u":"5,75 €/KG","img":"https://fd9-photos.leclercdrive.fr/image.ashx?id=2935759&use=l&cat=p&typeid=i","cat":312236},{"id":158970,"n":"Sauce Tomacouli Panzani - 200G","p":0.84,"u":"4,20 €/KG","img":"https://fd9-photos.leclercdrive.fr/image.ashx?id=2872853&use=l&cat=p&typeid=i","cat":288384},{"id":159117,"n":"Filets de hareng Baltic Crème et moutarde - 400g","p":3.05,"u":"7,63 €/KG","img":"https://fd9-photos.leclercdrive.fr/image.ashx?id=2845895&use=l&cat=p&typeid=i","cat":285190},{"id":159209,"n":"Lasagne Lustucru Selection  250g","p":2.27,"u":"9,08 €/KG","img":"https://fd9-photos.leclercdrive.fr/image.ashx?id=2792396&use=l&cat=p&typeid=i","cat":333682},{"id":159212,"n":"Bloc WC Bref Deluxe Magnolia  Toilettes propres - 50g x1","p":1.84,"u":"36,80 €/KG","img":"https://fd9-photos.leclercdrive.fr/image.ashx?id=2907581&use=l&cat=p&typeid=i","cat":284662},{"id":159220,"n":"Dos de Cabillaud Findus MSC - x4 - 440g","p":11.94,"u":"27,14 €/KG","img":"https://fd9-photos.leclercdrive.fr/image.ashx?id=2735347&use=l&cat=p&typeid=i","cat":319786},{"id":159352,"n":"Concentré à diluer Pulco Citron Fraise - 70cl","p":2.69,"u":"3,84 €/L","img":"https://fd9-photos.leclercdrive.fr/image.ashx?id=2687782&use=l&cat=p&typeid=i","cat":295020},{"id":159359,"n":"Pommes Dauphine Findus 200g","p":1.83,"u":"9,15 €/KG","img":"https://fd9-photos.leclercdrive.fr/image.ashx?id=2985345&use=l&cat=p&typeid=i","cat":319792},{"id":159392,"n":"Rapés saumon Cité Marine Pomme de terre ciboulette 200g","p":2.9,"u":"14,50 €/KG","img":"https://fd9-photos.leclercdrive.fr/image.ashx?id=2423097&use=l&cat=p&typeid=i","cat":285340},{"id":159409,"n":"Amande éffilée grillée Vahiné 100g","p":4.23,"u":"42,30 €/KG","img":"https://fd9-photos.leclercdrive.fr/image.ashx?id=2387597&use=l&cat=p&typeid=i","cat":284357},{"id":159416,"n":"Thym Ducros Grand flacon - 85g","p":3.77,"u":"44,35 €/KG","img":"https://fd9-photos.leclercdrive.fr/image.ashx?id=2486557&use=l&cat=p&typeid=i","cat":298297},{"id":159448,"n":"Boisson aux fruits Jafun Pomme Cassis Framboise - 2L","p":1.49,"u":"0,75 €/L","img":"https://fd9-photos.leclercdrive.fr/image.ashx?id=2956924&use=l&cat=p&typeid=i","cat":295018},{"id":159521,"n":"Pizza Crust Sodebo Sweety  Chèvre Miel - 580g","p":5.71,"u":"9,84 €/KG","img":"https://fd9-photos.leclercdrive.fr/image.ashx?id=2649085&use=l&cat=p&typeid=i","cat":333679},{"id":159522,"n":"Cremio Box Sodebo Jambon Emmental 280g","p":2.89,"u":"10,32 €/KG","img":"https://fd9-photos.leclercdrive.fr/image.ashx?id=2860196&use=l&cat=p&typeid=i","cat":334983},{"id":159630,"n":"Pomme de terre Eco+ Epluchées - 1kg","p":1.95,"u":"1,95 €/KG","img":"https://fd9-photos.leclercdrive.fr/image.ashx?id=2702609&use=l&cat=p&typeid=i","cat":284352},{"id":159695,"n":"Poudre chocolatée Nesquik Poche recharge  - 430g","p":3.09,"u":"7,19 €/KG","img":"https://fd9-photos.leclercdrive.fr/image.ashx?id=2675601&use=l&cat=p&typeid=i","cat":293235},{"id":159897,"n":"Fromage Enfant Kiri Crème 12 portions à tartiner - 216g","p":2.86,"u":"13,24 €/KG","img":"https://fd9-photos.leclercdrive.fr/image.ashx?id=2973565&use=l&cat=p&typeid=i","cat":314030},{"id":159903,"n":"Boisson aux fruits Jafun Tropical - 2L","p":1.78,"u":"0,89 €/L","img":"https://fd9-photos.leclercdrive.fr/image.ashx?id=2897835&use=l&cat=p&typeid=i","cat":295018},{"id":160071,"n":"Liquide vaisselle Bébé Confort Eco label - 500ml","p":6.3,"u":"12,60 €/L","img":"https://fd9-photos.leclercdrive.fr/image.ashx?id=2147569&use=l&cat=p&typeid=i","cat":284742},{"id":160101,"n":"Yaourt brassé Perle de Lait Panaché - 8x125g","p":3.49,"u":"3,49 €/KG","img":"https://fd9-photos.leclercdrive.fr/image.ashx?id=2989222&use=l&cat=p&typeid=i","cat":286006},{"id":160116,"n":"Crème Brûlée au Rhum Rians De Guadeloupe - 2x100g","p":2.56,"u":"12,80 €/KG","img":"https://fd9-photos.leclercdrive.fr/image.ashx?id=2144290&use=l&cat=p&typeid=i","cat":285041},{"id":160134,"n":"Tartare Végétal Lait d'Amande  Ail et Fines Herbes - 140g","p":2.24,"u":"16,00 €/KG","img":"https://fd9-photos.leclercdrive.fr/image.ashx?id=2928618&use=l&cat=p&typeid=i","cat":316070},{"id":160141,"n":"Dessert fruitier Andros Fraise - oncteux - 4x97g","p":2.37,"u":"6,11 €/KG","img":"https://fd9-photos.leclercdrive.fr/image.ashx?id=2869125&use=l&cat=p&typeid=i","cat":284416},{"id":160143,"n":"Dessert fruitier Andros Pomme/vanille - 4x100g","p":1.49,"u":"3,73 €/KG","img":"https://fd9-photos.leclercdrive.fr/image.ashx?id=2883937&use=l&cat=p&typeid=i","cat":284416},{"id":160147,"n":"Yaourt gourmand Mamie Nova Citron lemon curd - 2x150g","p":1.39,"u":"4,63 €/KG","img":"https://fd9-photos.leclercdrive.fr/image.ashx?id=2144638&use=l&cat=p&typeid=i","cat":284410},{"id":160189,"n":"Desserts panaches Andros 16x100g","p":5.12,"u":"3,20 €/KG","img":"https://fd9-photos.leclercdrive.fr/image.ashx?id=2883988&use=l&cat=p&typeid=i","cat":284416},{"id":160392,"n":"Yaourt bifidus Activia vanille - 8x125g","p":3.17,"u":"3,17 €/KG","img":"https://fd9-photos.leclercdrive.fr/image.ashx?id=2291513&use=l&cat=p&typeid=i","cat":315000},{"id":160394,"n":"Yaourt à boire Actimel Nature - 6x100g","p":3.16,"u":"5,27 €/KG","img":"https://fd9-photos.leclercdrive.fr/image.ashx?id=2992723&use=l&cat=p&typeid=i","cat":284415},{"id":160395,"n":"Yaourt fruits bifidus Activia  Abricot - 4x125g","p":1.96,"u":"3,92 €/KG","img":"https://fd9-photos.leclercdrive.fr/image.ashx?id=2233541&use=l&cat=p&typeid=i","cat":315000},{"id":160396,"n":"Yaourt bifidus Activia céréales Granola amarante - 4x120g","p":2.21,"u":"4,60 €/KG","img":"https://fd9-photos.leclercdrive.fr/image.ashx?id=2792078&use=l&cat=p&typeid=i","cat":315000},{"id":160403,"n":"Filet de poulet Maitre Coq 1kg","p":10.47,"u":"10,47 €/KG","img":"https://fd9-photos.leclercdrive.fr/image.ashx?id=2551135&use=l&cat=p&typeid=i","cat":284336},{"id":160428,"n":"Lessive liquide fraicheur Epsil 40 lavages - 2L","p":4.6,"u":"2,30 €/L","img":"https://fd9-photos.leclercdrive.fr/image.ashx?id=2602982&use=l&cat=p&typeid=i","cat":284640},{"id":160429,"n":"Lessive liquide printemps Epsil 40 Lavages - 2L","p":4.6,"u":"2,30 €/L","img":"https://fd9-photos.leclercdrive.fr/image.ashx?id=2602988&use=l&cat=p&typeid=i","cat":284640},{"id":160430,"n":"Lessive liquide sensitive Epsil 40 lavages - 2L","p":5.99,"u":"3,00 €/L","img":"https://fd9-photos.leclercdrive.fr/image.ashx?id=2838951&use=l&cat=p&typeid=i","cat":284640},{"id":160725,"n":"Asperges blanches Géant Vert grosses - 205g","p":3.43,"u":"16,73 €/KG","img":"https://fd9-photos.leclercdrive.fr/image.ashx?id=2840551&use=l&cat=p&typeid=i","cat":312611},{"id":160756,"n":"Papier Toilette Humide - Aloe Vera Lotus - x80","p":3.72,"u":"0,05 €/P","img":"https://fd9-photos.leclercdrive.fr/image.ashx?id=2842927&use=l&cat=p&typeid=i","cat":284634},{"id":160820,"n":"Mozza Sticks Pickers by McCain Batonnets de mozzarella - 230g","p":3.4,"u":"14,78 €/KG","img":"https://fd9-photos.leclercdrive.fr/image.ashx?id=2920021&use=l&cat=p&typeid=i","cat":319822},{"id":160821,"n":"Onion rings Pickers by McCain 350g","p":3.17,"u":"9,06 €/KG","img":"https://fd9-photos.leclercdrive.fr/image.ashx?id=2920024&use=l&cat=p&typeid=i","cat":319822},{"id":161121,"n":"Boisson aromatisée Vin rosé Pamplemousse 7.5% vol - BIB 3L","p":8.65,"u":"2,88 €/L","img":"https://fd9-photos.leclercdrive.fr/image.ashx?id=2958528&use=l&cat=p&typeid=i","cat":304569},{"id":161123,"n":"Boisson aux fruits Jafun Fraise Framboise - 2L","p":2.12,"u":"1,06 €/L","img":"https://fd9-photos.leclercdrive.fr/image.ashx?id=2865287&use=l&cat=p&typeid=i","cat":295018},{"id":161126,"n":"Boisson aux fruits Jafun Multifruits - 2L","p":1.99,"u":"1,00 €/L","img":"https://fd9-photos.leclercdrive.fr/image.ashx?id=2897832&use=l&cat=p&typeid=i","cat":295018},{"id":161130,"n":"Boissons à base de fruit Jafun Pêche Abricot - 2L","p":1.99,"u":"1,00 €/L","img":"https://fd9-photos.leclercdrive.fr/image.ashx?id=2865293&use=l&cat=p&typeid=i","cat":295018},{"id":161846,"n":"Sucre roux Tablier blanc En morceaux - 1kg","p":1.81,"u":"1,81 €/KG","img":"https://fd9-photos.leclercdrive.fr/image.ashx?id=3010437&use=l&cat=p&typeid=i","cat":284502},{"id":161914,"n":"Boisson aux fruits Jafun Tropical light - 2L","p":1.39,"u":"0,70 €/L","img":"https://fd9-photos.leclercdrive.fr/image.ashx?id=2720184&use=l&cat=p&typeid=i","cat":295018},{"id":162274,"n":"Sauce Crudités Benedicta  Nature légère - 295g","p":1.92,"u":"6,51 €/KG","img":"https://fd9-photos.leclercdrive.fr/image.ashx?id=2755206&use=l&cat=p&typeid=i","cat":284456},{"id":162489,"n":"Crevettes décortiquées Miti Cocktail ASC - 100g","p":3.32,"u":"33,20 €/KG","img":"https://fd9-photos.leclercdrive.fr/image.ashx?id=2290299&use=l&cat=p&typeid=i","cat":284343},{"id":162572,"n":"Sauce apéritif Doritos Goût sour cream -280g","p":2.7,"u":"9,64 €/KG","img":"https://fd9-photos.leclercdrive.fr/image.ashx?id=2167528&use=l&cat=p&typeid=i","cat":284451},{"id":162596,"n":"Boisson aux fruits Jafun Orange - 2L","p":1.59,"u":"0,80 €/L","img":"https://fd9-photos.leclercdrive.fr/image.ashx?id=2897829&use=l&cat=p&typeid=i","cat":295018},{"id":162597,"n":"Lait concentré Régilait Sucré demi-écrémé - 300g","p":1.69,"u":"5,63 €/KG","img":"https://fd9-photos.leclercdrive.fr/image.ashx?id=2169956&use=l&cat=p&typeid=i","cat":293236},{"id":162784,"n":"Filet de thon Pêche Océan Huile d'olive MSC - 185g","p":5.5,"u":"29,73 €/KG","img":"https://fd9-photos.leclercdrive.fr/image.ashx?id=2523374&use=l&cat=p&typeid=i","cat":303867},{"id":162823,"n":"Bière blonde La Bête 8° - 6x25cl","p":8.07,"u":"5,38 €/L","img":"https://fd9-photos.leclercdrive.fr/image.ashx?id=3011245&use=l&cat=p&typeid=i","cat":334872},{"id":163002,"n":"Graisse Oie Feyel Bocal - 320g","p":6.97,"u":"21,78 €/KG","img":"https://fd9-photos.leclercdrive.fr/image.ashx?id=2766172&use=l&cat=p&typeid=i","cat":316008},{"id":163021,"n":"Biscuits Knoppers Lait / Noisettes - 6x25g","p":2.01,"u":"13,40 €/KG","img":"https://fd9-photos.leclercdrive.fr/image.ashx?id=2659151&use=l&cat=p&typeid=i","cat":284488},{"id":163050,"n":"Crème Cuisine Végétale Alpro Soja - 25cl","p":1.44,"u":"5,76 €/L","img":"https://fd9-photos.leclercdrive.fr/image.ashx?id=2849241&use=l&cat=p&typeid=i","cat":316069},{"id":163133,"n":"Bière ambrée Kwak 8.4% - 75cl","p":4.86,"u":"6,48 €/L","img":"https://fd9-photos.leclercdrive.fr/image.ashx?id=2948423&use=l&cat=p&typeid=i","cat":334872},{"id":163143,"n":"Dragibus Soft Haribo Sachet bonbons - 300g","p":1.35,"u":"4,50 €/KG","img":"https://fd9-photos.leclercdrive.fr/image.ashx?id=2806123&use=l&cat=p&typeid=i","cat":304250},{"id":163145,"n":"Dragibus Original Haribo Multipack bonbons - 250g","p":1.74,"u":"6,96 €/KG","img":"https://fd9-photos.leclercdrive.fr/image.ashx?id=2984943&use=l&cat=p&typeid=i","cat":304250},{"id":163147,"n":"Bonbons Haribo Dragolo - 750g","p":4.32,"u":"5,76 €/KG","img":"https://fd9-photos.leclercdrive.fr/image.ashx?id=2803586&use=l&cat=p&typeid=i","cat":304250},{"id":163162,"n":"Amandine aux poires La Laitière 4x85g","p":2.95,"u":"8,68 €/KG","img":"https://fd9-photos.leclercdrive.fr/image.ashx?id=2683640&use=l&cat=p&typeid=i","cat":284419},{"id":163202,"n":"Feuillantine Comtoise Pierre Schmidt - 500g","p":7.58,"u":"15,16 €/KG","img":"https://fd9-photos.leclercdrive.fr/image.ashx?id=2473420&use=l&cat=p&typeid=i","cat":333680},{"id":163354,"n":"Gobelets 20cl Eco+ Blanc - x50","p":1.26,"u":"0,03 €/P","img":"https://fd9-photos.leclercdrive.fr/image.ashx?id=2176608&use=l&cat=p&typeid=i","cat":334134},{"id":163370,"n":"Thon entier Petit Navire MSC Nature - 3x112g","p":8.38,"u":"24,94 €/KG","img":"https://fd9-photos.leclercdrive.fr/image.ashx?id=2521921&use=l&cat=p&typeid=i","cat":303867},{"id":163379,"n":"Saumon Fumé Islande Mini - 4 Tranches - 120g","p":5.98,"u":"49,83 €/KG","img":"https://fd9-photos.leclercdrive.fr/image.ashx?id=2875525&use=l&cat=p&typeid=i","cat":285188},{"id":163413,"n":"Brossettes Efiseptyl Clean Expert 0.7mm - 1 pièce","p":3.92,"img":"https://fd9-photos.leclercdrive.fr/image.ashx?id=2928402&use=l&cat=p&typeid=i","cat":285159},{"id":163420,"n":"Smarties Mini Bonbons Chocolats 21 boites - 315g","p":3.86,"u":"12,25 €/KG","img":"https://fd9-photos.leclercdrive.fr/image.ashx?id=2740862&use=l&cat=p&typeid=i","cat":304238},{"id":163476,"n":"Petit pot bébé Bledina 6 mois purée Carottes Choux fleurs","p":1.94,"u":"4,85 €/KG","img":"https://fd9-photos.leclercdrive.fr/image.ashx?id=2909509&use=l&cat=p&typeid=i","cat":312235},{"id":163525,"n":"Petit pot bébé Blédina 6 mois Haricot carotte veau - 2x200g","p":2.4,"u":"6,00 €/KG","img":"https://fd9-photos.leclercdrive.fr/image.ashx?id=2935756&use=l&cat=p&typeid=i","cat":312236},{"id":163526,"n":"Petit pot bébé bledina 6 mois  Purée légumes agneau - 2x200g","p":2.42,"u":"6,05 €/KG","img":"https://fd9-photos.leclercdrive.fr/image.ashx?id=2976770&use=l&cat=p&typeid=i","cat":312236},{"id":163533,"n":"Isey Skyr Crème brûlée - 400g","p":3.14,"u":"7,85 €/KG","img":"https://fd9-photos.leclercdrive.fr/image.ashx?id=2598627&use=l&cat=p&typeid=i","cat":315000},{"id":163534,"n":"Isey Skyr Fraise - 400g","p":2.76,"u":"6,90 €/KG","img":"https://fd9-photos.leclercdrive.fr/image.ashx?id=2601193&use=l&cat=p&typeid=i","cat":315000},{"id":163538,"n":"Isey Skyr Nature - 1x400g","p":2.69,"u":"6,73 €/KG","img":"https://fd9-photos.leclercdrive.fr/image.ashx?id=2598606&use=l&cat=p&typeid=i","cat":315000},{"id":163539,"n":"Isey Skyr Pommes cuites - 400g","p":2.79,"u":"6,98 €/KG","img":"https://fd9-photos.leclercdrive.fr/image.ashx?id=2598624&use=l&cat=p&typeid=i","cat":315000},{"id":163541,"n":"Isey Skyr Stracciatella - 400g","p":2.68,"u":"6,70 €/KG","img":"https://fd9-photos.leclercdrive.fr/image.ashx?id=2598621&use=l&cat=p&typeid=i","cat":315000},{"id":163543,"n":"Isey Skyr Vanille - 400g","p":2.89,"u":"7,23 €/KG","img":"https://fd9-photos.leclercdrive.fr/image.ashx?id=2598609&use=l&cat=p&typeid=i","cat":315000},{"id":163613,"n":"Mozzarella fromage râpé  Les Croisés - 150g","p":1.39,"u":"9,27 €/KG","img":"https://fd9-photos.leclercdrive.fr/image.ashx?id=2178848&use=l&cat=p&typeid=i","cat":314035},{"id":163617,"n":"Coeurs de faux-filet Socopa Sauce roquefort x2 - 300g","p":7.66,"u":"25,53 €/KG","img":"https://fd9-photos.leclercdrive.fr/image.ashx?id=2414636&use=l&cat=p&typeid=i","cat":284328},{"id":163749,"n":"Mousseline Purina Gourmet Boeuf nappé de sauce - 4x57g","p":2.96,"u":"12,98 €/KG","img":"https://fd9-photos.leclercdrive.fr/image.ashx?id=2861773&use=l&cat=p&typeid=i","cat":285286},{"id":163750,"n":"Mousseline Purina Gourmet Poulet nappé de sauce - 4x57g","p":3.07,"u":"13,46 €/KG","img":"https://fd9-photos.leclercdrive.fr/image.ashx?id=2864197&use=l&cat=p&typeid=i","cat":285286},{"id":163774,"n":"Forêt Noire Bonne Maman - 2x100g","p":2.65,"u":"13,25 €/KG","img":"https://fd9-photos.leclercdrive.fr/image.ashx?id=2912320&use=l&cat=p&typeid=i","cat":284419},{"id":163928,"n":"Miel de France Lune de Miel Crémeux- 250g","p":3.84,"u":"15,36 €/KG","img":"https://fd9-photos.leclercdrive.fr/image.ashx?id=2338766&use=l&cat=p&typeid=i","cat":287643},{"id":163936,"n":"Pommes dauphine L'Atelier Traiteur - 500g","p":4.09,"u":"8,18 €/KG","img":"https://fd9-photos.leclercdrive.fr/image.ashx?id=2888980&use=l&cat=p&typeid=i","cat":333666},{"id":164448,"n":"Yaourt à la Grecque Yaos Coco - 4x125g + 2 offert","p":1.99,"u":"3,98 €/KG","img":"https://fd9-photos.leclercdrive.fr/image.ashx?id=2817314&use=l&cat=p&typeid=i","cat":314999},{"id":164449,"n":"Yaourt à la Grecque Yaos Citron - 4x125g + 2 offerts","p":2.06,"u":"2,75 €/KG","img":"https://fd9-photos.leclercdrive.fr/image.ashx?id=2561631&use=l&cat=p&typeid=i","cat":314999},{"id":164567,"n":"Eau nettoyante Cadum Bébé  Douceur - 750ml","p":3.3,"u":"4,40 €/L","img":"https://fd9-photos.leclercdrive.fr/image.ashx?id=2278451&use=l&cat=p&typeid=i","cat":284741},{"id":164569,"n":"Gel nettoyant Cadum Bébé  Corps et Cheveux - 750ml","p":3.3,"u":"4,40 €/L","img":"https://fd9-photos.leclercdrive.fr/image.ashx?id=2377799&use=l&cat=p&typeid=i","cat":284740},{"id":164570,"n":"Gel Douche Sans Savon Cadum Huile d'Amandes Douces - 750ml","p":3.23,"u":"4,31 €/L","img":"https://fd9-photos.leclercdrive.fr/image.ashx?id=2352870&use=l&cat=p&typeid=i","cat":284594},{"id":164583,"n":"Gel Lavant enfant Cadum Corps & cheveux - 750ml","p":4.44,"u":"5,92 €/L","img":"https://fd9-photos.leclercdrive.fr/image.ashx?id=2839496&use=l&cat=p&typeid=i","cat":284594},{"id":164584,"n":"Crème Douche surgras Cadum Beurre de Karité - 750ml","p":3.23,"u":"4,31 €/L","img":"https://fd9-photos.leclercdrive.fr/image.ashx?id=2395020&use=l&cat=p&typeid=i","cat":284594},{"id":164598,"n":"40 sacs congélation Alfapac avec lien Moyen modèle","p":1.92,"u":"0,05 €/P","img":"https://fd9-photos.leclercdrive.fr/image.ashx?id=2918700&use=l&cat=p&typeid=i","cat":334134},{"id":164602,"n":"Lessive liquide fraîcheur ECO+ 40 lavages - 2L","p":2.16,"u":"1,08 €/L","img":"https://fd9-photos.leclercdrive.fr/image.ashx?id=2597988&use=l&cat=p&typeid=i","cat":284640},{"id":164603,"n":"Lessive liquide fleurie Epsil 25 lavages - 1,25L","p":3.91,"u":"3,13 €/L","img":"https://fd9-photos.leclercdrive.fr/image.ashx?id=2603000&use=l&cat=p&typeid=i","cat":284640},{"id":164606,"n":"Rhum blanc DOM 40° - 70cl","p":9.11,"u":"13,01 €/L","img":"https://fd9-photos.leclercdrive.fr/image.ashx?id=2188772&use=l&cat=p&typeid=i","cat":284550},{"id":164636,"n":"Mix de graines complètes bio Happy Bio - 250g","p":3.93,"u":"15,72 €/KG","img":"https://fd9-photos.leclercdrive.fr/image.ashx?id=2971005&use=l&cat=p&typeid=i","cat":284429},{"id":165038,"n":"Recharge pour diffuseur Glade Orange & Néroli - 17.5ml","p":5.99,"u":"332,78 €/L","img":"https://fd9-photos.leclercdrive.fr/image.ashx?id=2673869&use=l&cat=p&typeid=i","cat":311629},{"id":165039,"n":"Recharge pour diffuseur Glade Bergamote Citronnelle - 17.5ml","p":5.99,"u":"352,35 €/L","img":"https://fd9-photos.leclercdrive.fr/image.ashx?id=2673872&use=l&cat=p&typeid=i","cat":311629},{"id":165043,"n":"Ail violet Panier du Primeur x3","p":2.99,"u":"1,00 €/P","img":"https://fd9-photos.leclercdrive.fr/image.ashx?id=2959163&use=l&cat=p&typeid=i","cat":284352},{"id":165199,"n":"Pate à tartiner Bonne Maman Noisette et cacao - 360g","p":3.73,"u":"10,36 €/KG","img":"https://fd9-photos.leclercdrive.fr/image.ashx?id=2891106&use=l&cat=p&typeid=i","cat":284481},{"id":165200,"n":"Pate à tartiner Bonne Maman Noisette et cacao - 580g","p":6.07,"u":"10,47 €/KG","img":"https://fd9-photos.leclercdrive.fr/image.ashx?id=2891109&use=l&cat=p&typeid=i","cat":284481},{"id":165234,"n":"Boulettes de boeuf nature Tendre & Plus - 750g","p":6.79,"u":"9,05 €/KG","img":"https://fd9-photos.leclercdrive.fr/image.ashx?id=2251673&use=l&cat=p&typeid=i","cat":284332},{"id":165434,"n":"Fromage enfant Kiri chèvre 8 portions à tartiner - 144g","p":2.84,"u":"19,72 €/KG","img":"https://fd9-photos.leclercdrive.fr/image.ashx?id=2559190&use=l&cat=p&typeid=i","cat":314030},{"id":165605,"n":"Tenders de poulet Coté Croc  - 600g","p":6.23,"u":"10,38 €/KG","img":"https://fd9-photos.leclercdrive.fr/image.ashx?id=2974819&use=l&cat=p&typeid=i","cat":319780},{"id":165656,"n":"Diffuseur Glade avec bâtonnets Lavandin & Santal - 80ml","p":7.15,"u":"89,38 €/L","img":"https://fd9-photos.leclercdrive.fr/image.ashx?id=2266083&use=l&cat=p&typeid=i","cat":311627},{"id":165668,"n":"Brosse à dent Dentamyl Tête rechargeable dure - x1","p":1.17,"img":"https://fd9-photos.leclercdrive.fr/image.ashx?id=2198535&use=l&cat=p&typeid=i","cat":284614},{"id":165671,"n":"Tête de recharge Dentamyl Brosse à dent dure - x3","p":1.0,"u":"0,33 €/P","img":"https://fd9-photos.leclercdrive.fr/image.ashx?id=2791021&use=l&cat=p&typeid=i","cat":284614},{"id":165676,"n":"Filet de saumon ASC L'Atelier Poissonnerie - 300g","p":8.49,"u":"28,30 €/KG","img":"https://fd9-photos.leclercdrive.fr/image.ashx?id=2917897&use=l&cat=p&typeid=i","cat":284342},{"id":165726,"n":"Madeleine Bonne Maman Framboise x10 - 300g","p":3.26,"u":"10,87 €/KG","img":"https://fd9-photos.leclercdrive.fr/image.ashx?id=2936251&use=l&cat=p&typeid=i","cat":284492},{"id":165801,"n":"Sauce bolognaise Eco+ 420g","p":1.13,"u":"2,69 €/KG","img":"https://fd9-photos.leclercdrive.fr/image.ashx?id=2634845&use=l&cat=p&typeid=i","cat":287599},{"id":166419,"n":"Signature Patato Pops McCain Pommes de terre - 650g","p":3.17,"u":"4,88 €/KG","img":"https://fd9-photos.leclercdrive.fr/image.ashx?id=2752233&use=l&cat=p&typeid=i","cat":319792},{"id":166478,"n":"Démaquillant Maybelline  Waterproof biphase 2en1 - 150ml","p":2.36,"u":"15,73 €/L","img":"https://fd9-photos.leclercdrive.fr/image.ashx?id=2278169&use=l&cat=p&typeid=i","cat":284603},{"id":166598,"n":"Sauce spaghetti bio Jardin Bio 510g","p":3.38,"u":"6,63 €/KG","img":"https://fd9-photos.leclercdrive.fr/image.ashx?id=2811164&use=l&cat=p&typeid=i","cat":288384},{"id":166674,"n":"Confiture Douceur du Verger Fraise - 750g","p":2.15,"u":"2,87 €/KG","img":"https://fd9-photos.leclercdrive.fr/image.ashx?id=2965545&use=l&cat=p&typeid=i","cat":284480},{"id":166675,"n":"Confiture Douceur du Verger Abricot - 370g","p":1.27,"u":"3,43 €/KG","img":"https://fd9-photos.leclercdrive.fr/image.ashx?id=2965572&use=l&cat=p&typeid=i","cat":284480},{"id":166687,"n":"Yaourt protéiné Hipro 0%mg  Banane beurre cacahuète -2x160g","p":2.23,"u":"6,97 €/KG","img":"https://fd9-photos.leclercdrive.fr/image.ashx?id=2807426&use=l&cat=p&typeid=i","cat":315000},{"id":166689,"n":"Yaourt Velouté Fruix Danone Brassé mutlifruits - 8x125g","p":2.87,"u":"2,87 €/KG","img":"https://fd9-photos.leclercdrive.fr/image.ashx?id=2912953&use=l&cat=p&typeid=i","cat":284410},{"id":166752,"n":"Lessive tri-dose Orient Epsil x20 - 490ml","p":4.49,"u":"9,16 €/L","img":"https://fd9-photos.leclercdrive.fr/image.ashx?id=2450116&use=l&cat=p&typeid=i","cat":284641},{"id":166753,"n":"Apéritif Apérol Spritz 12.5% vol - 1L","p":15.08,"u":"15,08 €/L","img":"https://fd9-photos.leclercdrive.fr/image.ashx?id=2957287&use=l&cat=p&typeid=i","cat":286032},{"id":166819,"n":"Sucre en poudre Tablier Blanc 1kg","p":1.53,"u":"1,53 €/KG","img":"https://fd9-photos.leclercdrive.fr/image.ashx?id=3010434&use=l&cat=p&typeid=i","cat":284502},{"id":166831,"n":"Mini batonnet surimi Pêche MSC Océan Avec mayonnaise - 210g","p":1.9,"u":"9,05 €/KG","img":"https://fd9-photos.leclercdrive.fr/image.ashx?id=2212039&use=l&cat=p&typeid=i","cat":285189},{"id":166834,"n":"Dès de porc fumés  1kg","p":12.2,"u":"12,20 €/KG","img":"https://fd9-photos.leclercdrive.fr/image.ashx?id=2211471&use=l&cat=p&typeid=i","cat":316011},{"id":166876,"n":"Lessive bi-doses Xeor Fraîcheur x30","p":5.24,"u":"7,13 €/L","img":"https://fd9-photos.leclercdrive.fr/image.ashx?id=2838945&use=l&cat=p&typeid=i","cat":284641},{"id":166984,"n":"Le Fromage Fouetté Madame Loïk Au lait de vache & chèvre 150g","p":1.99,"u":"13,27 €/KG","img":"https://fd9-photos.leclercdrive.fr/image.ashx?id=2986359&use=l&cat=p&typeid=i","cat":314029},{"id":167011,"n":"Pur jus de clémentine Jafaden 90cl","p":2.15,"u":"2,39 €/L","img":"https://fd9-photos.leclercdrive.fr/image.ashx?id=2723162&use=l&cat=p&typeid=i","cat":285435},{"id":167035,"n":"La Cancoillotte à l'ail Le Francomtois - 500g","p":4.76,"u":"9,52 €/KG","img":"https://fd9-photos.leclercdrive.fr/image.ashx?id=2559044&use=l&cat=p&typeid=i","cat":314037},{"id":167244,"n":"Papillotes Revillon Lait   Féerique - 360g","p":10.99,"u":"30,53 €/KG","img":"https://fd9-photos.leclercdrive.fr/image.ashx?id=2863269&use=l&cat=p&typeid=i","cat":327597},{"id":167272,"n":"Sachet mix Pingouins Rohan 150g","p":4.74,"u":"31,60 €/KG","img":"https://fd9-photos.leclercdrive.fr/image.ashx?id=2484924&use=l&cat=p&typeid=i","cat":327592},{"id":167306,"n":"Soupe Déshydratée Oignon KNORR 4 portions - 94g","p":1.42,"u":"15,11 €/KG","img":"https://fd9-photos.leclercdrive.fr/image.ashx?id=2780088&use=l&cat=p&typeid=i","cat":284463},{"id":167382,"n":"Pois carottes d'aucy  Bien Cultivés - 250g","p":1.79,"u":"7,16 €/KG","img":"https://fd9-photos.leclercdrive.fr/image.ashx?id=2835259&use=l&cat=p&typeid=i","cat":312607},{"id":167389,"n":"Pur jus d'orange Jafaden Sans pulpe - 90cl","p":2.15,"u":"2,39 €/L","img":"https://fd9-photos.leclercdrive.fr/image.ashx?id=2723159&use=l&cat=p&typeid=i","cat":285435},{"id":167390,"n":"Pur jus de pamplemousse Jafaden Avec pulpe - 90cl","p":1.88,"u":"2,09 €/L","img":"https://fd9-photos.leclercdrive.fr/image.ashx?id=2819639&use=l&cat=p&typeid=i","cat":285435},{"id":167392,"n":"Jus d'ananas Jafaden 90cl","p":2.21,"u":"2,46 €/L","img":"https://fd9-photos.leclercdrive.fr/image.ashx?id=2819642&use=l&cat=p&typeid=i","cat":285435},{"id":167393,"n":"Boisson au jus de citron Jafaden - 90cl","p":1.87,"u":"2,08 €/L","img":"https://fd9-photos.leclercdrive.fr/image.ashx?id=2723177&use=l&cat=p&typeid=i","cat":285435},{"id":167394,"n":"Pur jus multifruits Jafaden Pomme pêche abricot - 90cl","p":2.09,"u":"2,32 €/L","img":"https://fd9-photos.leclercdrive.fr/image.ashx?id=2723180&use=l&cat=p&typeid=i","cat":285435},{"id":167403,"n":"Pomme de terre Grenaille minute Priméale Gourmet - 500g","p":1.99,"u":"3,98 €/KG","img":"https://fd9-photos.leclercdrive.fr/image.ashx?id=2216488&use=l&cat=p&typeid=i","cat":284352},{"id":167494,"n":"Choucroute IGP garnie d'Alsace Stoeffler - 700g","p":7.29,"u":"10,41 €/KG","img":"https://fd9-photos.leclercdrive.fr/image.ashx?id=2574110&use=l&cat=p&typeid=i","cat":333666},{"id":167529,"n":"Lait bébé en poudre Gallia Calisma 1er âge 0-6 mois 830g","p":15.63,"u":"18,83 €/KG","img":"https://fd9-photos.leclercdrive.fr/image.ashx?id=2456201&use=l&cat=p&typeid=i","cat":284726},{"id":167530,"n":"Lait bébé en poudre Gallia Calisma 2e âge 6-12 mois 830g","p":14.92,"u":"17,98 €/KG","img":"https://fd9-photos.leclercdrive.fr/image.ashx?id=2479730&use=l&cat=p&typeid=i","cat":284727},{"id":167533,"n":"Tagliatelle Lustucru Selection  360g","p":1.44,"u":"4,00 €/KG","img":"https://fd9-photos.leclercdrive.fr/image.ashx?id=2885351&use=l&cat=p&typeid=i","cat":333682},{"id":167534,"n":"Tagliatelle Lustucru Selection  Maxi 600g","p":2.36,"u":"3,93 €/KG","img":"https://fd9-photos.leclercdrive.fr/image.ashx?id=2792399&use=l&cat=p&typeid=i","cat":333682},{"id":167535,"n":"Fettucini Lustucru Selection  350g","p":1.95,"u":"5,57 €/KG","img":"https://fd9-photos.leclercdrive.fr/image.ashx?id=2792402&use=l&cat=p&typeid=i","cat":333682},{"id":167600,"n":"Comté Le Montarlier Président Affiné 12 mois - 200g","p":4.86,"u":"24,30 €/KG","img":"https://fd9-photos.leclercdrive.fr/image.ashx?id=2623753&use=l&cat=p&typeid=i","cat":314034},{"id":167612,"n":"Lessive Epsil Perfect Tri Doses Pure fraîcheur x20 - 490ml","p":4.99,"u":"10,18 €/L","img":"https://fd9-photos.leclercdrive.fr/image.ashx?id=2450122&use=l&cat=p&typeid=i","cat":284641},{"id":167712,"n":"Feuilleté tomate mozzarella 2x130g","p":3.93,"u":"15,12 €/KG","img":"https://fd9-photos.leclercdrive.fr/image.ashx?id=2675430&use=l&cat=p&typeid=i","cat":333671},{"id":167714,"n":"Feuilleté au chèvre et épinards 2x120g","p":3.99,"u":"16,63 €/KG","img":"https://fd9-photos.leclercdrive.fr/image.ashx?id=2677381&use=l&cat=p&typeid=i","cat":333671},{"id":168007,"n":"Purée de fruits Charles & Alice Pommes Kiwi - 4x97g","p":1.77,"u":"4,56 €/KG","img":"https://fd9-photos.leclercdrive.fr/image.ashx?id=2757701&use=l&cat=p&typeid=i","cat":284416},{"id":168097,"n":"Purée fruit bébé Blédina 6 mois Pomme pêche fraise - 4x100g","p":1.89,"u":"4,73 €/KG","img":"https://fd9-photos.leclercdrive.fr/image.ashx?id=2983027&use=l&cat=p&typeid=i","cat":312388},{"id":168151,"n":"Biscuit bébé Blédina 15 mois  Céréales pépites chocolat -168g","p":2.78,"u":"16,55 €/KG","img":"https://fd9-photos.leclercdrive.fr/image.ashx?id=2892421&use=l&cat=p&typeid=i","cat":312227},{"id":168168,"n":"Huile d'olive Cauvin Vierge Extra - 75cl","p":9.48,"u":"12,64 €/L","img":"https://fd9-photos.leclercdrive.fr/image.ashx?id=2498353&use=l&cat=p&typeid=i","cat":284453},{"id":168249,"n":"Gaufrettes Knoppers Lait Noisettes - 3x25g","p":1.26,"u":"16,80 €/KG","img":"https://fd9-photos.leclercdrive.fr/image.ashx?id=2659094&use=l&cat=p&typeid=i","cat":284488},{"id":168301,"n":"Skyr Yoplait  Nature 0%Mg - 850g","p":3.21,"u":"3,78 €/KG","img":"https://fd9-photos.leclercdrive.fr/image.ashx?id=2884444&use=l&cat=p&typeid=i","cat":315000},{"id":168316,"n":"Steaks hachés Charal Pur Bœuf 5% MG 4x100g - 400g","p":8.43,"u":"21,08 €/KG","img":"https://fd9-photos.leclercdrive.fr/image.ashx?id=2741994&use=l&cat=p&typeid=i","cat":319778},{"id":168551,"n":"Burger à la montagnarde Charal - 220g","p":4.87,"u":"22,14 €/KG","img":"https://fd9-photos.leclercdrive.fr/image.ashx?id=2965987&use=l&cat=p&typeid=i","cat":333671},{"id":168569,"n":"Boulettes au bœuf Charal x30 - 900g","p":8.49,"u":"9,43 €/KG","img":"https://fd9-photos.leclercdrive.fr/image.ashx?id=2901845&use=l&cat=p&typeid=i","cat":319779},{"id":168638,"n":"Crottin de chèvre Chavignol AOP 2x60g","p":5.1,"u":"42,50 €/KG","img":"https://fd9-photos.leclercdrive.fr/image.ashx?id=2370464&use=l&cat=p&typeid=i","cat":314031},{"id":168641,"n":"Crottins de chèvre Laiterie de Feux - 3x60g","p":6.99,"u":"38,83 €/KG","img":"https://fd9-photos.leclercdrive.fr/image.ashx?id=2367913&use=l&cat=p&typeid=i","cat":314031},{"id":168656,"n":"Schoko-bons white Kinder Chocolat - 300g","p":7.49,"u":"24,97 €/KG","img":"https://fd9-photos.leclercdrive.fr/image.ashx?id=2918071&use=l&cat=p&typeid=i","cat":327592},{"id":168725,"n":"Riz au lait La Laitière Nature - 4x115g","p":1.83,"u":"3,98 €/KG","img":"https://fd9-photos.leclercdrive.fr/image.ashx?id=2642201&use=l&cat=p&typeid=i","cat":284418},{"id":168990,"n":"Burgers Eco+ x10 - 1kg","p":6.53,"u":"6,53 €/KG","img":"https://fd9-photos.leclercdrive.fr/image.ashx?id=2966523&use=l&cat=p&typeid=i","cat":319778},{"id":168992,"n":"Nuggets de volaille Eco+ 500g","p":2.18,"u":"4,36 €/KG","img":"https://fd9-photos.leclercdrive.fr/image.ashx?id=2842997&use=l&cat=p&typeid=i","cat":319780},{"id":168993,"n":"Viande hachée Eco+  800g","p":8.99,"u":"11,24 €/KG","img":"https://fd9-photos.leclercdrive.fr/image.ashx?id=2966526&use=l&cat=p&typeid=i","cat":319779},{"id":168994,"n":"Yaourt Enfant Petits Filous Tubs Aromatisés - x15","p":3.15,"u":"5,68 €/KG","img":"https://fd9-photos.leclercdrive.fr/image.ashx?id=2811038&use=l&cat=p&typeid=i","cat":284415},{"id":168995,"n":"Yaourt brassé Perle de Lait Vanille - 4x125g","p":1.98,"u":"3,96 €/KG","img":"https://fd9-photos.leclercdrive.fr/image.ashx?id=2939715&use=l&cat=p&typeid=i","cat":314999},{"id":168997,"n":"Fromage Apéritif St Môret Oignons Caramélisés x20 - 100G","p":2.56,"u":"25,60 €/KG","img":"https://fd9-photos.leclercdrive.fr/image.ashx?id=2734822&use=l&cat=p&typeid=i","cat":314027},{"id":169003,"n":"Yaourt brassé Perle de Lait Nature - 4x125g","p":1.88,"u":"3,76 €/KG","img":"https://fd9-photos.leclercdrive.fr/image.ashx?id=2939706&use=l&cat=p&typeid=i","cat":314999},{"id":169006,"n":"Cocktail de fruits de mer Eco+ Précuit - 500g","p":3.77,"u":"7,54 €/KG","img":"https://fd9-photos.leclercdrive.fr/image.ashx?id=2800219&use=l&cat=p&typeid=i","cat":319787},{"id":169057,"n":"Pizza Margherita Eco+ x3 - 900g","p":2.62,"u":"2,91 €/KG","img":"https://fd9-photos.leclercdrive.fr/image.ashx?id=2626778&use=l&cat=p&typeid=i","cat":284256},{"id":169072,"n":"Yaourt brassé Perle de Lait Citron  - 4x125g","p":2.01,"u":"4,19 €/P","img":"https://fd9-photos.leclercdrive.fr/image.ashx?id=2939712&use=l&cat=p&typeid=i","cat":314999},{"id":169216,"n":"Yaourt brassé Perle de Lait Coco - 4x125g","p":2.02,"u":"4,04 €/KG","img":"https://fd9-photos.leclercdrive.fr/image.ashx?id=2939709&use=l&cat=p&typeid=i","cat":286006},{"id":169218,"n":"Yaourt brassé Perle de Lait Nature - 8x125g","p":3.31,"u":"3,31 €/KG","img":"https://fd9-photos.leclercdrive.fr/image.ashx?id=2989225&use=l&cat=p&typeid=i","cat":284409},{"id":169298,"n":"Velouté Carottes Française Knorr - 1L","p":3.08,"u":"3,08 €/L","img":"https://fd9-photos.leclercdrive.fr/image.ashx?id=2395811&use=l&cat=p&typeid=i","cat":284463},{"id":169342,"n":"Lardons fumés Herta 200g","p":2.16,"u":"10,80 €/KG","img":"https://fd9-photos.leclercdrive.fr/image.ashx?id=2939307&use=l&cat=p&typeid=i","cat":316011},{"id":169345,"n":"Lardons nature Herta 200g","p":2.16,"u":"10,80 €/KG","img":"https://fd9-photos.leclercdrive.fr/image.ashx?id=2731357&use=l&cat=p&typeid=i","cat":316011},{"id":169346,"n":"Allumettes fumées Herta Sans nitrite - 2x75g","p":1.88,"u":"12,53 €/KG","img":"https://fd9-photos.leclercdrive.fr/image.ashx?id=2868903&use=l&cat=p&typeid=i","cat":316011},{"id":169347,"n":"Allumettes nature Herta Sans nitrite - 2x75g","p":1.96,"u":"13,07 €/KG","img":"https://fd9-photos.leclercdrive.fr/image.ashx?id=2868906&use=l&cat=p&typeid=i","cat":316011},{"id":169353,"n":"Pâte feuilletée Herta Tarte en Or - 230g","p":0.94,"u":"4,09 €/KG","img":"https://fd9-photos.leclercdrive.fr/image.ashx?id=2918658&use=l&cat=p&typeid=i","cat":333681},{"id":169354,"n":"Pâte brisée Herta Tarte en Or - 230g","p":1.04,"u":"4,52 €/KG","img":"https://fd9-photos.leclercdrive.fr/image.ashx?id=2739189&use=l&cat=p&typeid=i","cat":333681},{"id":169429,"n":"Tendres Effilés en Gelée Felix Selection poissons 12x85g","p":4.93,"u":"4,83 €/KG","img":"https://fd9-photos.leclercdrive.fr/image.ashx?id=2995439&use=l&cat=p&typeid=i","cat":285286},{"id":169430,"n":"Tendres Effilés en Gelée Felix Selection campagne 12x85g","p":4.97,"u":"4,87 €/KG","img":"https://fd9-photos.leclercdrive.fr/image.ashx?id=2957668&use=l&cat=p&typeid=i","cat":285286},{"id":169432,"n":"Tendres Effilés en Gelée Felix Selection mixte - 24x85g","p":8.87,"u":"4,35 €/KG","img":"https://fd9-photos.leclercdrive.fr/image.ashx?id=2869651&use=l&cat=p&typeid=i","cat":285286},{"id":169436,"n":"Tendres Effilés en Gelée Felix Selection Mixte - 24x85g","p":8.89,"u":"4,36 €/KG","img":"https://fd9-photos.leclercdrive.fr/image.ashx?id=2957677&use=l&cat=p&typeid=i","cat":285286},{"id":169443,"n":"Tendres Effilés Gelée 44x85g","p":17.28,"u":"4,62 €/KG","img":"https://fd9-photos.leclercdrive.fr/image.ashx?id=2957674&use=l&cat=p&typeid=i","cat":285286},{"id":169445,"n":"Duos en gelée Felix Selection campagne - 44x85g","p":16.93,"u":"4,53 €/KG","img":"https://fd9-photos.leclercdrive.fr/image.ashx?id=2976857&use=l&cat=p&typeid=i","cat":285286},{"id":169447,"n":"Emincés En Gelée Felix Selection mixte - 12x85g","p":4.19,"u":"4,11 €/KG","img":"https://fd9-photos.leclercdrive.fr/image.ashx?id=2869657&use=l&cat=p&typeid=i","cat":285286},{"id":169448,"n":"Emincés En Gelée  Felix Volaille légumes - 12x85g","p":4.19,"u":"4,11 €/KG","img":"https://fd9-photos.leclercdrive.fr/image.ashx?id=2909212&use=l&cat=p&typeid=i","cat":285286},{"id":169511,"n":"Margarine Oméga 3 Fruit d'Or Sans huile de palme - 450g","p":3.11,"u":"6,91 €/KG","img":"https://fd9-photos.leclercdrive.fr/image.ashx?id=2887329&use=l&cat=p&typeid=i","cat":315229},{"id":170434,"n":"Matelote de thon D'Aucy Petits légumes 300g","p":2.83,"u":"9,43 €/KG","img":"https://fd9-photos.leclercdrive.fr/image.ashx?id=2247538&use=l&cat=p&typeid=i","cat":284953},{"id":170561,"n":"Friandises chien Tous mes Amis Sticks au Boeuf - 3x11g","p":0.5,"u":"15,15 €/KG","img":"https://fd9-photos.leclercdrive.fr/image.ashx?id=2302265&use=l&cat=p&typeid=i","cat":294527},{"id":170778,"n":"Bloc de foie gras Jean Larnaudie - 230g","p":25.98,"u":"112,96 €/KG","img":"https://fd9-photos.leclercdrive.fr/image.ashx?id=2915811&use=l&cat=p&typeid=i","cat":316008},{"id":170828,"n":"Chips Tortilla Old El Paso Chili - 185g","p":2.39,"u":"12,92 €/KG","img":"https://fd9-photos.leclercdrive.fr/image.ashx?id=2444525&use=l&cat=p&typeid=i","cat":288993},{"id":170957,"n":"Confiture Douceur du Verger Abricot - 750g","p":2.31,"u":"3,08 €/KG","img":"https://fd9-photos.leclercdrive.fr/image.ashx?id=2965581&use=l&cat=p&typeid=i","cat":284480},{"id":171068,"n":"Gel douche So Bio Etic Fleur d'oranger bio - 450ml","p":5.99,"u":"13,31 €/L","img":"https://fd9-photos.leclercdrive.fr/image.ashx?id=2794487&use=l&cat=p&typeid=i","cat":284594},{"id":171072,"n":"Gel douche So Bio Etic Verveine Citron bio - 450ml","p":5.75,"u":"12,78 €/L","img":"https://fd9-photos.leclercdrive.fr/image.ashx?id=2813468&use=l&cat=p&typeid=i","cat":284594},{"id":171110,"n":"Foie gras de canard Delpeyrat Bocal 360g","p":45.49,"u":"126,36 €/KG","img":"https://fd9-photos.leclercdrive.fr/image.ashx?id=2730565&use=l&cat=p&typeid=i","cat":316008},{"id":171187,"n":"Barres glacées Snickers  Caramel & Cacahuètes x12 - 547g","p":5.39,"u":"9,85 €/KG","img":"https://fd9-photos.leclercdrive.fr/image.ashx?id=2295505&use=l&cat=p&typeid=i","cat":284264},{"id":171188,"n":"Glace Barre Glacée Snickers  Caramel & Cacahuètes x6 - 274g","p":3.55,"u":"12,96 €/KG","img":"https://fd9-photos.leclercdrive.fr/image.ashx?id=2295508&use=l&cat=p&typeid=i","cat":284264},{"id":171191,"n":"Barre glacée Mars  Caramel x6 - 240g","p":3.16,"img":"https://fd9-photos.leclercdrive.fr/image.ashx?id=2295924&use=l&cat=p&typeid=i","cat":284264},{"id":171409,"n":"Sac poubelle Elembal 50L - x40","p":5.99,"u":"0,15 €/P","img":"https://fd9-photos.leclercdrive.fr/image.ashx?id=2793311&use=l&cat=p&typeid=i","cat":285168},{"id":171719,"n":"Lessive Epsil Perfect Tri-Doses Fleurie x20 - 490ml","p":4.49,"u":"9,16 €/L","img":"https://fd9-photos.leclercdrive.fr/image.ashx?id=2450119&use=l&cat=p&typeid=i","cat":284641},{"id":171836,"n":"Céréales Trésor Kellogg's Chocolat au lait - 620g","p":4.39,"u":"7,08 €/KG","img":"https://fd9-photos.leclercdrive.fr/image.ashx?id=2598334&use=l&cat=p&typeid=i","cat":309513},{"id":171839,"n":"Yaourts Light & Free Aux fruits rouges 0% - 8x125g","p":3.29,"u":"3,29 €/KG","img":"https://fd9-photos.leclercdrive.fr/image.ashx?id=3008014&use=l&cat=p&typeid=i","cat":315000},{"id":171840,"n":"Yaourts Light & Free Aux fruits jaunes 0% - 8x125g","p":3.15,"u":"3,15 €/KG","img":"https://fd9-photos.leclercdrive.fr/image.ashx?id=3008017&use=l&cat=p&typeid=i","cat":315000},{"id":171846,"n":"Skyr vanille Délisse 450g","p":1.98,"u":"4,40 €/KG","img":"https://fd9-photos.leclercdrive.fr/image.ashx?id=2992585&use=l&cat=p&typeid=i","cat":315000},{"id":172595,"n":"Mousse fromage blanc Light&Free Fraise et pêche 0%mg - 4x120g","p":2.26,"u":"4,91 €/KG","img":"https://fd9-photos.leclercdrive.fr/image.ashx?id=3008020&use=l&cat=p&typeid=i","cat":315000},{"id":172597,"n":"Yaourt aux fruits Light&Free Fraise 0%MG- 4x125g","p":1.77,"u":"3,54 €/KG","img":"https://fd9-photos.leclercdrive.fr/image.ashx?id=3010987&use=l&cat=p&typeid=i","cat":315000},{"id":172598,"n":"Yaourt aux fruits Light&free Cerise 0%MG - 4x125g","p":1.69,"u":"3,38 €/KG","img":"https://fd9-photos.leclercdrive.fr/image.ashx?id=2741682&use=l&cat=p&typeid=i","cat":315000},{"id":172651,"n":"Essuie-tout Renova Active Absorption - x16","p":9.14,"u":"0,57 €/P","img":"https://fd9-photos.leclercdrive.fr/image.ashx?id=2260120&use=l&cat=p&typeid=i","cat":284635},{"id":172725,"n":"Eau aromatisée San Pellegrino Limonata - 6x33cl","p":3.83,"u":"1,93 €/L","img":"https://fd9-photos.leclercdrive.fr/image.ashx?id=2525816&use=l&cat=p&typeid=i","cat":284536},{"id":172727,"n":"Eau aromatisée San Pellegrino Melograno e arancia - 6x33cl","p":4.2,"u":"2,12 €/L","img":"https://fd9-photos.leclercdrive.fr/image.ashx?id=2551555&use=l&cat=p&typeid=i","cat":284536},{"id":172731,"n":"Tablette chocolat Milka Chocolat au lait - 3x100g","p":4.4,"u":"14,67 €/KG","img":"https://fd9-photos.leclercdrive.fr/image.ashx?id=3009137&use=l&cat=p&typeid=i","cat":284497},{"id":173147,"n":"Lingettes Swiffer pour balai Attrape poussière - x14","p":6.99,"u":"0,50 €/P","img":"https://fd9-photos.leclercdrive.fr/image.ashx?id=2964084&use=l&cat=p&typeid=i","cat":325364},{"id":173332,"n":"Soupe liquide Liebig poireaux Saint jacques - Brique 1L","p":4.45,"u":"4,45 €/L","img":"https://fd9-photos.leclercdrive.fr/image.ashx?id=2472195&use=l&cat=p&typeid=i","cat":284462},{"id":173441,"n":"Crème Fleurette Extra Président Entière 33%MG - 35cl","p":2.36,"u":"6,74 €/L","img":"https://fd9-photos.leclercdrive.fr/image.ashx?id=2962260&use=l&cat=p&typeid=i","cat":284381},{"id":174145,"n":"Confiture Douceur du Verger Cerises - 370 g","p":1.27,"u":"3,43 €/KG","img":"https://fd9-photos.leclercdrive.fr/image.ashx?id=2965599&use=l&cat=p&typeid=i","cat":284480},{"id":174147,"n":"Confiture Douceur du Verger Châtaignes/vanille - 370g","p":1.75,"u":"4,73 €/KG","img":"https://fd9-photos.leclercdrive.fr/image.ashx?id=2965593&use=l&cat=p&typeid=i","cat":284480},{"id":174148,"n":"Confiture Douceur du Verger Pêches - 370 g","p":1.6,"u":"4,32 €/KG","img":"https://fd9-photos.leclercdrive.fr/image.ashx?id=2965602&use=l&cat=p&typeid=i","cat":284480},{"id":174149,"n":"Confiture Douceur du Verger Fraises - 370 g","p":1.12,"u":"3,03 €/KG","img":"https://fd9-photos.leclercdrive.fr/image.ashx?id=2965542&use=l&cat=p&typeid=i","cat":284480},{"id":174150,"n":"Confiture Douceur du Verger Framboises - 370 g","p":1.99,"u":"5,38 €/KG","img":"https://fd9-photos.leclercdrive.fr/image.ashx?id=2965575&use=l&cat=p&typeid=i","cat":284480},{"id":174151,"n":"Confiture Douceur du Verger 4 fruits rouges - 370 g","p":1.18,"u":"3,19 €/KG","img":"https://fd9-photos.leclercdrive.fr/image.ashx?id=2965551&use=l&cat=p&typeid=i","cat":284480},{"id":174153,"n":"Sauce tomates cuisinées Panzani 210g","p":1.18,"u":"5,62 €/KG","img":"https://fd9-photos.leclercdrive.fr/image.ashx?id=2880688&use=l&cat=p&typeid=i","cat":299047},{"id":174154,"n":"Sauce Tomate Basilic Panzani - 210G","p":1.23,"u":"5,86 €/KG","img":"https://fd9-photos.leclercdrive.fr/image.ashx?id=2881290&use=l&cat=p&typeid=i","cat":288384},{"id":174155,"n":"Sauce tomate Panzani Provençale - 425g","p":1.42,"u":"3,34 €/KG","img":"https://fd9-photos.leclercdrive.fr/image.ashx?id=2742866&use=l&cat=p&typeid=i","cat":288384},{"id":174156,"n":"Sauce tomates cuisinées Panzani 425g","p":1.54,"u":"3,62 €/KG","img":"https://fd9-photos.leclercdrive.fr/image.ashx?id=2977276&use=l&cat=p&typeid=i","cat":288384},{"id":174158,"n":"Sauce Tomate Provençale Panzani - 650G","p":2.09,"u":"3,22 €/KG","img":"https://fd9-photos.leclercdrive.fr/image.ashx?id=2977942&use=l&cat=p&typeid=i","cat":299047},{"id":174159,"n":"Sauce Tomate Basilic Panzani - 650G","p":2.45,"u":"3,77 €/KG","img":"https://fd9-photos.leclercdrive.fr/image.ashx?id=2977945&use=l&cat=p&typeid=i","cat":288384},{"id":174160,"n":"Sauce tomates fraîches Panzani 3x190g","p":2.66,"u":"4,67 €/KG","img":"https://fd9-photos.leclercdrive.fr/image.ashx?id=2835274&use=l&cat=p&typeid=i","cat":288384},{"id":174164,"n":"Crème Sans Lactose Elle&Vire Epaisse Légère - 4% MG - 33cl","p":1.79,"u":"5,30 €/KG","img":"https://fd9-photos.leclercdrive.fr/image.ashx?id=2773670&use=l&cat=p&typeid=i","cat":284381},{"id":174192,"n":"Filet de saumon de Norvège ASC  L'Atelier Poissonnerie - 600g","p":12.94,"u":"21,57 €/KG","img":"https://fd9-photos.leclercdrive.fr/image.ashx?id=3004402&use=l&cat=p&typeid=i","cat":284342},{"id":174204,"n":"Margarine Oméga 3 Fruit d'Or Sans huile de palme - 225g","p":1.99,"u":"8,84 €/KG","img":"https://fd9-photos.leclercdrive.fr/image.ashx?id=2887332&use=l&cat=p&typeid=i","cat":315229},{"id":174221,"n":"Pur jus d'orange Eco  Avec pulpe - 1L","p":2.07,"u":"2,07 €/L","img":"https://fd9-photos.leclercdrive.fr/image.ashx?id=2843102&use=l&cat=p&typeid=i","cat":285435},{"id":174222,"n":"Pur jus d'orange Eco  Sans pulpe - 1L","p":2.07,"u":"2,07 €/L","img":"https://fd9-photos.leclercdrive.fr/image.ashx?id=2779874&use=l&cat=p&typeid=i","cat":285435},{"id":174223,"n":"Pur jus de pomme Eco  1L","p":1.47,"u":"1,47 €/L","img":"https://fd9-photos.leclercdrive.fr/image.ashx?id=2779877&use=l&cat=p&typeid=i","cat":285435},{"id":174398,"n":"Eponges grattantes Eco + x6","p":0.96,"u":"0,16 €/P","img":"https://fd9-photos.leclercdrive.fr/image.ashx?id=2761295&use=l&cat=p&typeid=i","cat":284667},{"id":174517,"n":"Pur jus multifruits Jafaden 90cl","p":1.7,"u":"1,89 €/L","img":"https://fd9-photos.leclercdrive.fr/image.ashx?id=2723153&use=l&cat=p&typeid=i","cat":285435},{"id":174521,"n":"Délice gelée Vitakraft Viande et Poisson - 6x85g","p":4.27,"u":"8,37 €/KG","img":"https://fd9-photos.leclercdrive.fr/image.ashx?id=2283306&use=l&cat=p&typeid=i","cat":285286},{"id":174523,"n":"Délice sauce Vitakraft  Volaille et Boeuf - 6x85g","p":4.2,"u":"8,24 €/KG","img":"https://fd9-photos.leclercdrive.fr/image.ashx?id=2283291&use=l&cat=p&typeid=i","cat":285286},{"id":174524,"n":"Délice sauce Vitakraft Poisson - 6x85g","p":4.35,"u":"8,53 €/KG","img":"https://fd9-photos.leclercdrive.fr/image.ashx?id=2283294&use=l&cat=p&typeid=i","cat":285286},{"id":174569,"n":"Couscous Ferrero Grain moyen - 1kg+500g offert","p":2.37,"u":"1,58 €/KG","img":"https://fd9-photos.leclercdrive.fr/image.ashx?id=2901653&use=l&cat=p&typeid=i","cat":284429},{"id":174680,"n":"La Cancoillotte au vin Savagnin Le Francomtois - 250g","p":2.52,"u":"10,08 €/KG","img":"https://fd9-photos.leclercdrive.fr/image.ashx?id=2529309&use=l&cat=p&typeid=i","cat":314037},{"id":174712,"n":"Confiture Douceur du Verger Figues - 370g","p":1.57,"u":"4,24 €/KG","img":"https://fd9-photos.leclercdrive.fr/image.ashx?id=2965587&use=l&cat=p&typeid=i","cat":284480},{"id":174815,"n":"Confiture Douceur du Verger Myrtilles - 370g","p":1.72,"u":"4,65 €/KG","img":"https://fd9-photos.leclercdrive.fr/image.ashx?id=2965590&use=l&cat=p&typeid=i","cat":284480},{"id":174832,"n":"Saucisses de Toulouse x4 Soutenons Nos Agriculteurs 400g","p":3.98,"u":"9,95 €/KG","img":"https://fd9-photos.leclercdrive.fr/image.ashx?id=2835232&use=l&cat=p&typeid=i","cat":284334},{"id":174833,"n":"Chipolatas x6 Soutenons Nos Agriculteurs 330g","p":4.5,"u":"13,64 €/KG","img":"https://fd9-photos.leclercdrive.fr/image.ashx?id=2716018&use=l&cat=p&typeid=i","cat":284334},{"id":174875,"n":"Gelée douceur du Verger Groseilles - 370g","p":1.29,"u":"3,49 €/KG","img":"https://fd9-photos.leclercdrive.fr/image.ashx?id=2965563&use=l&cat=p&typeid=i","cat":284480},{"id":174881,"n":"Carottes râpées Bonduelle Au Citron de Sicile - 320g","p":1.41,"u":"4,41 €/KG","img":"https://fd9-photos.leclercdrive.fr/image.ashx?id=2894194&use=l&cat=p&typeid=i","cat":333657},{"id":174885,"n":"Céleri rémoulade Bonduelle Au Fromage blanc - 500g","p":2.15,"u":"4,30 €/KG","img":"https://fd9-photos.leclercdrive.fr/image.ashx?id=3004819&use=l&cat=p&typeid=i","cat":333657},{"id":174886,"n":"Aubergine Eco+ 500g","p":0.99,"u":"1,98 €/KG","img":"https://fd9-photos.leclercdrive.fr/image.ashx?id=2907153&use=l&cat=p&typeid=i","cat":284352},{"id":174932,"n":"Poisson Pané Findus Croustibat Colin d'Alaska MSC x18 - 540g","p":4.16,"u":"7,70 €/KG","img":"https://fd9-photos.leclercdrive.fr/image.ashx?id=2653774&use=l&cat=p&typeid=i","cat":319788},{"id":174954,"n":"Crème liquide UHT 3x20cl Soutenons Nos Agriculteurs","p":3.49,"u":"5,82 €/L","img":"https://fd9-photos.leclercdrive.fr/image.ashx?id=2291414&use=l&cat=p&typeid=i","cat":284381},{"id":174997,"n":"Jambon supérieur 2 tranches Soutenons Nos Agriculteurs 70g","p":1.71,"u":"24,43 €/KG","img":"https://fd9-photos.leclercdrive.fr/image.ashx?id=2970483&use=l&cat=p&typeid=i","cat":316009},{"id":174998,"n":"Jambon supérieur 6 tranches Soutenons Nos Agriculteurs 210g","p":3.89,"u":"18,52 €/KG","img":"https://fd9-photos.leclercdrive.fr/image.ashx?id=2943710&use=l&cat=p&typeid=i","cat":316009},{"id":174999,"n":"Jambon superieur 4 tranches Soutenons Nos Agriculteurs 140g","p":2.66,"u":"19,00 €/KG","img":"https://fd9-photos.leclercdrive.fr/image.ashx?id=2943707&use=l&cat=p&typeid=i","cat":316009},{"id":175036,"n":"Motte Tendre Président Doux - 250g","p":3.42,"u":"13,68 €/KG","img":"https://fd9-photos.leclercdrive.fr/image.ashx?id=2903110&use=l&cat=p&typeid=i","cat":284379},{"id":175125,"n":"Sauce Deluxe AMORA 250ml","p":2.03,"u":"8,12 €/L","img":"https://fd9-photos.leclercdrive.fr/image.ashx?id=3009266&use=l&cat=p&typeid=i","cat":318431},{"id":175283,"n":"Pommes de terre Eco+ 1.5kg","p":0.99,"u":"0,66 €/KG","img":"https://fd9-photos.leclercdrive.fr/image.ashx?id=2282349&use=l&cat=p&typeid=i","cat":284352},{"id":175414,"n":"Oranges non traitées Panier du Primeur Sachet x4","p":2.29,"u":"0,57 €/P","img":"https://fd9-photos.leclercdrive.fr/image.ashx?id=2930909&use=l&cat=p&typeid=i","cat":284356},{"id":175419,"n":"Citrons jaunes non traités Panier du Primeur Sachet x4","p":1.89,"u":"0,47 €/P","img":"https://fd9-photos.leclercdrive.fr/image.ashx?id=2930906&use=l&cat=p&typeid=i","cat":284356},{"id":175551,"n":"Confit de canard du Sud-Ouest Nos Régions ont du Talent  420g","p":8.68,"u":"20,67 €/KG","img":"https://fd9-photos.leclercdrive.fr/image.ashx?id=2753544&use=l&cat=p&typeid=i","cat":284339},{"id":175553,"n":"Lait Corps Le Petit Marseillais  Huile d'abricot - 250ml","p":3.46,"u":"13,84 €/L","img":"https://fd9-photos.leclercdrive.fr/image.ashx?id=2762232&use=l&cat=p&typeid=i","cat":325349},{"id":175574,"n":"Sauce bolognaise Panzani Extra riche - 400g","p":2.74,"u":"6,85 €/KG","img":"https://fd9-photos.leclercdrive.fr/image.ashx?id=2887527&use=l&cat=p&typeid=i","cat":299047},{"id":175576,"n":"Sachet fraicheur chat Sheba Filets au poulet et thon - 60g","p":1.09,"u":"18,17 €/KG","img":"https://fd9-photos.leclercdrive.fr/image.ashx?id=2292464&use=l&cat=p&typeid=i","cat":285286},{"id":175578,"n":"Sachet fraicheur chat Sheba Filets aux crevettes - 60g","p":1.09,"u":"18,17 €/KG","img":"https://fd9-photos.leclercdrive.fr/image.ashx?id=2292467&use=l&cat=p&typeid=i","cat":285286},{"id":175582,"n":"Sachet fraicheur chat Sheba Soupe filets de poulet - 4x40g","p":2.94,"u":"18,38 €/KG","img":"https://fd9-photos.leclercdrive.fr/image.ashx?id=2292590&use=l&cat=p&typeid=i","cat":285286},{"id":175585,"n":"Sachet fraicheur chat Sheba Soupe filets de thon - 4x40g","p":2.91,"u":"18,19 €/KG","img":"https://fd9-photos.leclercdrive.fr/image.ashx?id=2292593&use=l&cat=p&typeid=i","cat":285286},{"id":175586,"n":"Lentilles vertes Vivien Paille 1kg","p":3.21,"u":"3,21 €/KG","img":"https://fd9-photos.leclercdrive.fr/image.ashx?id=2285093&use=l&cat=p&typeid=i","cat":284430},{"id":175603,"n":"Thé vert bio Bio Village Menthe x20 - 36g","p":1.65,"u":"45,83 €/KG","img":"https://fd9-photos.leclercdrive.fr/image.ashx?id=2553938&use=l&cat=p&typeid=i","cat":293233},{"id":175713,"n":"Bière \"La Goudale\" Rubis - 6x25cl","p":4.86,"u":"3,24 €/L","img":"https://fd9-photos.leclercdrive.fr/image.ashx?id=2778245&use=l&cat=p&typeid=i","cat":334878},{"id":175781,"n":"Gambas cuites d'Equateur ASC L'Atelier Poissonnerie - 500g","p":6.99,"u":"13,98 €/KG","img":"https://fd9-photos.leclercdrive.fr/image.ashx?id=2325335&use=l&cat=p&typeid=i","cat":327284},{"id":175790,"n":"Sachet fraicheur chat Sheba Filets au poulet - 60g","p":1.1,"u":"18,33 €/KG","img":"https://fd9-photos.leclercdrive.fr/image.ashx?id=2287523&use=l&cat=p&typeid=i","cat":285286},{"id":176027,"n":"Frites Classiques McCain Just Au Four - 700g","p":2.52,"u":"3,60 €/KG","img":"https://fd9-photos.leclercdrive.fr/image.ashx?id=2997340&use=l&cat=p&typeid=i","cat":319791},{"id":176029,"n":"Frites Classiques McCain Just Au Four - 1,69kg","p":5.14,"u":"3,04 €/KG","img":"https://fd9-photos.leclercdrive.fr/image.ashx?id=2771319&use=l&cat=p&typeid=i","cat":319791},{"id":176030,"n":"Frites Allumettes McCain Just Au Four - 700g","p":2.57,"u":"3,67 €/KG","img":"https://fd9-photos.leclercdrive.fr/image.ashx?id=2772491&use=l&cat=p&typeid=i","cat":319791},{"id":176033,"n":"Frites Steakhouse McCain Just Au Four - 700g","p":2.67,"u":"3,81 €/KG","img":"https://fd9-photos.leclercdrive.fr/image.ashx?id=2737921&use=l&cat=p&typeid=i","cat":319791},{"id":176034,"n":"Frites Express McCain Just Au Four - 600g","p":3.08,"u":"5,13 €/KG","img":"https://fd9-photos.leclercdrive.fr/image.ashx?id=2997337&use=l&cat=p&typeid=i","cat":319791},{"id":176036,"n":"Frites friteuse McCain Tradition - 1,080kg","p":2.75,"u":"2,55 €/KG","img":"https://fd9-photos.leclercdrive.fr/image.ashx?id=2737930&use=l&cat=p&typeid=i","cat":319791},{"id":176040,"n":"Frites friteuse McCain Golden Allumette - 1,080kg","p":2.95,"u":"2,73 €/KG","img":"https://fd9-photos.leclercdrive.fr/image.ashx?id=2737939&use=l&cat=p&typeid=i","cat":319791},{"id":176043,"n":"La Frite Belge McCain 1.080kg","p":3.1,"u":"2,87 €/KG","img":"https://fd9-photos.leclercdrive.fr/image.ashx?id=2737942&use=l&cat=p&typeid=i","cat":319791},{"id":176238,"n":"Le rapé de Chèvre Soignon 150g","p":3.23,"u":"21,53 €/KG","img":"https://fd9-photos.leclercdrive.fr/image.ashx?id=2773694&use=l&cat=p&typeid=i","cat":314035},{"id":176239,"n":"Gnocchi Lustucru Selection  390g","p":1.72,"u":"4,41 €/KG","img":"https://fd9-photos.leclercdrive.fr/image.ashx?id=2965999&use=l&cat=p&typeid=i","cat":333682},{"id":176364,"n":"Couches Pampers Baby Dry Taille 4 - x47","p":17.91,"u":"0,38 €/P","img":"https://fd9-photos.leclercdrive.fr/image.ashx?id=2495824&use=l&cat=p&typeid=i","cat":284737},{"id":176391,"n":"Sérum Hydra-Texturisant Elsève Cheveux Déshydratés - 150ml","p":11.47,"u":"76,47 €/L","img":"https://fd9-photos.leclercdrive.fr/image.ashx?id=2870677&use=l&cat=p&typeid=i","cat":284608},{"id":176453,"n":"Jambon supérieur Tradilège 640g","p":8.19,"u":"12,80 €/KG","img":"https://fd9-photos.leclercdrive.fr/image.ashx?id=2943704&use=l&cat=p&typeid=i","cat":316009},{"id":176455,"n":"Allumettes nature Tradilège 1kg","p":8.75,"u":"8,75 €/KG","img":"https://fd9-photos.leclercdrive.fr/image.ashx?id=2709544&use=l&cat=p&typeid=i","cat":316011},{"id":176533,"n":"Allumettes fumées Tradilège 1kg","p":8.7,"u":"8,70 €/KG","img":"https://fd9-photos.leclercdrive.fr/image.ashx?id=2721385&use=l&cat=p&typeid=i","cat":316011},{"id":176580,"n":"Margarine ProActiv Expert Tartine Doux - 225g","p":2.38,"u":"10,58 €/KG","img":"https://fd9-photos.leclercdrive.fr/image.ashx?id=2352035&use=l&cat=p&typeid=i","cat":315229},{"id":176721,"n":"Croq' Extra Cheddar Le Gaulois - 200g","p":2.51,"u":"12,55 €/KG","img":"https://fd9-photos.leclercdrive.fr/image.ashx?id=2504626&use=l&cat=p&typeid=i","cat":333683},{"id":176846,"n":"Knacki Original Herta x6 - 210g","p":1.61,"u":"7,67 €/KG","img":"https://fd9-photos.leclercdrive.fr/image.ashx?id=2299070&use=l&cat=p&typeid=i","cat":316012},{"id":176847,"n":"Knacki Original Herta x10 - 350g","p":1.75,"u":"5,00 €/KG","img":"https://fd9-photos.leclercdrive.fr/image.ashx?id=2304111&use=l&cat=p&typeid=i","cat":316012},{"id":176990,"n":"Bonbon à sucer Ricola Citron melisse stévia - 50g","p":1.5,"u":"30,00 €/KG","img":"https://fd9-photos.leclercdrive.fr/image.ashx?id=2382207&use=l&cat=p&typeid=i","cat":304252},{"id":177003,"n":"Tiramisu au spéculoos Equador 2x100g","p":2.25,"u":"11,25 €/KG","img":"https://fd9-photos.leclercdrive.fr/image.ashx?id=2566691&use=l&cat=p&typeid=i","cat":284419},{"id":177216,"n":"Bière blanche sans alcool 1664 0,0° - 6x25cl","p":5.02,"u":"3,35 €/L","img":"https://fd9-photos.leclercdrive.fr/image.ashx?id=2907890&use=l&cat=p&typeid=i","cat":334877},{"id":177218,"n":"Lessive tri-doses couleurs Epsil - x20 capsules","p":4.89,"u":"0,24 €/P","img":"https://fd9-photos.leclercdrive.fr/image.ashx?id=2450113&use=l&cat=p&typeid=i","cat":284641},{"id":177276,"n":"La bûche de Chèvre Soignon Cendrée - 150g","p":2.38,"u":"15,87 €/KG","img":"https://fd9-photos.leclercdrive.fr/image.ashx?id=2995319&use=l&cat=p&typeid=i","cat":314031},{"id":177381,"n":"Bière blonde Ch'ti 6.8% vol. - 75cl","p":3.04,"u":"4,05 €/L","img":"https://fd9-photos.leclercdrive.fr/image.ashx?id=2840169&use=l&cat=p&typeid=i","cat":334852},{"id":177431,"n":"Sirop Carambar Caramel - 75cl","p":3.58,"u":"4,77 €/L","img":"https://fd9-photos.leclercdrive.fr/image.ashx?id=2388550&use=l&cat=p&typeid=i","cat":295020},{"id":177456,"n":"Délice sauce Vitakraft Viande Poisson - 12x85g","p":7.44,"u":"7,29 €/KG","img":"https://fd9-photos.leclercdrive.fr/image.ashx?id=2308174&use=l&cat=p&typeid=i","cat":285286},{"id":177457,"n":"Délice Gelée Chats Poésie Volaille - 12x85g","p":7.49,"u":"7,34 €/KG","img":"https://fd9-photos.leclercdrive.fr/image.ashx?id=2380655&use=l&cat=p&typeid=i","cat":285286},{"id":177644,"n":"Gnocchi à poêler Lustucru Extra Chèvre - 280g","p":2.6,"u":"9,29 €/KG","img":"https://fd9-photos.leclercdrive.fr/image.ashx?id=2915979&use=l&cat=p&typeid=i","cat":333682},{"id":177650,"n":"Jambon Le Fumé Fleury Michon Sans nitrite x4 - 140g","p":3.11,"u":"22,21 €/KG","img":"https://fd9-photos.leclercdrive.fr/image.ashx?id=2923948&use=l&cat=p&typeid=i","cat":316009},{"id":177653,"n":"Blanc de poulet Fleury Michon Doré au Four x4 - 160g","p":1.59,"u":"9,94 €/KG","img":"https://fd9-photos.leclercdrive.fr/image.ashx?id=3008386&use=l&cat=p&typeid=i","cat":316010},{"id":177670,"n":"Crème fraîche entière Yoplait 30%MG - 450g","p":2.01,"u":"4,47 €/KG","img":"https://fd9-photos.leclercdrive.fr/image.ashx?id=2811044&use=l&cat=p&typeid=i","cat":284381},{"id":177672,"n":"Crème fraîche entière Yoplait 30%MG - 190g","p":0.93,"u":"4,89 €/KG","img":"https://fd9-photos.leclercdrive.fr/image.ashx?id=2811041&use=l&cat=p&typeid=i","cat":284381},{"id":177676,"n":"Skyr Yoplait  Nature 0%MG - 8x100G","p":3.43,"u":"4,29 €/KG","img":"https://fd9-photos.leclercdrive.fr/image.ashx?id=2884450&use=l&cat=p&typeid=i","cat":315000},{"id":177677,"n":"Skyr Yoplait  Lit Fruits Rouges 0%MG - 8x100G","p":3.49,"u":"4,36 €/KG","img":"https://fd9-photos.leclercdrive.fr/image.ashx?id=2884453&use=l&cat=p&typeid=i","cat":315000},{"id":177709,"n":"Chou-fleur Florette 180g","p":1.99,"u":"11,06 €/KG","img":"https://fd9-photos.leclercdrive.fr/image.ashx?id=2786486&use=l&cat=p&typeid=i","cat":284352},{"id":177719,"n":"Soin contour des yeux Nivea Cellular Luminous - 15ml","p":16.1,"img":"https://fd9-photos.leclercdrive.fr/image.ashx?id=2839274&use=l&cat=p&typeid=i","cat":325345},{"id":177914,"n":"Yaourt à boire Actimel Vanille - 8x100g","p":3.42,"u":"4,28 €/KG","img":"https://fd9-photos.leclercdrive.fr/image.ashx?id=2939190&use=l&cat=p&typeid=i","cat":284415},{"id":178097,"n":"L'Ovale de Chèvre  Soignon - 160g","p":2.97,"u":"18,56 €/KG","img":"https://fd9-photos.leclercdrive.fr/image.ashx?id=2995328&use=l&cat=p&typeid=i","cat":314031},{"id":178110,"n":"Pizza Dr.Oetker Ristorante Thon - 355g","p":2.66,"u":"7,49 €/KG","img":"https://fd9-photos.leclercdrive.fr/image.ashx?id=2993056&use=l&cat=p&typeid=i","cat":284256},{"id":178111,"n":"Pizza Dr.Oetker Ristorante 4 fromages - 340g","p":2.47,"u":"7,26 €/KG","img":"https://fd9-photos.leclercdrive.fr/image.ashx?id=2993050&use=l&cat=p&typeid=i","cat":284256},{"id":178112,"n":"Pizza Dr.Oetker Ristorante Mozzarella - 335g","p":2.66,"u":"7,94 €/KG","img":"https://fd9-photos.leclercdrive.fr/image.ashx?id=2993062&use=l&cat=p&typeid=i","cat":284256},{"id":178113,"n":"Pizza Dr.Oetker Ristorante  Vegetale aux légumes - 385g","p":2.82,"u":"7,32 €/KG","img":"https://fd9-photos.leclercdrive.fr/image.ashx?id=2993068&use=l&cat=p&typeid=i","cat":284256},{"id":178144,"n":"Thé glacé MayTea Saveur Pêche - 1,2L","p":1.96,"u":"1,63 €/L","img":"https://fd9-photos.leclercdrive.fr/image.ashx?id=2648661&use=l&cat=p&typeid=i","cat":295019},{"id":178147,"n":"Céréales Trésor Kellogg's Chocolat noisettes - 620g","p":4.39,"u":"7,08 €/KG","img":"https://fd9-photos.leclercdrive.fr/image.ashx?id=2598331&use=l&cat=p&typeid=i","cat":309513},{"id":178163,"n":"Thé glacé MayTea Saveur Menthe - 1,2L","p":1.95,"u":"1,63 €/L","img":"https://fd9-photos.leclercdrive.fr/image.ashx?id=2648664&use=l&cat=p&typeid=i","cat":295019},{"id":178251,"n":"Brocoli Eco+ 400g","p":0.99,"u":"2,48 €/KG","img":"https://fd9-photos.leclercdrive.fr/image.ashx?id=2953398&use=l&cat=p&typeid=i","cat":284352},{"id":178253,"n":"Yaourt aux fruits Eco+ Panaché - 12x125g","p":2.47,"u":"1,65 €/KG","img":"https://fd9-photos.leclercdrive.fr/image.ashx?id=2849635&use=l&cat=p&typeid=i","cat":284410},{"id":178260,"n":"Truite fumée Eco+ 100g","p":2.33,"u":"23,30 €/KG","img":"https://fd9-photos.leclercdrive.fr/image.ashx?id=2973505&use=l&cat=p&typeid=i","cat":285188},{"id":178355,"n":"Hachis Parmentier Fleury Michon à l'Emmental - 300g","p":3.22,"u":"10,73 €/KG","img":"https://fd9-photos.leclercdrive.fr/image.ashx?id=3003248&use=l&cat=p&typeid=i","cat":333665},{"id":178358,"n":"Gratin d'Endives au jambon sans nitrite Fleury michon - 280g","p":3.72,"u":"13,29 €/KG","img":"https://fd9-photos.leclercdrive.fr/image.ashx?id=3003254&use=l&cat=p&typeid=i","cat":333665},{"id":178385,"n":"Margarine Proactive Tartine Doux - 450g","p":4.52,"u":"10,04 €/KG","img":"https://fd9-photos.leclercdrive.fr/image.ashx?id=2352032&use=l&cat=p&typeid=i","cat":315229},{"id":178566,"n":"Eau de Cologne Eco + Ambre 500ml","p":1.9,"u":"3,80 €/L","img":"https://fd9-photos.leclercdrive.fr/image.ashx?id=2999562&use=l&cat=p&typeid=i","cat":291525},{"id":178608,"n":"L'Onctueux Café Rians 2x94g","p":2.36,"u":"12,55 €/KG","img":"https://fd9-photos.leclercdrive.fr/image.ashx?id=2467207&use=l&cat=p&typeid=i","cat":285041},{"id":178625,"n":"Recharge gel douche Sanex Zéro% Tous types de peaux - 500ml","p":3.17,"u":"6,34 €/L","img":"https://fd9-photos.leclercdrive.fr/image.ashx?id=2859986&use=l&cat=p&typeid=i","cat":284594},{"id":178845,"n":"Tampons Tampax Compak  Avec applicateur - Super+ - x22","p":3.03,"u":"0,14 €/P","img":"https://fd9-photos.leclercdrive.fr/image.ashx?id=2850405&use=l&cat=p&typeid=i","cat":284626},{"id":178897,"n":"Bière rouge Kwak 8% - 75cl","p":4.83,"u":"6,44 €/L","img":"https://fd9-photos.leclercdrive.fr/image.ashx?id=2548318&use=l&cat=p&typeid=i","cat":334872},{"id":178899,"n":"Bière blonde Kwak 7,4% - 75cl","p":5.24,"u":"6,99 €/L","img":"https://fd9-photos.leclercdrive.fr/image.ashx?id=2548321&use=l&cat=p&typeid=i","cat":334872},{"id":178948,"n":"Gâteau Savane Brossard Tout chocolat pocket x7 210g","p":2.41,"u":"11,48 €/KG","img":"https://fd9-photos.leclercdrive.fr/image.ashx?id=2870728&use=l&cat=p&typeid=i","cat":294776},{"id":178949,"n":"Gâteau Savane Brossard Max Barr' Pocket x7 - 210g","p":2.32,"u":"11,05 €/KG","img":"https://fd9-photos.leclercdrive.fr/image.ashx?id=2870731&use=l&cat=p&typeid=i","cat":294776},{"id":178954,"n":"Mouchoirs Family Kleenex® Boîte x128","p":1.8,"u":"0,01 €/P","img":"https://fd9-photos.leclercdrive.fr/image.ashx?id=3009017&use=l&cat=p&typeid=i","cat":284638},{"id":178974,"n":"Mouchoirs Balsam Kleenex® Boîte x64","p":1.8,"u":"0,03 €/P","img":"https://fd9-photos.leclercdrive.fr/image.ashx?id=2853353&use=l&cat=p&typeid=i","cat":284638},{"id":179028,"n":"Gel douche Sanex zéro 0% Peaux normales - 725ml","p":4.63,"u":"6,39 €/L","img":"https://fd9-photos.leclercdrive.fr/image.ashx?id=2685540&use=l&cat=p&typeid=i","cat":284594},{"id":179031,"n":"Gel douche Sanex zéro 0% Peaux normales - 475ml","p":3.17,"u":"6,67 €/L","img":"https://fd9-photos.leclercdrive.fr/image.ashx?id=2648851&use=l&cat=p&typeid=i","cat":284594},{"id":179056,"n":"Dentifrice Signal Integral 8  Fraîcheur et détox -75ml","p":2.03,"u":"27,07 €/L","img":"https://fd9-photos.leclercdrive.fr/image.ashx?id=2960228&use=l&cat=p&typeid=i","cat":284612},{"id":179075,"n":"Smoothie Yellow True Fruits 75cl","p":4.94,"u":"6,59 €/L","img":"https://fd9-photos.leclercdrive.fr/image.ashx?id=2871082&use=l&cat=p&typeid=i","cat":285435},{"id":179076,"n":"Smoothie Pink True Fruits 75cl","p":4.75,"u":"6,33 €/L","img":"https://fd9-photos.leclercdrive.fr/image.ashx?id=2871085&use=l&cat=p&typeid=i","cat":285435},{"id":179087,"n":"Liquide Vaisselle Paic Citron - 750ml","p":1.7,"u":"2,27 €/L","img":"https://fd9-photos.leclercdrive.fr/image.ashx?id=2322835&use=l&cat=p&typeid=i","cat":284655},{"id":179088,"n":"Liquide Vaisselle Paic Citron Vert - 750ml","p":1.9,"u":"2,53 €/L","img":"https://fd9-photos.leclercdrive.fr/image.ashx?id=2322838&use=l&cat=p&typeid=i","cat":284655},{"id":179256,"n":"Jus Ocean Spray Classic  Cranberry - 1L","p":2.04,"u":"2,04 €/L","img":"https://fd9-photos.leclercdrive.fr/image.ashx?id=2324021&use=l&cat=p&typeid=i","cat":284915},{"id":179299,"n":"Lait bébé Candia Baby  croissance 3ème âge - 6x1L","p":11.11,"u":"1,85 €/L","img":"https://fd9-photos.leclercdrive.fr/image.ashx?id=2963349&use=l&cat=p&typeid=i","cat":284728},{"id":179326,"n":"Gel douche Sanex Zéro 0% Peaux sèches - 475ml","p":3.17,"u":"6,67 €/L","img":"https://fd9-photos.leclercdrive.fr/image.ashx?id=2692857&use=l&cat=p&typeid=i","cat":284594},{"id":179384,"n":"Pâte à tartiner Eco+ 750g - aux noissettes","p":2.47,"u":"3,29 €/KG","img":"https://fd9-photos.leclercdrive.fr/image.ashx?id=2841148&use=l&cat=p&typeid=i","cat":284481},{"id":179422,"n":"Spray désodorisant Airwick Neutralisateur Coton - 237ml","p":3.26,"u":"13,76 €/L","img":"https://fd9-photos.leclercdrive.fr/image.ashx?id=2792822&use=l&cat=p&typeid=i","cat":311626},{"id":179431,"n":"Brioche Pitch Chocolat x8 - 300g","p":1.81,"u":"6,03 €/KG","img":"https://fd9-photos.leclercdrive.fr/image.ashx?id=2452119&use=l&cat=p&typeid=i","cat":293505},{"id":179432,"n":"Brioches Pitch Fraise x8 - 300g","p":1.97,"u":"6,57 €/KG","img":"https://fd9-photos.leclercdrive.fr/image.ashx?id=2452116&use=l&cat=p&typeid=i","cat":293505},{"id":179433,"n":"Brioche Pitch Chocolat au lait x8 - 300g","p":2.14,"u":"7,13 €/KG","img":"https://fd9-photos.leclercdrive.fr/image.ashx?id=2452113&use=l&cat=p&typeid=i","cat":293505},{"id":179437,"n":"Brioches Pitch Pépites chocolat x8 - 300g","p":2.15,"u":"7,17 €/KG","img":"https://fd9-photos.leclercdrive.fr/image.ashx?id=2452107&use=l&cat=p&typeid=i","cat":293505},{"id":179440,"n":"Brioches Pitch  Choco barre lait x8 - 300g","p":2.32,"u":"7,73 €/KG","img":"https://fd9-photos.leclercdrive.fr/image.ashx?id=2454115&use=l&cat=p&typeid=i","cat":293505},{"id":179603,"n":"Bonbons Tic Tac  49g - Framboise myrtille","p":1.57,"u":"32,04 €/KG","img":"https://fd9-photos.leclercdrive.fr/image.ashx?id=2479492&use=l&cat=p&typeid=i","cat":304256},{"id":179645,"n":"Limonade double zest Lorina Bouteille - 1,25L","p":1.3,"u":"1,04 €/L","img":"https://fd9-photos.leclercdrive.fr/image.ashx?id=2723836&use=l&cat=p&typeid=i","cat":284531},{"id":179658,"n":"Capsules Café Carte Noire  Arabica Classique n°7 x10 - 55g","p":3.46,"u":"62,91 €/KG","img":"https://fd9-photos.leclercdrive.fr/image.ashx?id=2878387&use=l&cat=p&typeid=i","cat":284749},{"id":179661,"n":"Capsules Café Carte Noire  Arabica Lungo n°6 x10 - 56g","p":3.45,"u":"61,61 €/KG","img":"https://fd9-photos.leclercdrive.fr/image.ashx?id=2872967&use=l&cat=p&typeid=i","cat":284749},{"id":179662,"n":"Capsules Café Carte Noire  Arabica Intense n°9 x30 - 165g","p":9.22,"u":"55,88 €/KG","img":"https://fd9-photos.leclercdrive.fr/image.ashx?id=2877148&use=l&cat=p&typeid=i","cat":284749},{"id":179663,"n":"Capsules Café Carte Noire  Arabica Classique n7 x30 - 165g","p":9.15,"u":"55,45 €/KG","img":"https://fd9-photos.leclercdrive.fr/image.ashx?id=2878390&use=l&cat=p&typeid=i","cat":284749},{"id":179664,"n":"Capsules Café Carte Noire  Arabica Lungo n°6 x30 - 168g","p":9.21,"u":"54,82 €/KG","img":"https://fd9-photos.leclercdrive.fr/image.ashx?id=2873441&use=l&cat=p&typeid=i","cat":284749},{"id":179669,"n":"Liquide vaisselle Paic Citron - 1,5L","p":2.75,"u":"1,83 €/L","img":"https://fd9-photos.leclercdrive.fr/image.ashx?id=2328673&use=l&cat=p&typeid=i","cat":284655},{"id":179757,"n":"Compote Charles & Alices Pommes Mirabelles - 4x97g","p":1.68,"u":"4,33 €/KG","img":"https://fd9-photos.leclercdrive.fr/image.ashx?id=2757353&use=l&cat=p&typeid=i","cat":284416},{"id":179802,"n":"Risotto aux crevettes Delpierre Parmesan & Basilic - 500g","p":5.47,"u":"10,94 €/KG","img":"https://fd9-photos.leclercdrive.fr/image.ashx?id=2961942&use=l&cat=p&typeid=i","cat":285094},{"id":179834,"n":"Couscous falafels de pois chiches bio Hari&Co - 280g","p":4.37,"u":"15,61 €/KG","img":"https://fd9-photos.leclercdrive.fr/image.ashx?id=2842825&use=l&cat=p&typeid=i","cat":333673},{"id":179840,"n":"Dahl lentilles corail bio Hari&Co coco & épices - 280g","p":4.51,"u":"16,11 €/KG","img":"https://fd9-photos.leclercdrive.fr/image.ashx?id=2794601&use=l&cat=p&typeid=i","cat":333673},{"id":179858,"n":"Mini bâtonnets Trium  Rocher Coco x4 - 202g","p":3.22,"u":"15,94 €/KG","img":"https://fd9-photos.leclercdrive.fr/image.ashx?id=2376103&use=l&cat=p&typeid=i","cat":284265},{"id":179860,"n":"Glaces Kinder Bueno noisettes chocolat lait x4 248g","p":3.92,"u":"15,81 €/KG","img":"https://fd9-photos.leclercdrive.fr/image.ashx?id=2759068&use=l&cat=p&typeid=i","cat":284264},{"id":179897,"n":"Couronne de crevettes Delpierre MSC Sauce Asiatique - 130g","p":4.94,"u":"38,00 €/KG","img":"https://fd9-photos.leclercdrive.fr/image.ashx?id=2772017&use=l&cat=p&typeid=i","cat":284343},{"id":179973,"n":"Rosso  14,4% - 1L","p":3.47,"u":"3,47 €/L","img":"https://fd9-photos.leclercdrive.fr/image.ashx?id=2800228&use=l&cat=p&typeid=i","cat":284913},{"id":179974,"n":"Bianco 14,4% - 1L","p":3.5,"u":"3,50 €/L","img":"https://fd9-photos.leclercdrive.fr/image.ashx?id=2800231&use=l&cat=p&typeid=i","cat":284913},{"id":180029,"n":"Sucre gélifiant Daddy  spécial gelée - 1kg","p":2.95,"u":"2,95 €/KG","img":"https://fd9-photos.leclercdrive.fr/image.ashx?id=2975861&use=l&cat=p&typeid=i","cat":284502},{"id":180041,"n":"Chips Tuiles Pringles Paprika - 175g","p":1.77,"u":"10,11 €/KG","img":"https://fd9-photos.leclercdrive.fr/image.ashx?id=2902301&use=l&cat=p&typeid=i","cat":287899},{"id":180079,"n":"Biscuits chocolats Kinder Duo Chocolat blanc et lait - 150g","p":2.03,"u":"13,53 €/KG","img":"https://fd9-photos.leclercdrive.fr/image.ashx?id=2959127&use=l&cat=p&typeid=i","cat":284488},{"id":180155,"n":"Chewing-gum Freedent White Fraise 5x10 dragées - 70g","p":2.97,"u":"42,43 €/KG","img":"https://fd9-photos.leclercdrive.fr/image.ashx?id=2330359&use=l&cat=p&typeid=i","cat":304251},{"id":180180,"n":"Ramen Tanoshi saveur boeuf nouilles japonaises - 360g","p":3.02,"u":"8,39 €/KG","img":"https://fd9-photos.leclercdrive.fr/image.ashx?id=2922974&use=l&cat=p&typeid=i","cat":288992},{"id":180191,"n":"Sucre gélifiant Béghin Say spécial gelée - 1kg","p":2.34,"u":"2,34 €/KG","img":"https://fd9-photos.leclercdrive.fr/image.ashx?id=2653441&use=l&cat=p&typeid=i","cat":284502},{"id":180193,"n":"Soupe déshydratée Knorr Cèpes  champignons  - 75cl","p":1.89,"u":"20,77 €/KG","img":"https://fd9-photos.leclercdrive.fr/image.ashx?id=2790318&use=l&cat=p&typeid=i","cat":284463},{"id":180201,"n":"Thé Earl Grey Twinings 50 sachets - 100g","p":4.02,"u":"40,20 €/KG","img":"https://fd9-photos.leclercdrive.fr/image.ashx?id=2893018&use=l&cat=p&typeid=i","cat":293233},{"id":180240,"n":"Sucre roux de canne  Blonvilliers - 750g","p":2.84,"u":"3,79 €/KG","img":"https://fd9-photos.leclercdrive.fr/image.ashx?id=2460092&use=l&cat=p&typeid=i","cat":284502},{"id":180247,"n":"Double concentré de tomates  Eco+ - 440g","p":1.31,"u":"2,98 €/KG","img":"https://fd9-photos.leclercdrive.fr/image.ashx?id=2669648&use=l&cat=p&typeid=i","cat":288384},{"id":180302,"n":"Biscuits Palmier St Michel  au beurre - 87g","p":1.2,"u":"13,79 €/KG","img":"https://fd9-photos.leclercdrive.fr/image.ashx?id=2555379&use=l&cat=p&typeid=i","cat":284487},{"id":180305,"n":"Pâté de foie Eco+ x3 - 234g","p":1.33,"u":"5,68 €/KG","img":"https://fd9-photos.leclercdrive.fr/image.ashx?id=2852940&use=l&cat=p&typeid=i","cat":305149},{"id":180308,"n":"Spray Freeze Raid Essentials Anti Fourmis et Cafards - 350ml","p":3.97,"u":"11,34 €/L","img":"https://fd9-photos.leclercdrive.fr/image.ashx?id=2331020&use=l&cat=p&typeid=i","cat":298368},{"id":180311,"n":"Double concentré de tomates  Eco+ - 200g","p":1.22,"u":"6,10 €/KG","img":"https://fd9-photos.leclercdrive.fr/image.ashx?id=3012376&use=l&cat=p&typeid=i","cat":288384},{"id":180313,"n":"Bouchées pour chat Eco+ Truite saumon et légumes - 410g","p":0.65,"u":"1,59 €/KG","img":"https://fd9-photos.leclercdrive.fr/image.ashx?id=2330897&use=l&cat=p&typeid=i","cat":285601},{"id":180327,"n":"Pâtée pour chats Eco+ poisson et à la carotte - 410g","p":0.7,"u":"1,71 €/KG","img":"https://fd9-photos.leclercdrive.fr/image.ashx?id=2794175&use=l&cat=p&typeid=i","cat":285601},{"id":180333,"n":"Grignot' cacahuètes Tokapi - 140g","p":0.99,"u":"7,07 €/KG","img":"https://fd9-photos.leclercdrive.fr/image.ashx?id=2331066&use=l&cat=p&typeid=i","cat":284449},{"id":180344,"n":"Fromage enfant Mini Babybel 6 portions goûter - 132g","p":2.31,"u":"17,50 €/KG","img":"https://fd9-photos.leclercdrive.fr/image.ashx?id=2970822&use=l&cat=p&typeid=i","cat":314030},{"id":180345,"n":"Fromage enfant Mini Babybel 12 portions goûter - 264g","p":4.32,"u":"16,36 €/KG","img":"https://fd9-photos.leclercdrive.fr/image.ashx?id=2970825&use=l&cat=p&typeid=i","cat":314030},{"id":180397,"n":"Barres Chocolatées KINDER BUENO  Chocolat au Lait x3 - 129g","p":2.23,"u":"17,29 €/KG","img":"https://fd9-photos.leclercdrive.fr/image.ashx?id=2762295&use=l&cat=p&typeid=i","cat":284498},{"id":180410,"n":"Savane Brossard Pocket max pépites chocolat x7 - 210g","p":2.55,"u":"12,14 €/KG","img":"https://fd9-photos.leclercdrive.fr/image.ashx?id=2870734&use=l&cat=p&typeid=i","cat":294776},{"id":180443,"n":"Isey Skyr Noix de coco - 400g","p":2.89,"u":"7,23 €/KG","img":"https://fd9-photos.leclercdrive.fr/image.ashx?id=2598615&use=l&cat=p&typeid=i","cat":315000},{"id":180453,"n":"Thé glacé Fuze Tea  Pêche Intense - 6x33cl","p":3.78,"u":"1,91 €/L","img":"https://fd9-photos.leclercdrive.fr/image.ashx?id=2940405&use=l&cat=p&typeid=i","cat":295019},{"id":180458,"n":"Amandes en poudre Vahiné 125g","p":2.97,"u":"23,76 €/KG","img":"https://fd9-photos.leclercdrive.fr/image.ashx?id=2785934&use=l&cat=p&typeid=i","cat":284504},{"id":180498,"n":"Chips ancienne nature Lay's Sel - 155g","p":1.3,"u":"8,39 €/KG","img":"https://fd9-photos.leclercdrive.fr/image.ashx?id=2996596&use=l&cat=p&typeid=i","cat":284447},{"id":180550,"n":"Serviettes hygiéniques Nana Ultra - Spécial Nuit - x10","p":1.98,"u":"0,20 €/P","img":"https://fd9-photos.leclercdrive.fr/image.ashx?id=2944990&use=l&cat=p&typeid=i","cat":284624},{"id":180761,"n":"Croissant au Jambon  Qualité Traiteur - 6x130g","p":12.55,"u":"16,09 €/KG","img":"https://fd9-photos.leclercdrive.fr/image.ashx?id=2793569&use=l&cat=p&typeid=i","cat":333671},{"id":180762,"n":"Jambon persillé de Bourgogne Tranché La Bresse - 200g","p":3.42,"u":"17,10 €/KG","img":"https://fd9-photos.leclercdrive.fr/image.ashx?id=2352543&use=l&cat=p&typeid=i","cat":316009},{"id":180800,"n":"Lait Corps Le Petit Marseillais  Bio miel argan - 250ml","p":4.94,"u":"19,76 €/L","img":"https://fd9-photos.leclercdrive.fr/image.ashx?id=2904856&use=l&cat=p&typeid=i","cat":325349},{"id":180803,"n":"Lait Corps Le Petit Marseillais  Bio amande douce - 250ml","p":7.2,"u":"28,80 €/L","img":"https://fd9-photos.leclercdrive.fr/image.ashx?id=2339751&use=l&cat=p&typeid=i","cat":null},{"id":181742,"n":"Lait Corps Le Petit Marseillais  Bio fleur d'oranger - 250ml","p":4.51,"u":"18,04 €/L","img":"https://fd9-photos.leclercdrive.fr/image.ashx?id=2341591&use=l&cat=p&typeid=i","cat":null},{"id":182071,"n":"Croquettes chien Ultima Mini Adulte poulet - 1.35kg","p":5.55,"u":"4,11 €/KG","img":"https://fd9-photos.leclercdrive.fr/image.ashx?id=2926645&use=l&cat=p&typeid=i","cat":294526},{"id":182098,"n":"Panés Mozzarella Grand Fermage 100g","p":2.18,"u":"21,80 €/KG","img":"https://fd9-photos.leclercdrive.fr/image.ashx?id=2645209&use=l&cat=p&typeid=i","cat":314027},{"id":182132,"n":"Parmesan Râpé Giovanni Ferrari  22 mois AOP - 140g","p":3.79,"u":"27,07 €/KG","img":"https://fd9-photos.leclercdrive.fr/image.ashx?id=3002300&use=l&cat=p&typeid=i","cat":314035},{"id":182137,"n":"Cheddar Bristish Heritage AOP  Extra Mature Bloc - 200g","p":3.83,"u":"19,15 €/KG","img":"https://fd9-photos.leclercdrive.fr/image.ashx?id=2766535&use=l&cat=p&typeid=i","cat":314034},{"id":182179,"n":"Boisson aux fruits Oasis Tropical - 1,5L","p":2.04,"u":"1,36 €/L","img":"https://fd9-photos.leclercdrive.fr/image.ashx?id=2666698&use=l&cat=p&typeid=i","cat":295018},{"id":182218,"n":"Chips paysanne nature Lay's Sel - 155g","p":1.23,"u":"7,94 €/KG","img":"https://fd9-photos.leclercdrive.fr/image.ashx?id=2818602&use=l&cat=p&typeid=i","cat":284447},{"id":182260,"n":"Chips paysanne nature Lay's Sel format familial - 295g","p":2.26,"u":"7,66 €/KG","img":"https://fd9-photos.leclercdrive.fr/image.ashx?id=2848716&use=l&cat=p&typeid=i","cat":284447},{"id":182266,"n":"Shampooing sec Batiste Original - 200ml","p":3.4,"u":"17,00 €/L","img":"https://fd9-photos.leclercdrive.fr/image.ashx?id=2344046&use=l&cat=p&typeid=i","cat":289143},{"id":182267,"n":"Shampooing sec Batiste Blush - 200ml","p":3.4,"u":"17,00 €/L","img":"https://fd9-photos.leclercdrive.fr/image.ashx?id=2630454&use=l&cat=p&typeid=i","cat":289143},{"id":182340,"n":"Lait en poudre Guigoz Optipro 2ème âge - 6-12 mois - 830g","p":15.39,"u":"18,54 €/KG","img":"https://fd9-photos.leclercdrive.fr/image.ashx?id=2737747&use=l&cat=p&typeid=i","cat":284727},{"id":182342,"n":"Lait bébé en poudre Guigoz Gest 2ème âge - 6-12 mois - 830g","p":17.75,"u":"21,39 €/KG","img":"https://fd9-photos.leclercdrive.fr/image.ashx?id=2469478&use=l&cat=p&typeid=i","cat":284727},{"id":182346,"n":"Margarine Fruit d'Or Oméga 3&6 Doux -  900g","p":5.79,"u":"6,43 €/KG","img":"https://fd9-photos.leclercdrive.fr/image.ashx?id=2885441&use=l&cat=p&typeid=i","cat":315229},{"id":182373,"n":"Skyr Siggi's  Mangue Passion - 2x140g","p":2.19,"u":"7,82 €/KG","img":"https://fd9-photos.leclercdrive.fr/image.ashx?id=2792027&use=l&cat=p&typeid=i","cat":315000},{"id":182460,"n":"Pâtes de semoule Rigatoni N°24 - 500g","p":1.4,"u":"2,80 €/KG","img":"https://fd9-photos.leclercdrive.fr/image.ashx?id=2348186&use=l&cat=p&typeid=i","cat":284427},{"id":182465,"n":"Bière sans alcool Tourtel Twist Ananas 0,0° - 6x27,5cl","p":4.74,"u":"2,87 €/L","img":"https://fd9-photos.leclercdrive.fr/image.ashx?id=2684925&use=l&cat=p&typeid=i","cat":334877},{"id":182480,"n":"Lait bébé en poudre Guigoz Gest 1er âge - 0-6 mois - 830g","p":18.43,"u":"22,20 €/KG","img":"https://fd9-photos.leclercdrive.fr/image.ashx?id=2895047&use=l&cat=p&typeid=i","cat":284726},{"id":182799,"n":"Cumin Moulu Ducros 40g","p":2.42,"u":"60,50 €/KG","img":"https://fd9-photos.leclercdrive.fr/image.ashx?id=2983222&use=l&cat=p&typeid=i","cat":298297},{"id":182808,"n":"Croquettes chiens Ultima Mini Senior Agevital - 1.35kg","p":5.55,"u":"4,11 €/KG","img":"https://fd9-photos.leclercdrive.fr/image.ashx?id=2921918&use=l&cat=p&typeid=i","cat":294526},{"id":182887,"n":"Fromage à tartiner Boursin Ail & fines herbes - 150g","p":2.16,"u":"14,40 €/KG","img":"https://fd9-photos.leclercdrive.fr/image.ashx?id=2964449&use=l&cat=p&typeid=i","cat":314029},{"id":182888,"n":"Lait bébé poudre Guigoz Optipro 1er âge - 0-6mois - 830g","p":14.71,"u":"17,72 €/KG","img":"https://fd9-photos.leclercdrive.fr/image.ashx?id=2806423&use=l&cat=p&typeid=i","cat":284726},{"id":182910,"n":"Curry thai bio Céréal Bio  Lentilles repas express - 240g","p":2.49,"u":"10,38 €/KG","img":"https://fd9-photos.leclercdrive.fr/image.ashx?id=2664079&use=l&cat=p&typeid=i","cat":287600},{"id":182912,"n":"Yakisoba Céréal Bio   Bio légumes repas express 240g","p":2.91,"u":"12,13 €/KG","img":"https://fd9-photos.leclercdrive.fr/image.ashx?id=2665628&use=l&cat=p&typeid=i","cat":287600},{"id":182921,"n":"Pâtes Al Bronzo Barilla Fusilloni - 400g","p":1.71,"u":"4,28 €/KG","img":"https://fd9-photos.leclercdrive.fr/image.ashx?id=2413849&use=l&cat=p&typeid=i","cat":284427},{"id":182925,"n":"Pâtes Collezione Barilla Bucatini Grandi -  500g","p":2.07,"u":"4,14 €/KG","img":"https://fd9-photos.leclercdrive.fr/image.ashx?id=2726521&use=l&cat=p&typeid=i","cat":284427},{"id":182933,"n":"Sac poubelle Alfapac  Lien élastique 30L X15","p":3.58,"u":"0,24 €/P","img":"https://fd9-photos.leclercdrive.fr/image.ashx?id=2589314&use=l&cat=p&typeid=i","cat":285168},{"id":182938,"n":"Sauce crudités Caesar Amora 380ml","p":2.9,"u":"7,63 €/L","img":"https://fd9-photos.leclercdrive.fr/image.ashx?id=2655223&use=l&cat=p&typeid=i","cat":284456},{"id":182939,"n":"Chips Tuiles Pringles Barbecue - 175g","p":2.17,"u":"12,40 €/KG","img":"https://fd9-photos.leclercdrive.fr/image.ashx?id=2662502&use=l&cat=p&typeid=i","cat":287899},{"id":183034,"n":"Mousse au chocolat Marie Morin Noir intense - 2x100g","p":4.79,"u":"23,95 €/KG","img":"https://fd9-photos.leclercdrive.fr/image.ashx?id=2631723&use=l&cat=p&typeid=i","cat":284417},{"id":183049,"n":"Masque Tissu Skinactive Garnier Booster d'éclat Vitamine C","p":2.18,"img":"https://fd9-photos.leclercdrive.fr/image.ashx?id=2849100&use=l&cat=p&typeid=i","cat":325346},{"id":183104,"n":"Nutella Biscuit pâte à tartiner Cacao Noisettes - 207g","p":2.51,"u":"12,13 €/KG","img":"https://fd9-photos.leclercdrive.fr/image.ashx?id=2834035&use=l&cat=p&typeid=i","cat":284488},{"id":183105,"n":"Eau gazeuse San Pellegrino Essenza citron - 6x33cL","p":3.76,"u":"1,90 €/L","img":"https://fd9-photos.leclercdrive.fr/image.ashx?id=2864203&use=l&cat=p&typeid=i","cat":284536},{"id":183106,"n":"Eau gazeuse San Pellegrino Essenza sanguine - 6x33cl","p":3.67,"u":"1,85 €/L","img":"https://fd9-photos.leclercdrive.fr/image.ashx?id=2852010&use=l&cat=p&typeid=i","cat":284536},{"id":183107,"n":"Eau gazeuse San Pellegrino Essenza Pêche melon - 6x33cl","p":3.15,"u":"1,59 €/L","img":"https://fd9-photos.leclercdrive.fr/image.ashx?id=2997292&use=l&cat=p&typeid=i","cat":284536},{"id":183117,"n":"Boisson Citronnade Pulco Saveur Citron et Framboise - 1L","p":1.97,"u":"1,97 €/L","img":"https://fd9-photos.leclercdrive.fr/image.ashx?id=2942266&use=l&cat=p&typeid=i","cat":295018},{"id":183128,"n":"Epinards hachés à la crème  Findus légume - 500g","p":2.33,"u":"4,66 €/KG","img":"https://fd9-photos.leclercdrive.fr/image.ashx?id=3008767&use=l&cat=p&typeid=i","cat":319805},{"id":183175,"n":"Isey Skyr Framboise Myrtille - 400g","p":2.87,"u":"7,18 €/KG","img":"https://fd9-photos.leclercdrive.fr/image.ashx?id=2598612&use=l&cat=p&typeid=i","cat":315000},{"id":183186,"n":"Isey Skyr Chocolat blanc/Fraise - 400 g","p":2.94,"u":"7,35 €/KG","img":"https://fd9-photos.leclercdrive.fr/image.ashx?id=2354144&use=l&cat=p&typeid=i","cat":315000},{"id":183260,"n":"Crème corps hydratant Superfood Peaux très sèches - 380ml","p":5.69,"u":"14,97 €/L","img":"https://fd9-photos.leclercdrive.fr/image.ashx?id=2360812&use=l&cat=p&typeid=i","cat":325350},{"id":183262,"n":"Sérum Éclat Vitamine C Garnier Anti-taches - 30ml","p":8.78,"u":"292,67 €/L","img":"https://fd9-photos.leclercdrive.fr/image.ashx?id=2908180&use=l&cat=p&typeid=i","cat":325345},{"id":183496,"n":"Brocolis fleurette Notre Jardin 900g","p":1.99,"u":"2,21 €/KG","img":"https://fd9-photos.leclercdrive.fr/image.ashx?id=2873162&use=l&cat=p&typeid=i","cat":319805},{"id":183512,"n":"Crème hydratante La Provençale Bio - 50ml","p":8.48,"u":"169,60 €/L","img":"https://fd9-photos.leclercdrive.fr/image.ashx?id=2357356&use=l&cat=p&typeid=i","cat":null},{"id":183840,"n":"Curcuma moulu Ducros 45g","p":1.97,"u":"43,78 €/KG","img":"https://fd9-photos.leclercdrive.fr/image.ashx?id=2486644&use=l&cat=p&typeid=i","cat":298297},{"id":183854,"n":"Déodorant Rexona Men anti transpirant Cobalt Dry - 200ml","p":3.6,"u":"18,00 €/L","img":"https://fd9-photos.leclercdrive.fr/image.ashx?id=2858711&use=l&cat=p&typeid=i","cat":284618},{"id":183866,"n":"Dentifrice blancheur Colgate Max white one - 75ml","p":1.95,"u":"26,00 €/L","img":"https://fd9-photos.leclercdrive.fr/image.ashx?id=2767255&use=l&cat=p&typeid=i","cat":284612},{"id":183877,"n":"Désodorisant diffuseur Airwick  Electrique Vanille - 19ml","p":3.6,"u":"189,47 €/L","img":"https://fd9-photos.leclercdrive.fr/image.ashx?id=2768237&use=l&cat=p&typeid=i","cat":311629},{"id":183907,"n":"Dentifrice blancheur Colgate Max white optic - 75ml","p":2.38,"u":"31,73 €/L","img":"https://fd9-photos.leclercdrive.fr/image.ashx?id=2738395&use=l&cat=p&typeid=i","cat":284612},{"id":184005,"n":"Gel Douche Le Petit Marseillais  Fleur d'oranger - 650ml","p":3.26,"u":"5,02 €/L","img":"https://fd9-photos.leclercdrive.fr/image.ashx?id=2684533&use=l&cat=p&typeid=i","cat":284594},{"id":184009,"n":"Gel WC Canard Forêt Aquatique - 750ml","p":2.29,"u":"3,05 €/L","img":"https://fd9-photos.leclercdrive.fr/image.ashx?id=2746313&use=l&cat=p&typeid=i","cat":284662},{"id":184096,"n":"Barre de céréales Trésor Stix Chocolat noisettes - 5x20,5g","p":2.52,"u":"24,71 €/KG","img":"https://fd9-photos.leclercdrive.fr/image.ashx?id=2358647&use=l&cat=p&typeid=i","cat":284488},{"id":184141,"n":"Desserts Lactés P'TIT BRASSE Mangue 6M+ - 4x90g","p":2.09,"u":"5,81 €/KG","img":"https://fd9-photos.leclercdrive.fr/image.ashx?id=2594226&use=l&cat=p&typeid=i","cat":312392},{"id":184142,"n":"Desserts Lactés P'TIT BRASSE Fruits rouges 6M+ - 4x90g","p":2.14,"u":"5,94 €/KG","img":"https://fd9-photos.leclercdrive.fr/image.ashx?id=2599943&use=l&cat=p&typeid=i","cat":312392},{"id":184143,"n":"Desserts Lactés P'TIT BRASSE Fraise banane 6M+ - 4x90g","p":2.03,"u":"5,64 €/KG","img":"https://fd9-photos.leclercdrive.fr/image.ashx?id=2594229&use=l&cat=p&typeid=i","cat":312392},{"id":184148,"n":"Biscuits croquants Délichoc Chocolat au lait - 150g","p":1.91,"u":"12,73 €/KG","img":"https://fd9-photos.leclercdrive.fr/image.ashx?id=2867365&use=l&cat=p&typeid=i","cat":284488},{"id":184208,"n":"Echalote Ducros  1ère Saveur - 10g","p":2.91,"u":"291,00 €/KG","img":"https://fd9-photos.leclercdrive.fr/image.ashx?id=2490506&use=l&cat=p&typeid=i","cat":298297},{"id":184308,"n":"Côtes de porc échine L'Atelier Boucherie x4 - 680g","p":5.14,"u":"7,56 €/KG","img":"https://fd9-photos.leclercdrive.fr/image.ashx?id=2930555&use=l&cat=p&typeid=i","cat":284331},{"id":184310,"n":"Entrecôte de boeuf*** L'Atelier Boucherie x1 - 200g","p":6.09,"u":"30,45 €/KG","img":"https://fd9-photos.leclercdrive.fr/image.ashx?id=2913781&use=l&cat=p&typeid=i","cat":284328},{"id":184312,"n":"Faux-filet de boeuf*** L'Atelier Boucherie x1 - 180g","p":5.12,"u":"28,44 €/KG","img":"https://fd9-photos.leclercdrive.fr/image.ashx?id=2913784&use=l&cat=p&typeid=i","cat":284328},{"id":184315,"n":"Steak de boeuf** L'Atelier Boucherie x2 - 260g","p":5.39,"u":"20,73 €/KG","img":"https://fd9-photos.leclercdrive.fr/image.ashx?id=2930582&use=l&cat=p&typeid=i","cat":284328},{"id":184317,"n":"Rumsteck en tournedos*** L'Atelier Boucherie x2 - 280g","p":7.19,"u":"25,68 €/KG","img":"https://fd9-photos.leclercdrive.fr/image.ashx?id=2930588&use=l&cat=p&typeid=i","cat":284328},{"id":184353,"n":"Soda Coca-Cola Vanille Canette - Pack 6x33CL","p":4.69,"u":"2,37 €/L","img":"https://fd9-photos.leclercdrive.fr/image.ashx?id=2997238&use=l&cat=p&typeid=i","cat":284530},{"id":184354,"n":"Boisson energisante Monster juiced Monarch 50cl","p":1.63,"u":"3,26 €/L","img":"https://fd9-photos.leclercdrive.fr/image.ashx?id=2759041&use=l&cat=p&typeid=i","cat":284533},{"id":184355,"n":"Boisson énergisante Red Bull  Goût Fruit du Dragon, 250ml","p":1.23,"u":"4,92 €/L","img":"https://fd9-photos.leclercdrive.fr/image.ashx?id=3011992&use=l&cat=p&typeid=i","cat":284533},{"id":184393,"n":"Gousses de vanille Vahiné En poudre sucrées - 8g","p":2.88,"u":"360,00 €/KG","img":"https://fd9-photos.leclercdrive.fr/image.ashx?id=2490587&use=l&cat=p&typeid=i","cat":284504},{"id":184396,"n":"Vanille en poudre Vahiné - 5g","p":5.55,"img":"https://fd9-photos.leclercdrive.fr/image.ashx?id=2559856&use=l&cat=p&typeid=i","cat":284504},{"id":184426,"n":"Bière Desperados Virgin fresh berries - 00%vol - 3x33cl","p":3.91,"u":"3,95 €/L","img":"https://fd9-photos.leclercdrive.fr/image.ashx?id=2935927&use=l&cat=p&typeid=i","cat":334877},{"id":184427,"n":"Thé glacé Oasis Ice Tea Saveur Pêche - 1,5L","p":1.81,"u":"1,21 €/L","img":"https://fd9-photos.leclercdrive.fr/image.ashx?id=2688836&use=l&cat=p&typeid=i","cat":295019},{"id":184540,"n":"Fromage Fouetté Nature à tartiner Les Croisés - 150g","p":1.41,"u":"9,40 €/KG","img":"https://fd9-photos.leclercdrive.fr/image.ashx?id=2662634&use=l&cat=p&typeid=i","cat":314029},{"id":184553,"n":"Blocs WC Syphon fraîcheur marine x2 - 110g","p":2.0,"u":"18,18 €/KG","img":"https://fd9-photos.leclercdrive.fr/image.ashx?id=2670359&use=l&cat=p&typeid=i","cat":284662},{"id":184561,"n":"Glaces Kinder Bueno x4 noisettes chocolat blanc - 248g","p":3.99,"u":"16,09 €/KG","img":"https://fd9-photos.leclercdrive.fr/image.ashx?id=2759071&use=l&cat=p&typeid=i","cat":284264},{"id":184571,"n":"Sauce barbecue Amora 285g","p":1.74,"u":"6,11 €/KG","img":"https://fd9-photos.leclercdrive.fr/image.ashx?id=3004447&use=l&cat=p&typeid=i","cat":318431},{"id":184828,"n":"Persillade Ducros Première saveur 19g","p":3.41,"u":"179,47 €/KG","img":"https://fd9-photos.leclercdrive.fr/image.ashx?id=2559502&use=l&cat=p&typeid=i","cat":298297},{"id":184829,"n":"Fines herbes Ducros Première saveur - 16g","p":3.01,"u":"188,13 €/KG","img":"https://fd9-photos.leclercdrive.fr/image.ashx?id=2486626&use=l&cat=p&typeid=i","cat":298297},{"id":184830,"n":"Persillade provençale Ducros Première saveur 19g","p":3.4,"u":"178,95 €/KG","img":"https://fd9-photos.leclercdrive.fr/image.ashx?id=2486629&use=l&cat=p&typeid=i","cat":298297},{"id":184831,"n":"Ail semoule Ducros 140g","p":2.26,"u":"16,14 €/KG","img":"https://fd9-photos.leclercdrive.fr/image.ashx?id=2559511&use=l&cat=p&typeid=i","cat":298297},{"id":184832,"n":"Noix de Muscade Ducros Moulue 42g","p":2.19,"u":"52,14 €/KG","img":"https://fd9-photos.leclercdrive.fr/image.ashx?id=2983219&use=l&cat=p&typeid=i","cat":298297},{"id":184834,"n":"Macédoine fruits confits Vahiné 150g","p":2.77,"u":"18,47 €/KG","img":"https://fd9-photos.leclercdrive.fr/image.ashx?id=2490569&use=l&cat=p&typeid=i","cat":284504},{"id":184835,"n":"Ecorces oranges confites Vahiné 100g","p":2.87,"u":"28,70 €/KG","img":"https://fd9-photos.leclercdrive.fr/image.ashx?id=2490572&use=l&cat=p&typeid=i","cat":284504},{"id":184917,"n":"Saucisses cocktail Madrange Classique x30 - 225g","p":2.82,"u":"12,53 €/KG","img":"https://fd9-photos.leclercdrive.fr/image.ashx?id=2941562&use=l&cat=p&typeid=i","cat":316012},{"id":184934,"n":"Eau minérale gazeuse Quézac 1,15L","p":0.48,"u":"0,42 €/L","img":"https://fd9-photos.leclercdrive.fr/image.ashx?id=2884612&use=l&cat=p&typeid=i","cat":284536},{"id":184987,"n":"Truite fumée des Pyrénées Pêcheries Basques - 110g","p":4.74,"u":"43,09 €/KG","img":"https://fd9-photos.leclercdrive.fr/image.ashx?id=2372778&use=l&cat=p&typeid=i","cat":285188},{"id":184996,"n":"Infusion verveine Elephant Menthe, bio - x20","p":2.04,"u":"78,46 €/KG","img":"https://fd9-photos.leclercdrive.fr/image.ashx?id=2507578&use=l&cat=p&typeid=i","cat":293234},{"id":184997,"n":"Infusion bio Elephant Detox - x20","p":1.85,"u":"54,41 €/KG","img":"https://fd9-photos.leclercdrive.fr/image.ashx?id=2507566&use=l&cat=p&typeid=i","cat":293234},{"id":184998,"n":"Infusion Bio Elephant Gingembre Citron - 20 Sachets","p":1.85,"u":"54,41 €/KG","img":"https://fd9-photos.leclercdrive.fr/image.ashx?id=2507575&use=l&cat=p&typeid=i","cat":293234},{"id":184999,"n":"Infusion bio Elephant Relax - x20","p":2.26,"u":"86,92 €/KG","img":"https://fd9-photos.leclercdrive.fr/image.ashx?id=2507572&use=l&cat=p&typeid=i","cat":293234},{"id":185000,"n":"Infusion Bio Eléphant Menthe Thym - x20 sachets","p":2.23,"u":"85,77 €/KG","img":"https://fd9-photos.leclercdrive.fr/image.ashx?id=2507563&use=l&cat=p&typeid=i","cat":293234},{"id":185003,"n":"Infusion Eléphant Douce Nuit x20- 32g","p":2.2,"u":"68,75 €/KG","img":"https://fd9-photos.leclercdrive.fr/image.ashx?id=2507569&use=l&cat=p&typeid=i","cat":293234},{"id":185004,"n":"Infusion Bio Elephant Verveine - x20 sachets","p":2.52,"u":"96,92 €/KG","img":"https://fd9-photos.leclercdrive.fr/image.ashx?id=2520755&use=l&cat=p&typeid=i","cat":293234},{"id":185165,"n":"Skyr Yoplait  Coco 1%Mg - 4x100g","p":2.13,"u":"5,33 €/KG","img":"https://fd9-photos.leclercdrive.fr/image.ashx?id=2884459&use=l&cat=p&typeid=i","cat":315000},{"id":185166,"n":"Skyr Yoplait  Vanille 0%MG - 4x100G","p":2.27,"u":"5,68 €/KG","img":"https://fd9-photos.leclercdrive.fr/image.ashx?id=2884456&use=l&cat=p&typeid=i","cat":315000},{"id":185274,"n":"Chips Tuiles Pringles Bacon - 175g","p":2.55,"u":"14,57 €/KG","img":"https://fd9-photos.leclercdrive.fr/image.ashx?id=2661754&use=l&cat=p&typeid=i","cat":287899},{"id":185288,"n":"Crème fouettée Président Extra  Vanille Bourbon - 250g","p":3.71,"u":"14,84 €/KG","img":"https://fd9-photos.leclercdrive.fr/image.ashx?id=2799374&use=l&cat=p&typeid=i","cat":284382},{"id":185443,"n":"Thé vert citron Yate x25 - 37,5g","p":0.79,"u":"20,79 €/KG","img":"https://fd9-photos.leclercdrive.fr/image.ashx?id=2646008&use=l&cat=p&typeid=i","cat":293233},{"id":185459,"n":"Crème dessert La Laitière  Frais Fondant chocolat - 4x115g","p":2.11,"u":"4,59 €/KG","img":"https://fd9-photos.leclercdrive.fr/image.ashx?id=2904062&use=l&cat=p&typeid=i","cat":285041},{"id":185460,"n":"Crème dessert La Laitière  Frais Fondant vanille - 4x115g","p":2.11,"u":"4,59 €/KG","img":"https://fd9-photos.leclercdrive.fr/image.ashx?id=2674548&use=l&cat=p&typeid=i","cat":285041},{"id":185461,"n":"Crème dessert La Laitière  Frais Fondant caramel - 4x115g","p":2.11,"u":"4,59 €/KG","img":"https://fd9-photos.leclercdrive.fr/image.ashx?id=2742794&use=l&cat=p&typeid=i","cat":285041},{"id":185567,"n":"Liniment oléo-calcaire Biolane  700 ml","p":7.01,"u":"10,01 €/L","img":"https://fd9-photos.leclercdrive.fr/image.ashx?id=2586864&use=l&cat=p&typeid=i","cat":284741},{"id":185568,"n":"Gel Lavant Biolane Corps et cheveux 750 ml","p":5.77,"u":"7,69 €/L","img":"https://fd9-photos.leclercdrive.fr/image.ashx?id=2586867&use=l&cat=p&typeid=i","cat":284740},{"id":185571,"n":"Eau pure H2O Biolane 750 ml","p":5.42,"u":"7,23 €/L","img":"https://fd9-photos.leclercdrive.fr/image.ashx?id=2733247&use=l&cat=p&typeid=i","cat":284741},{"id":185765,"n":"Framboises Panier du Primeur Filière  - 125g","p":2.59,"u":"20,72 €/KG","img":"https://fd9-photos.leclercdrive.fr/image.ashx?id=2928285&use=l&cat=p&typeid=i","cat":284356},{"id":185789,"n":"Myrtilles Panier du Primeur 125g","p":1.99,"u":"15,92 €/KG","img":"https://fd9-photos.leclercdrive.fr/image.ashx?id=2375773&use=l&cat=p&typeid=i","cat":284356},{"id":185813,"n":"Magret de canard Delpeyrat Fumé & tranché - 2x70g","p":6.77,"u":"48,36 €/KG","img":"https://fd9-photos.leclercdrive.fr/image.ashx?id=2968112&use=l&cat=p&typeid=i","cat":284339},{"id":185831,"n":"Préparation Gâteau alsa Moelleux Marbré - 435g","p":2.59,"u":"5,95 €/KG","img":"https://fd9-photos.leclercdrive.fr/image.ashx?id=2996428&use=l&cat=p&typeid=i","cat":284505},{"id":185999,"n":"Boisson végétale Bio Village Riz nature bio - 1l","p":1.65,"u":"1,65 €/L","img":"https://fd9-photos.leclercdrive.fr/image.ashx?id=2601016&use=l&cat=p&typeid=i","cat":316067},{"id":186002,"n":"Porto blanc Dorrao 18%vol - 75cl","p":6.07,"u":"8,09 €/L","img":"https://fd9-photos.leclercdrive.fr/image.ashx?id=2869880&use=l&cat=p&typeid=i","cat":284913},{"id":186051,"n":"Gel WC Désinfectant Canard Action Intense Marine - 750ml","p":1.33,"u":"1,77 €/L","img":"https://fd9-photos.leclercdrive.fr/image.ashx?id=2929473&use=l&cat=p&typeid=i","cat":284662},{"id":186071,"n":"Brandade à la morue gratinée  Maison Briau - 750g","p":7.99,"u":"10,65 €/KG","img":"https://fd9-photos.leclercdrive.fr/image.ashx?id=2851072&use=l&cat=p&typeid=i","cat":285340},{"id":186092,"n":"Sandwich Stellato Tramezziono Dinde rôtie Thon Cornichon 150g","p":2.76,"u":"18,40 €/KG","img":"https://fd9-photos.leclercdrive.fr/image.ashx?id=2800660&use=l&cat=p&typeid=i","cat":333658},{"id":186093,"n":"Sandwich Stellato Tramezziono Jambon cuit Crescenza - 150g","p":2.76,"u":"18,40 €/KG","img":"https://fd9-photos.leclercdrive.fr/image.ashx?id=2800663&use=l&cat=p&typeid=i","cat":333658},{"id":186103,"n":"Sandwich Stellato Tramezziono Saumon fumé Crescenza - 160g","p":3.95,"u":"24,69 €/KG","img":"https://fd9-photos.leclercdrive.fr/image.ashx?id=2799668&use=l&cat=p&typeid=i","cat":333658},{"id":186258,"n":"Lessive Capsules Tout-en-1 Skip Fraîcheur Intense x26 Capsules","p":10.1,"u":"18,33 €/KG","img":"https://fd9-photos.leclercdrive.fr/image.ashx?id=2978934&use=l&cat=p&typeid=i","cat":284641},{"id":186260,"n":"Lessive Capsules Skip Tout-en-1 Active Clean x26","p":9.54,"u":"17,31 €/KG","img":"https://fd9-photos.leclercdrive.fr/image.ashx?id=2940651&use=l&cat=p&typeid=i","cat":284641},{"id":186263,"n":"Lessive Capsules Tout-en-1 Skip Fraîcheur Intense 38 Lavages","p":12.67,"u":"15,72 €/KG","img":"https://fd9-photos.leclercdrive.fr/image.ashx?id=2929236&use=l&cat=p&typeid=i","cat":284641},{"id":186265,"n":"Lingettes bébé Harmonie Aqua Pampers - 48 lingettes","p":3.45,"u":"0,07 €/P","img":"https://fd9-photos.leclercdrive.fr/image.ashx?id=2805903&use=l&cat=p&typeid=i","cat":284738},{"id":186267,"n":"Lingettes bébé visage et mains Biolane - 64 lingettes","p":2.62,"u":"0,04 €/P","img":"https://fd9-photos.leclercdrive.fr/image.ashx?id=2876539&use=l&cat=p&typeid=i","cat":284738},{"id":186296,"n":"Lessive Capsules Skip Tout-en-1 Active Clean x38","p":14.07,"u":"17,46 €/KG","img":"https://fd9-photos.leclercdrive.fr/image.ashx?id=2757114&use=l&cat=p&typeid=i","cat":284641},{"id":186319,"n":"Spray désodorisant Airwick Neutralisateur Jasmin -237ml","p":3.35,"u":"14,14 €/L","img":"https://fd9-photos.leclercdrive.fr/image.ashx?id=2689019&use=l&cat=p&typeid=i","cat":311626},{"id":186322,"n":"Lingettes pour bébé Pampers Harmonie Aqua - 3x48","p":6.72,"u":"0,05 €/P","img":"https://fd9-photos.leclercdrive.fr/image.ashx?id=2903809&use=l&cat=p&typeid=i","cat":284738},{"id":186459,"n":"Pâtes Tortiglioni Panzani 500g","p":1.23,"u":"2,46 €/KG","img":"https://fd9-photos.leclercdrive.fr/image.ashx?id=2902951&use=l&cat=p&typeid=i","cat":284427},{"id":186461,"n":"Ail lyophilisé Ducros 19g","p":3.72,"u":"195,79 €/KG","img":"https://fd9-photos.leclercdrive.fr/image.ashx?id=2486617&use=l&cat=p&typeid=i","cat":298297},{"id":186502,"n":"Sachet Chat Stérilisé Ultima Poulet, Dinde, Saumon - 4x85g","p":2.28,"u":"26,82 €/KG","img":"https://fd9-photos.leclercdrive.fr/image.ashx?id=2985633&use=l&cat=p&typeid=i","cat":285286},{"id":186566,"n":"Smoothie Purple True Fruits - 75cl","p":4.25,"u":"5,67 €/L","img":"https://fd9-photos.leclercdrive.fr/image.ashx?id=3008996&use=l&cat=p&typeid=i","cat":285435},{"id":186568,"n":"Smoothie Green True Fruits - 75cl","p":4.75,"u":"6,33 €/L","img":"https://fd9-photos.leclercdrive.fr/image.ashx?id=3008999&use=l&cat=p&typeid=i","cat":285435},{"id":186569,"n":"Calamars Romana MSC Escal - 700g","p":9.72,"u":"13,89 €/KG","img":"https://fd9-photos.leclercdrive.fr/image.ashx?id=2833447&use=l&cat=p&typeid=i","cat":319788},{"id":186686,"n":"Déodorant stick Homme Mennen Marine Sans Alcool - 60ml","p":3.18,"u":"53,00 €/L","img":"https://fd9-photos.leclercdrive.fr/image.ashx?id=2869107&use=l&cat=p&typeid=i","cat":284618},{"id":186688,"n":"Déodorant stick Homme Mennen Sans Alcool Anti-Traces - 60ml","p":3.18,"u":"53,00 €/L","img":"https://fd9-photos.leclercdrive.fr/image.ashx?id=2869110&use=l&cat=p&typeid=i","cat":284618},{"id":186856,"n":"Lessive Capsules Skip Tout-en-1 Extra Détachant x24","p":10.99,"u":"21,59 €/KG","img":"https://fd9-photos.leclercdrive.fr/image.ashx?id=2956691&use=l&cat=p&typeid=i","cat":284641},{"id":186857,"n":"Lessive Capsules Skip Tout-en-1 Cajoline 36 Lavages","p":13.23,"u":"17,34 €/KG","img":"https://fd9-photos.leclercdrive.fr/image.ashx?id=2929239&use=l&cat=p&typeid=i","cat":284641},{"id":186919,"n":"Nettoyant spray Mr Propre Flash Salle de bains - 500ml","p":3.22,"u":"6,44 €/L","img":"https://fd9-photos.leclercdrive.fr/image.ashx?id=2737330&use=l&cat=p&typeid=i","cat":325357},{"id":186920,"n":"Tuiles Monster Munch Crazy Original - 150g","p":1.9,"u":"12,67 €/KG","img":"https://fd9-photos.leclercdrive.fr/image.ashx?id=2921735&use=l&cat=p&typeid=i","cat":287899},{"id":186923,"n":"Tuiles Monster Munch  Crazy crème oignon - 150g","p":1.95,"u":"13,00 €/KG","img":"https://fd9-photos.leclercdrive.fr/image.ashx?id=2916881&use=l&cat=p&typeid=i","cat":287899},{"id":186926,"n":"Tuiles Monster Munch Crazy paprika - 150g","p":2.01,"u":"13,40 €/KG","img":"https://fd9-photos.leclercdrive.fr/image.ashx?id=2955339&use=l&cat=p&typeid=i","cat":287899},{"id":187029,"n":"Coton-tiges ouatés Inell Boîte - x300 bâtonnets","p":0.73,"img":"https://fd9-photos.leclercdrive.fr/image.ashx?id=2824301&use=l&cat=p&typeid=i","cat":284636},{"id":187033,"n":"Dessert végétal Charles & Alice Coco Pistache - 2x110g","p":1.33,"u":"6,05 €/KG","img":"https://fd9-photos.leclercdrive.fr/image.ashx?id=2919310&use=l&cat=p&typeid=i","cat":316071},{"id":187210,"n":"Porto Rose Dorrao 18%vol - 75cl","p":7.05,"u":"9,40 €/L","img":"https://fd9-photos.leclercdrive.fr/image.ashx?id=2869865&use=l&cat=p&typeid=i","cat":284913},{"id":187241,"n":"Savon Le Petit Marseillais  Solide amande douce - 2x100g","p":1.86,"u":"9,30 €/KG","img":"https://fd9-photos.leclercdrive.fr/image.ashx?id=2684203&use=l&cat=p&typeid=i","cat":284597},{"id":187268,"n":"Multipack Création assortiment sauce 6 x 85 g Poésie","p":4.05,"u":"7,94 €/KG","img":"https://fd9-photos.leclercdrive.fr/image.ashx?id=2396824&use=l&cat=p&typeid=i","cat":285286},{"id":187270,"n":"Multipack création assortiment gelée 6 x 85 g Poésie","p":4.01,"u":"7,86 €/KG","img":"https://fd9-photos.leclercdrive.fr/image.ashx?id=2396827&use=l&cat=p&typeid=i","cat":285286},{"id":187280,"n":"Biscuits Oréo pocket 3x246g","p":6.66,"u":"9,02 €/KG","img":"https://fd9-photos.leclercdrive.fr/image.ashx?id=2601217&use=l&cat=p&typeid=i","cat":284488},{"id":187287,"n":"Desserts Lactés P'TIT BRASSE Banane pêche 6M+ - 4x90g","p":2.09,"u":"5,81 €/KG","img":"https://fd9-photos.leclercdrive.fr/image.ashx?id=2616252&use=l&cat=p&typeid=i","cat":312392},{"id":187288,"n":"Desserts Lactés P'TIT BRASSE Poire SSA 6M+ - 4x90g","p":2.32,"u":"6,44 €/KG","img":"https://fd9-photos.leclercdrive.fr/image.ashx?id=2593050&use=l&cat=p&typeid=i","cat":312392},{"id":187330,"n":"Porto Tawny Dorrao 18°C - 75cl","p":6.42,"u":"8,56 €/L","img":"https://fd9-photos.leclercdrive.fr/image.ashx?id=2869877&use=l&cat=p&typeid=i","cat":284913},{"id":187347,"n":"Bûchettes Pilpa Les délices Pistache Chocolat Café x6 348g","p":3.62,"u":"10,40 €/KG","img":"https://fd9-photos.leclercdrive.fr/image.ashx?id=2395921&use=l&cat=p&typeid=i","cat":284266},{"id":187353,"n":"Bûchettes Pilpa Les Délices Chocolat x6 - 360g","p":4.14,"u":"11,50 €/KG","img":"https://fd9-photos.leclercdrive.fr/image.ashx?id=2395924&use=l&cat=p&typeid=i","cat":284266},{"id":187355,"n":"Bûche Signature Eskiss Nougat - 487g","p":5.59,"u":"11,48 €/KG","img":"https://fd9-photos.leclercdrive.fr/image.ashx?id=2791365&use=l&cat=p&typeid=i","cat":284266},{"id":187358,"n":"Bûche Signature Eskiss Façon rocher - 501g","p":5.59,"u":"11,16 €/KG","img":"https://fd9-photos.leclercdrive.fr/image.ashx?id=2791374&use=l&cat=p&typeid=i","cat":284266},{"id":187365,"n":"Desserts Lactés P'TIT BRASSE Nature 6M+ - 4x90g","p":2.32,"u":"6,44 €/KG","img":"https://fd9-photos.leclercdrive.fr/image.ashx?id=2594223&use=l&cat=p&typeid=i","cat":312392},{"id":187383,"n":"Fromage à tartiner Madame Loïk Fouetté Ail Fines Herbes - 275g","p":3.08,"u":"11,20 €/KG","img":"https://fd9-photos.leclercdrive.fr/image.ashx?id=2774619&use=l&cat=p&typeid=i","cat":314029},{"id":187387,"n":"Truite fumée de France Labeyrie 4 tranches - 120g","p":4.6,"u":"38,33 €/KG","img":"https://fd9-photos.leclercdrive.fr/image.ashx?id=2803535&use=l&cat=p&typeid=i","cat":285188},{"id":187389,"n":"Saumon fumé du Pacifique  Labeyrie - 4 tranches - 110g","p":8.2,"u":"74,55 €/KG","img":"https://fd9-photos.leclercdrive.fr/image.ashx?id=2877694&use=l&cat=p&typeid=i","cat":285188},{"id":187395,"n":"Tortellini Lustucru Selection  Poulet Crème 300g","p":2.33,"u":"7,77 €/KG","img":"https://fd9-photos.leclercdrive.fr/image.ashx?id=2975212&use=l&cat=p&typeid=i","cat":333682},{"id":187403,"n":"Feuilletés Jambon Fromage Eco+ x10 - 650g","p":2.63,"u":"4,05 €/KG","img":"https://fd9-photos.leclercdrive.fr/image.ashx?id=2814851&use=l&cat=p&typeid=i","cat":319776},{"id":187445,"n":"Sandwich jambon emmental Daunat Le Goûteux - 220g","p":2.65,"u":"12,05 €/KG","img":"https://fd9-photos.leclercdrive.fr/image.ashx?id=2623232&use=l&cat=p&typeid=i","cat":333658},{"id":187448,"n":"Frites ondulées McCain Côté Burger - 650g","p":2.7,"u":"4,15 €/KG","img":"https://fd9-photos.leclercdrive.fr/image.ashx?id=2920027&use=l&cat=p&typeid=i","cat":319791},{"id":187453,"n":"Thé noir Lipton Yellow x100 sachets - 200g","p":3.86,"u":"19,30 €/KG","img":"https://fd9-photos.leclercdrive.fr/image.ashx?id=2517655&use=l&cat=p&typeid=i","cat":293233},{"id":187454,"n":"Crème dessert Sojasun Caramel pointe de sel - 4x100g","p":1.83,"u":"4,58 €/KG","img":"https://fd9-photos.leclercdrive.fr/image.ashx?id=2397349&use=l&cat=p&typeid=i","cat":316071},{"id":187461,"n":"Préparation Tablier Blanc Fondant au chocolat - 320g","p":2.19,"u":"6,84 €/KG","img":"https://fd9-photos.leclercdrive.fr/image.ashx?id=2487500&use=l&cat=p&typeid=i","cat":284505},{"id":187462,"n":"Préparation Tablier Blanc Moelleux au chocolat - 435g","p":1.97,"u":"4,53 €/KG","img":"https://fd9-photos.leclercdrive.fr/image.ashx?id=2487503&use=l&cat=p&typeid=i","cat":284505},{"id":187475,"n":"Dés de Chorizo Fleury Michon 120g","p":2.41,"u":"20,08 €/KG","img":"https://fd9-photos.leclercdrive.fr/image.ashx?id=2661196&use=l&cat=p&typeid=i","cat":316011},{"id":187478,"n":"Cordon bleu de poulet Eco+ 200g","p":1.45,"u":"7,25 €/KG","img":"https://fd9-photos.leclercdrive.fr/image.ashx?id=2758294&use=l&cat=p&typeid=i","cat":333683},{"id":187547,"n":"Moutarde Fine & Forte AMORA Flacon Souple - 460g","p":2.38,"u":"5,17 €/KG","img":"https://fd9-photos.leclercdrive.fr/image.ashx?id=2877271&use=l&cat=p&typeid=i","cat":288850},{"id":187588,"n":"Dessert Sojasun Chocolat Noisette - 4x100g","p":1.82,"u":"4,55 €/KG","img":"https://fd9-photos.leclercdrive.fr/image.ashx?id=2398580&use=l&cat=p&typeid=i","cat":316071},{"id":187602,"n":"Gousses de vanille Vahiné x4 -","p":8.09,"u":"2,02 €/P","img":"https://fd9-photos.leclercdrive.fr/image.ashx?id=2569428&use=l&cat=p&typeid=i","cat":284504},{"id":187987,"n":"Déodorant stick Homme Mennen 24H Musk Sans Alcool - 60ml","p":3.18,"u":"53,00 €/L","img":"https://fd9-photos.leclercdrive.fr/image.ashx?id=2869113&use=l&cat=p&typeid=i","cat":284618},{"id":187990,"n":"Lait Corps Réparateur Mixa Peau abîmée desséchée - 300ml","p":3.93,"u":"13,10 €/L","img":"https://fd9-photos.leclercdrive.fr/image.ashx?id=2908186&use=l&cat=p&typeid=i","cat":325349},{"id":188013,"n":"Tablette de chocolat Lindt Lait extra fin - 3x100g","p":5.77,"u":"19,23 €/KG","img":"https://fd9-photos.leclercdrive.fr/image.ashx?id=2655853&use=l&cat=p&typeid=i","cat":284497},{"id":188136,"n":"Salade coffret poulet pâné  Mix Buffet - 320g","p":5.31,"u":"16,59 €/KG","img":"https://fd9-photos.leclercdrive.fr/image.ashx?id=2735593&use=l&cat=p&typeid=i","cat":333657},{"id":188164,"n":"Adoucissant concentré Soupline Lavande - 56 lavages - 1,3L","p":6.21,"u":"4,78 €/L","img":"https://fd9-photos.leclercdrive.fr/image.ashx?id=2454583&use=l&cat=p&typeid=i","cat":284650},{"id":188169,"n":"Lessive Liquide Skip Active Clean 37 Lavages","p":10.45,"u":"6,28 €/L","img":"https://fd9-photos.leclercdrive.fr/image.ashx?id=2770656&use=l&cat=p&typeid=i","cat":284640},{"id":188271,"n":"Matière grasse doux Astra  À tartiner à cuire 70%MG - 500g","p":2.58,"u":"5,16 €/KG","img":"https://fd9-photos.leclercdrive.fr/image.ashx?id=2406301&use=l&cat=p&typeid=i","cat":315229},{"id":188293,"n":"Moutarde Amora Mi-forte - 260g","p":2.75,"u":"10,58 €/KG","img":"https://fd9-photos.leclercdrive.fr/image.ashx?id=3005398&use=l&cat=p&typeid=i","cat":288850},{"id":188294,"n":"Jambon Le Bon Paris Herta À l'étouffé x2 - 85g","p":1.48,"u":"17,41 €/KG","img":"https://fd9-photos.leclercdrive.fr/image.ashx?id=2566263&use=l&cat=p&typeid=i","cat":316009},{"id":188295,"n":"Jambon Le Bon Paris Herta À l'étouffée x4 - 170g","p":2.1,"u":"12,35 €/KG","img":"https://fd9-photos.leclercdrive.fr/image.ashx?id=2731390&use=l&cat=p&typeid=i","cat":316009},{"id":188296,"n":"Jambon Le Bon Paris Herta À l'étouffée x6 - 255g","p":2.95,"u":"11,57 €/KG","img":"https://fd9-photos.leclercdrive.fr/image.ashx?id=2418720&use=l&cat=p&typeid=i","cat":316009},{"id":188297,"n":"Jambon Le Bon Paris Herta À l'étouffée x8 - 340g","p":3.86,"u":"11,35 €/KG","img":"https://fd9-photos.leclercdrive.fr/image.ashx?id=2921519&use=l&cat=p&typeid=i","cat":316009},{"id":188299,"n":"Jambon Le Bon Paris Herta À l'étouffée x10 - 425g","p":4.77,"u":"11,22 €/KG","img":"https://fd9-photos.leclercdrive.fr/image.ashx?id=2757599&use=l&cat=p&typeid=i","cat":316009},{"id":194073,"n":"Jambon Le Bon Paris Herta -25% de sel x4 - 140g","p":2.39,"u":"17,07 €/KG","img":"https://fd9-photos.leclercdrive.fr/image.ashx?id=2995067&use=l&cat=p&typeid=i","cat":316009},{"id":194296,"n":"Bloc de fromage Leerdammer Le Moelleux - 250g","p":3.7,"u":"14,80 €/KG","img":"https://fd9-photos.leclercdrive.fr/image.ashx?id=2421606&use=l&cat=p&typeid=i","cat":314034},{"id":194297,"n":"Tranches de fromage Leerdammer L'Original - 8 Tranches - 200g","p":2.45,"u":"12,25 €/KG","img":"https://fd9-photos.leclercdrive.fr/image.ashx?id=2489199&use=l&cat=p&typeid=i","cat":314028},{"id":194302,"n":"Tranches de fromage Leerdammer Le Moelleux - 6 Tranches - 150g","p":2.54,"u":"16,93 €/KG","img":"https://fd9-photos.leclercdrive.fr/image.ashx?id=2507590&use=l&cat=p&typeid=i","cat":314028},{"id":195960,"n":"Coton-tiges bébé Mots d'Enfants Bio - x60","p":0.65,"u":"0,01 €/P","img":"https://fd9-photos.leclercdrive.fr/image.ashx?id=3015129&use=l&cat=p&typeid=i","cat":284739},{"id":195983,"n":"Liquide vaisselle Excel Paic Dégraissant actif à froid 500ml","p":1.92,"u":"3,84 €/L","img":"https://fd9-photos.leclercdrive.fr/image.ashx?id=2413182&use=l&cat=p&typeid=i","cat":284655},{"id":196118,"n":"Jambon Le Bon Paris Herta -25% de sel -x6 - 210g","p":3.84,"u":"18,29 €/KG","img":"https://fd9-photos.leclercdrive.fr/image.ashx?id=2414112&use=l&cat=p&typeid=i","cat":316009},{"id":196241,"n":"Jambon supérieur Eco+ Sans couenne 4 tranches - 160g","p":1.38,"u":"8,63 €/KG","img":"https://fd9-photos.leclercdrive.fr/image.ashx?id=2744407&use=l&cat=p&typeid=i","cat":316009},{"id":196266,"n":"Mousse à Raser 0% Alcool Mennen Peaux sensibles - 250ml","p":2.25,"u":"9,00 €/L","img":"https://fd9-photos.leclercdrive.fr/image.ashx?id=2661733&use=l&cat=p&typeid=i","cat":284617},{"id":196271,"n":"Nettoyant Ménager Cif Crème à Récurer 750 ml","p":1.79,"u":"2,39 €/L","img":"https://fd9-photos.leclercdrive.fr/image.ashx?id=2752513&use=l&cat=p&typeid=i","cat":325357},{"id":196319,"n":"Jambon supérieur Eco+ Avec couenne 4 tranches - 160g","p":1.43,"u":"8,94 €/KG","img":"https://fd9-photos.leclercdrive.fr/image.ashx?id=2706550&use=l&cat=p&typeid=i","cat":316009},{"id":196320,"n":"Jambon supérieur Eco+ Avec couenne 6 tranches - 240g","p":2.14,"u":"8,92 €/KG","img":"https://fd9-photos.leclercdrive.fr/image.ashx?id=2706553&use=l&cat=p&typeid=i","cat":316009},{"id":196321,"n":"Jambon supérieur Eco+ Sans couenne 6 tranches - 240g","p":2.09,"u":"8,71 €/KG","img":"https://fd9-photos.leclercdrive.fr/image.ashx?id=2706556&use=l&cat=p&typeid=i","cat":316009},{"id":196374,"n":"Bueno eggs kinder Chocolat - 140g","p":5.33,"u":"38,07 €/KG","img":"https://fd9-photos.leclercdrive.fr/image.ashx?id=2764353&use=l&cat=p&typeid=i","cat":327592},{"id":196376,"n":"Mix boite sélection  Kinder Chocolat - 174g","p":6.82,"u":"39,20 €/KG","img":"https://fd9-photos.leclercdrive.fr/image.ashx?id=2799656&use=l&cat=p&typeid=i","cat":327592},{"id":196378,"n":"Boîte chocolats Ferrero Rocher x16 pralines - 200g","p":5.58,"u":"27,90 €/KG","img":"https://fd9-photos.leclercdrive.fr/image.ashx?id=2963841&use=l&cat=p&typeid=i","cat":327600},{"id":196379,"n":"Boîte chocolats Ferrero Rocher x30 pralines - 375g","p":8.62,"u":"22,99 €/KG","img":"https://fd9-photos.leclercdrive.fr/image.ashx?id=2938091&use=l&cat=p&typeid=i","cat":327600},{"id":196380,"n":"Pralines Raffaello Noix de coco amandes x40- 400g","p":10.85,"u":"27,13 €/KG","img":"https://fd9-photos.leclercdrive.fr/image.ashx?id=2945005&use=l&cat=p&typeid=i","cat":327595},{"id":196439,"n":"Beurre Nature de Breton Doux - 82% MG - 250g","p":2.63,"u":"10,52 €/KG","img":"https://fd9-photos.leclercdrive.fr/image.ashx?id=2872039&use=l&cat=p&typeid=i","cat":284379},{"id":196500,"n":"Authentique Révillon Noir Lait et Blanc - 360g","p":10.2,"u":"28,33 €/KG","img":"https://fd9-photos.leclercdrive.fr/image.ashx?id=2661994&use=l&cat=p&typeid=i","cat":327597},{"id":196534,"n":"Cake chorizo et poivrons Au piment de Cayenne - 230g","p":5.2,"u":"22,61 €/KG","img":"https://fd9-photos.leclercdrive.fr/image.ashx?id=2041245&use=l&cat=p&typeid=i","cat":316003},{"id":196535,"n":"Cake chèvre et noix 230g","p":5.39,"u":"23,43 €/KG","img":"https://fd9-photos.leclercdrive.fr/image.ashx?id=2785973&use=l&cat=p&typeid=i","cat":316003},{"id":196536,"n":"Cake au jambon et olives 230g","p":5.4,"u":"23,48 €/KG","img":"https://fd9-photos.leclercdrive.fr/image.ashx?id=2785970&use=l&cat=p&typeid=i","cat":316003},{"id":196566,"n":"Fromage de Chèvre Chavroux Frais Nature - 150g","p":2.07,"u":"13,80 €/KG","img":"https://fd9-photos.leclercdrive.fr/image.ashx?id=2912161&use=l&cat=p&typeid=i","cat":314031},{"id":196800,"n":"Lait de croissance Picot 3ème âge - 850g","p":11.69,"u":"13,75 €/KG","img":"https://fd9-photos.leclercdrive.fr/image.ashx?id=2925427&use=l&cat=p&typeid=i","cat":290219},{"id":196965,"n":"Liqueur de menthe Get 27 17,9° - 70cl","p":12.45,"u":"17,79 €/L","img":"https://fd9-photos.leclercdrive.fr/image.ashx?id=2835565&use=l&cat=p&typeid=i","cat":286032},{"id":197354,"n":"Préparation Moelleux Nature Alsa- 500g","p":3.51,"u":"7,02 €/KG","img":"https://fd9-photos.leclercdrive.fr/image.ashx?id=2812666&use=l&cat=p&typeid=i","cat":284505},{"id":197444,"n":"Friandise pour chat Dentalife Chat adulte - Poulet - 140g","p":3.61,"u":"25,79 €/KG","img":"https://fd9-photos.leclercdrive.fr/image.ashx?id=2901127&use=l&cat=p&typeid=i","cat":285285},{"id":197625,"n":"Tablette de chocolat noir Lindt 3x100g","p":4.34,"u":"14,47 €/KG","img":"https://fd9-photos.leclercdrive.fr/image.ashx?id=2721422&use=l&cat=p&typeid=i","cat":284956},{"id":197713,"n":"Fromage à Tartiner St Môret  Nature - 500g","p":5.57,"u":"11,14 €/KG","img":"https://fd9-photos.leclercdrive.fr/image.ashx?id=2427991&use=l&cat=p&typeid=i","cat":314029},{"id":197930,"n":"Kiwi jaune Panier du Primeur x4","p":3.49,"u":"0,87 €/P","img":"https://fd9-photos.leclercdrive.fr/image.ashx?id=2928303&use=l&cat=p&typeid=i","cat":284356},{"id":198319,"n":"Boisson énergisante Monster Mango loco - 4x50cl","p":6.2,"u":"3,10 €/L","img":"https://fd9-photos.leclercdrive.fr/image.ashx?id=2983465&use=l&cat=p&typeid=i","cat":284533},{"id":198338,"n":"Confiture Douceur du Verger Fraise intense - 320 g","p":1.42,"u":"4,44 €/KG","img":"https://fd9-photos.leclercdrive.fr/image.ashx?id=2965605&use=l&cat=p&typeid=i","cat":284480},{"id":198348,"n":"Confiture Douceur du Verger Abricot intense - 320 g","p":1.42,"u":"4,44 €/KG","img":"https://fd9-photos.leclercdrive.fr/image.ashx?id=2965608&use=l&cat=p&typeid=i","cat":284480},{"id":198523,"n":"Desserts Lactés P'TIT ONCTUEUX Fromage blanc 6M+ - 4x90g","p":2.11,"u":"5,86 €/KG","img":"https://fd9-photos.leclercdrive.fr/image.ashx?id=2435707&use=l&cat=p&typeid=i","cat":312392},{"id":198524,"n":"Desserts Lactés P'TIT ONCTUEUX Banane 6M+ - 4x90g","p":2.03,"u":"5,64 €/KG","img":"https://fd9-photos.leclercdrive.fr/image.ashx?id=2435710&use=l&cat=p&typeid=i","cat":312392},{"id":198582,"n":"Desserts Lactés P'TIT ONCTUEUX Mangue ananas 6M+ - 4x90g","p":2.22,"u":"6,17 €/KG","img":"https://fd9-photos.leclercdrive.fr/image.ashx?id=2435932&use=l&cat=p&typeid=i","cat":312392},{"id":198623,"n":"Capsules Nescafé Dolce Gusto  Double Espresso - x16","p":5.26,"u":"38,68 €/KG","img":"https://fd9-photos.leclercdrive.fr/image.ashx?id=2687245&use=l&cat=p&typeid=i","cat":293239},{"id":198794,"n":"Protège-slips Doulys Ultra-mince Long - x30","p":1.25,"u":"0,04 €/P","img":"https://fd9-photos.leclercdrive.fr/image.ashx?id=2882343&use=l&cat=p&typeid=i","cat":284625},{"id":198806,"n":"Fromage pour Tartiflette Président - 480g","p":5.64,"u":"11,75 €/KG","img":"https://fd9-photos.leclercdrive.fr/image.ashx?id=2757018&use=l&cat=p&typeid=i","cat":314037},{"id":198808,"n":"Croustillants cheddar Président 6 pièces - 150g","p":3.15,"u":"21,00 €/KG","img":"https://fd9-photos.leclercdrive.fr/image.ashx?id=2856079&use=l&cat=p&typeid=i","cat":314027},{"id":198863,"n":"Lames de rasoir Gillette Fusion 5 - x4","p":14.18,"u":"3,55 €/P","img":"https://fd9-photos.leclercdrive.fr/image.ashx?id=2507092&use=l&cat=p&typeid=i","cat":284616},{"id":198951,"n":"Rasoir GilletteLabs Barre exfoliante - 3 lames - x1","p":35.78,"img":"https://fd9-photos.leclercdrive.fr/image.ashx?id=2437011&use=l&cat=p&typeid=i","cat":284616},{"id":198974,"n":"Perles désodorisantes Bien Air Agrumes","p":2.39,"img":"https://fd9-photos.leclercdrive.fr/image.ashx?id=2466892&use=l&cat=p&typeid=i","cat":311628},{"id":199461,"n":"Chocolat Kinder Surprise x6 oeufs - 6x20g","p":7.68,"u":"64,00 €/KG","img":"https://fd9-photos.leclercdrive.fr/image.ashx?id=2826336&use=l&cat=p&typeid=i","cat":327592},{"id":199552,"n":"Dentifrice Elmex Anti-caries Original - 75ml","p":4.31,"u":"57,47 €/L","img":"https://fd9-photos.leclercdrive.fr/image.ashx?id=2852181&use=l&cat=p&typeid=i","cat":284612},{"id":199553,"n":"Dentifrice Elmex Sensitive Original - 75ml","p":4.22,"u":"56,27 €/L","img":"https://fd9-photos.leclercdrive.fr/image.ashx?id=2738404&use=l&cat=p&typeid=i","cat":284612},{"id":199554,"n":"Dentifrice Elmex Sensitive  Haleine fraîche - 75ml","p":3.9,"u":"52,00 €/L","img":"https://fd9-photos.leclercdrive.fr/image.ashx?id=2738407&use=l&cat=p&typeid=i","cat":284612},{"id":199559,"n":"Dentifrice Elmex Sensitive  Blancheur douce - 2x75ml","p":9.22,"u":"61,47 €/MT","img":"https://fd9-photos.leclercdrive.fr/image.ashx?id=2738425&use=l&cat=p&typeid=i","cat":284612},{"id":199598,"n":"Désodorisant diffuseur Airwick  Active Fresh Vanille - 228ml","p":7.09,"u":"31,10 €/L","img":"https://fd9-photos.leclercdrive.fr/image.ashx?id=2864672&use=l&cat=p&typeid=i","cat":311629},{"id":199655,"n":"Bûchettes Délices Pilpa Vanille Fruits  x6 - 351g","p":3.68,"u":"10,48 €/KG","img":"https://fd9-photos.leclercdrive.fr/image.ashx?id=2444060&use=l&cat=p&typeid=i","cat":284266},{"id":199657,"n":"Jambon cru Aoste 6 tranches + 3 offertes - 150g","p":3.5,"u":"23,33 €/KG","img":"https://fd9-photos.leclercdrive.fr/image.ashx?id=2442659&use=l&cat=p&typeid=i","cat":316007},{"id":200097,"n":"Steak haché Charolais 12%MG x2 - 250g","p":5.57,"u":"22,28 €/KG","img":"https://fd9-photos.leclercdrive.fr/image.ashx?id=2538779&use=l&cat=p&typeid=i","cat":284332},{"id":200153,"n":"Repas bébé Blédina 15 mois légumes boulghour merlu 200g","p":2.73,"u":"13,65 €/KG","img":"https://fd9-photos.leclercdrive.fr/image.ashx?id=2975101&use=l&cat=p&typeid=i","cat":312238},{"id":200263,"n":"Fromage Boursault  Extra Crèmeux - 200g","p":3.75,"u":"18,75 €/KG","img":"https://fd9-photos.leclercdrive.fr/image.ashx?id=2446458&use=l&cat=p&typeid=i","cat":329558},{"id":200317,"n":"Olives Vertes et noires  Dénoyautées - 170g","p":2.61,"u":"15,35 €/KG","img":"https://fd9-photos.leclercdrive.fr/image.ashx?id=2733511&use=l&cat=p&typeid=i","cat":284450},{"id":200322,"n":"Foie gras de canard à la truffe L'ODG Entier mi cuit - 150g","p":20.95,"u":"139,67 €/KG","img":"https://fd9-photos.leclercdrive.fr/image.ashx?id=2452708&use=l&cat=p&typeid=i","cat":316008},{"id":200379,"n":"Cassoulet Castelnaud NRT 840g","p":4.3,"u":"5,12 €/KG","img":"https://fd9-photos.leclercdrive.fr/image.ashx?id=2805993&use=l&cat=p&typeid=i","cat":284440},{"id":200613,"n":"Fromage à pâte persillée Le Coq 200g","p":3.76,"u":"18,80 €/KG","img":"https://fd9-photos.leclercdrive.fr/image.ashx?id=2449864&use=l&cat=p&typeid=i","cat":314032},{"id":200714,"n":"Céréales Lion Nestlé   Triple Crunchy - 550g","p":4.38,"u":"7,96 €/KG","img":"https://fd9-photos.leclercdrive.fr/image.ashx?id=2893538&use=l&cat=p&typeid=i","cat":309513},{"id":200763,"n":"Gel lavant hydratant Sanytol Aloe vera Bio - 250ml","p":2.7,"u":"10,80 €/L","img":"https://fd9-photos.leclercdrive.fr/image.ashx?id=2905273&use=l&cat=p&typeid=i","cat":284597},{"id":200774,"n":"AIRWICK Recharge Active Fresh Désodorisant Vanille - 228ml","p":5.8,"u":"25,44 €/L","img":"https://fd9-photos.leclercdrive.fr/image.ashx?id=2864675&use=l&cat=p&typeid=i","cat":311629},{"id":200779,"n":"Nettoyant sol Vigor Désincrustant intense - 1L","p":3.18,"u":"3,18 €/L","img":"https://fd9-photos.leclercdrive.fr/image.ashx?id=2736160&use=l&cat=p&typeid=i","cat":284907},{"id":201017,"n":"Crêpes dentelles Bretagne NRT 120g","p":1.72,"u":"14,33 €/KG","img":"https://fd9-photos.leclercdrive.fr/image.ashx?id=2622359&use=l&cat=p&typeid=i","cat":284487},{"id":201141,"n":"Radiatori Xtrem Box Sodebo Poulet crème - 400g","p":3.85,"u":"9,63 €/KG","img":"https://fd9-photos.leclercdrive.fr/image.ashx?id=2862239&use=l&cat=p&typeid=i","cat":334983},{"id":201298,"n":"Fromage enfant La Vache qui rit Original 12P à tartiner - 192g","p":2.47,"u":"12,86 €/KG","img":"https://fd9-photos.leclercdrive.fr/image.ashx?id=2945442&use=l&cat=p&typeid=i","cat":314030},{"id":201300,"n":"Fromage enfant La Vache qui rit Original 32P à tartiner - 512g","p":4.8,"u":"9,38 €/KG","img":"https://fd9-photos.leclercdrive.fr/image.ashx?id=2945448&use=l&cat=p&typeid=i","cat":314030},{"id":201341,"n":"Iceberg Eco+","p":0.99,"img":"https://fd9-photos.leclercdrive.fr/image.ashx?id=2715747&use=l&cat=p&typeid=i","cat":284352},{"id":201458,"n":"Chips ondulées Pom' Lisse 135g","p":1.29,"u":"9,56 €/KG","img":"https://fd9-photos.leclercdrive.fr/image.ashx?id=2644695&use=l&cat=p&typeid=i","cat":284447},{"id":201600,"n":"Capsules Café Carte Noire  Puissant n°11 x30 - 165g","p":9.39,"u":"56,91 €/KG","img":"https://fd9-photos.leclercdrive.fr/image.ashx?id=2873444&use=l&cat=p&typeid=i","cat":284749},{"id":201688,"n":"Beurre plaquette Eco+ Doux - 60% MG  - 200g","p":1.45,"u":"7,25 €/KG","img":"https://fd9-photos.leclercdrive.fr/image.ashx?id=2794187&use=l&cat=p&typeid=i","cat":284379},{"id":201690,"n":"Beurre plaquette Eco+ Demi-sel - 60% MG - 200g","p":1.47,"u":"7,35 €/KG","img":"https://fd9-photos.leclercdrive.fr/image.ashx?id=2794184&use=l&cat=p&typeid=i","cat":284379},{"id":201692,"n":"Frites Crousti Express Findus Micro-ondes Allumette 2x100g","p":1.72,"u":"8,60 €/KG","img":"https://fd9-photos.leclercdrive.fr/image.ashx?id=2648274&use=l&cat=p&typeid=i","cat":319791},{"id":201693,"n":"Frites Crousti Express Findus Micro-ondes Classique 2x100g","p":1.62,"u":"8,10 €/KG","img":"https://fd9-photos.leclercdrive.fr/image.ashx?id=2648271&use=l&cat=p&typeid=i","cat":319791},{"id":201702,"n":"Bière Leffe Ruby 5% - 6x25cl","p":5.57,"u":"3,71 €/L","img":"https://fd9-photos.leclercdrive.fr/image.ashx?id=2811581&use=l&cat=p&typeid=i","cat":334878},{"id":201706,"n":"Bière Leffe Ruby 5% - 12x25cl","p":9.21,"u":"3,07 €/L","img":"https://fd9-photos.leclercdrive.fr/image.ashx?id=2813008&use=l&cat=p&typeid=i","cat":334878},{"id":201791,"n":"Soupe en sachets chat Felix Sélection de poissons - 6x48g","p":2.06,"u":"7,15 €/KG","img":"https://fd9-photos.leclercdrive.fr/image.ashx?id=2887251&use=l&cat=p&typeid=i","cat":285286},{"id":201792,"n":"Mousseline Purina Gourmet Thon nappé de sauce - 4x57g","p":3.03,"u":"13,29 €/KG","img":"https://fd9-photos.leclercdrive.fr/image.ashx?id=2899722&use=l&cat=p&typeid=i","cat":285601},{"id":201835,"n":"Pizza Crousti Moelleuse Marie Royale - 500g","p":3.77,"u":"7,54 €/KG","img":"https://fd9-photos.leclercdrive.fr/image.ashx?id=2996704&use=l&cat=p&typeid=i","cat":284256},{"id":201837,"n":"Protège-slips Doulys Ultra-mince normal - x45","p":0.87,"u":"0,02 €/P","img":"https://fd9-photos.leclercdrive.fr/image.ashx?id=2849590&use=l&cat=p&typeid=i","cat":284625},{"id":201915,"n":"Protège-slips Doulys Slip ou string - x45","p":1.61,"u":"0,04 €/P","img":"https://fd9-photos.leclercdrive.fr/image.ashx?id=2877466&use=l&cat=p&typeid=i","cat":284625},{"id":201935,"n":"Protège-slips Confort Vania  Sans parfum - x56","p":2.58,"u":"0,05 €/P","img":"https://fd9-photos.leclercdrive.fr/image.ashx?id=2735230&use=l&cat=p&typeid=i","cat":284625},{"id":201945,"n":"Gel Douche Le Petit Marseillais  Lait de vanille - 250ml","p":1.56,"u":"6,24 €/L","img":"https://fd9-photos.leclercdrive.fr/image.ashx?id=2676096&use=l&cat=p&typeid=i","cat":284594},{"id":201946,"n":"Gel Douche Le Petit Marseillais Lait de vanille - 650 ml","p":3.22,"u":"4,95 €/L","img":"https://fd9-photos.leclercdrive.fr/image.ashx?id=2674794&use=l&cat=p&typeid=i","cat":284594},{"id":201947,"n":"Gel Douche Le Petit Marseillais Fleur de cerisie - 650ml","p":3.28,"u":"5,05 €/L","img":"https://fd9-photos.leclercdrive.fr/image.ashx?id=2676099&use=l&cat=p&typeid=i","cat":284594},{"id":201948,"n":"Gel Douche Le Petit Marseillais Abricot et noisette - 650ml","p":3.22,"u":"4,95 €/MT","img":"https://fd9-photos.leclercdrive.fr/image.ashx?id=2676102&use=l&cat=p&typeid=i","cat":284594},{"id":201950,"n":"Gel Douche Le Petit Marseillais Amande douce - 250ml","p":1.58,"u":"6,32 €/MT","img":"https://fd9-photos.leclercdrive.fr/image.ashx?id=2946592&use=l&cat=p&typeid=i","cat":284594},{"id":201951,"n":"Gel Douche Le Petit Marseillais Lait - 250ml","p":1.74,"u":"6,96 €/MT","img":"https://fd9-photos.leclercdrive.fr/image.ashx?id=2676108&use=l&cat=p&typeid=i","cat":284594},{"id":201952,"n":"Gel Douche Le Petit Marseillais Lait - 650ml","p":3.22,"u":"4,95 €/L","img":"https://fd9-photos.leclercdrive.fr/image.ashx?id=2676111&use=l&cat=p&typeid=i","cat":284594},{"id":201953,"n":"Gel Douche Le Petit Marseillais Pêche nectarine - 250ml","p":1.69,"u":"6,76 €/L","img":"https://fd9-photos.leclercdrive.fr/image.ashx?id=2938761&use=l&cat=p&typeid=i","cat":284594},{"id":201954,"n":"Gel Douche Le Petit Marseillais  Peche nectarine - 650ml","p":3.28,"u":"5,05 €/L","img":"https://fd9-photos.leclercdrive.fr/image.ashx?id=2676114&use=l&cat=p&typeid=i","cat":284594},{"id":201956,"n":"Gel Douche Le Petit Marseillais Verveine citron - 250ml","p":1.7,"u":"6,80 €/MT","img":"https://fd9-photos.leclercdrive.fr/image.ashx?id=2941769&use=l&cat=p&typeid=i","cat":284594},{"id":201957,"n":"Gel douche pamplemousse orange  Le Petit marseillais - 650ml","p":3.28,"u":"5,05 €/L","img":"https://fd9-photos.leclercdrive.fr/image.ashx?id=2676123&use=l&cat=p&typeid=i","cat":284594},{"id":201967,"n":"Bière blonde Corona 12x33cl","p":15.02,"u":"3,79 €/L","img":"https://fd9-photos.leclercdrive.fr/image.ashx?id=2544521&use=l&cat=p&typeid=i","cat":334873},{"id":201968,"n":"Bière blonde Corona Extra 4,5% - 6x33cl","p":8.2,"u":"4,14 €/L","img":"https://fd9-photos.leclercdrive.fr/image.ashx?id=2865452&use=l&cat=p&typeid=i","cat":334873},{"id":201984,"n":"Repas Plaisir chat stérilisé Recettes viande-poisson -24x85g","p":8.57,"u":"4,20 €/KG","img":"https://fd9-photos.leclercdrive.fr/image.ashx?id=2490659&use=l&cat=p&typeid=i","cat":285286},{"id":202068,"n":"Yaourt à la Grecque Délisse  450g","p":1.29,"u":"2,87 €/KG","img":"https://fd9-photos.leclercdrive.fr/image.ashx?id=2885140&use=l&cat=p&typeid=i","cat":314999},{"id":202084,"n":"Saucisson sec Eco   400g","p":3.77,"u":"9,43 €/KG","img":"https://fd9-photos.leclercdrive.fr/image.ashx?id=2845140&use=l&cat=p&typeid=i","cat":316006},{"id":202352,"n":"Salade laitue verte 1p","p":0.99,"img":"https://fd9-photos.leclercdrive.fr/image.ashx?id=1633040&use=l&cat=p&typeid=i","cat":284352},{"id":202448,"n":"Pomme de terre Princesse Amandine - 2kg","p":3.99,"u":"2,00 €/KG","img":"https://fd9-photos.leclercdrive.fr/image.ashx?id=1625739&use=l&cat=p&typeid=i","cat":284352},{"id":202545,"n":"Gel douche Le Petit Marseillais Fleur de Tiare - 250ml","p":1.6,"u":"6,40 €/L","img":"https://fd9-photos.leclercdrive.fr/image.ashx?id=2676093&use=l&cat=p&typeid=i","cat":284594},{"id":202547,"n":"Gel douche Le Petit Marseillais Mangue Passion - 250ml","p":1.75,"u":"7,00 €/L","img":"https://fd9-photos.leclercdrive.fr/image.ashx?id=2685189&use=l&cat=p&typeid=i","cat":284594},{"id":202570,"n":"Cocotte de Moules au vin blanc Royal - 500g","p":5.31,"u":"10,62 €/KG","img":"https://fd9-photos.leclercdrive.fr/image.ashx?id=2802806&use=l&cat=p&typeid=i","cat":285340},{"id":202623,"n":"Lentilles blondes Eco  500g","p":0.89,"u":"1,78 €/KG","img":"https://fd9-photos.leclercdrive.fr/image.ashx?id=3003744&use=l&cat=p&typeid=i","cat":284430},{"id":202675,"n":"Pavé d'Affinois Extra gourmand - 200g","p":2.59,"u":"12,95 €/KG","img":"https://fd9-photos.leclercdrive.fr/image.ashx?id=3002072&use=l&cat=p&typeid=i","cat":314033},{"id":202857,"n":"Couches Pampers Premium Protection - T2 - x54","p":18.06,"u":"0,33 €/P","img":"https://fd9-photos.leclercdrive.fr/image.ashx?id=2683367&use=l&cat=p&typeid=i","cat":284737},{"id":202858,"n":"Couches Pampers Premium Protection - T4 - x39","p":17.17,"u":"0,44 €/P","img":"https://fd9-photos.leclercdrive.fr/image.ashx?id=2683370&use=l&cat=p&typeid=i","cat":284737},{"id":202872,"n":"Sucrine Eco+ x2","p":0.89,"u":"0,45 €/P","img":"https://fd9-photos.leclercdrive.fr/image.ashx?id=2477535&use=l&cat=p&typeid=i","cat":284352},{"id":202879,"n":"Dos de cabillaud MSC Eco+ Sans peau et sans arête - 200g","p":4.97,"u":"24,85 €/KG","img":"https://fd9-photos.leclercdrive.fr/image.ashx?id=2714327&use=l&cat=p&typeid=i","cat":284342},{"id":202882,"n":"Filet de cabillaud MSC Eco+ Sans peau et sans arête - 200g","p":3.97,"u":"19,85 €/KG","img":"https://fd9-photos.leclercdrive.fr/image.ashx?id=2698558&use=l&cat=p&typeid=i","cat":284342},{"id":202888,"n":"Gel douche Adidas Active Start - 250ml","p":1.79,"u":"7,16 €/L","img":"https://fd9-photos.leclercdrive.fr/image.ashx?id=2990805&use=l&cat=p&typeid=i","cat":284619},{"id":202892,"n":"Filet de lieu noir Eco+ Sans peau et sans arête - 220g","p":2.97,"u":"13,50 €/KG","img":"https://fd9-photos.leclercdrive.fr/image.ashx?id=2966713&use=l&cat=p&typeid=i","cat":284342},{"id":203037,"n":"Shampooing Mixa Bébé  Très Doux - 300ml","p":2.38,"u":"7,93 €/L","img":"https://fd9-photos.leclercdrive.fr/image.ashx?id=2479321&use=l&cat=p&typeid=i","cat":284740},{"id":203041,"n":"Lait de toilette Mixa Bébé  Très Doux - 300ml","p":2.42,"u":"8,07 €/L","img":"https://fd9-photos.leclercdrive.fr/image.ashx?id=2479324&use=l&cat=p&typeid=i","cat":284741},{"id":203042,"n":"Gel Toilette Intime Extra Doux Intima Natural Hamamélis 200ml","p":3.08,"u":"15,40 €/L","img":"https://fd9-photos.leclercdrive.fr/image.ashx?id=2959871&use=l&cat=p&typeid=i","cat":284627},{"id":203043,"n":"Gel Toilette Intime Régulateur Intima Natural Cranberry 200ml","p":3.34,"u":"16,70 €/L","img":"https://fd9-photos.leclercdrive.fr/image.ashx?id=2959874&use=l&cat=p&typeid=i","cat":284627},{"id":203050,"n":"Recharge Sense & Spray Glade Ocean Adventure - 18 ml","p":3.99,"u":"221,67 €/L","img":"https://fd9-photos.leclercdrive.fr/image.ashx?id=2634352&use=l&cat=p&typeid=i","cat":311629},{"id":203052,"n":"Recharge pour diffuseur Glade  Bois de Santal & Jasmin - 18ml","p":3.99,"u":"221,67 €/L","img":"https://fd9-photos.leclercdrive.fr/image.ashx?id=2634358&use=l&cat=p&typeid=i","cat":311629},{"id":203055,"n":"Diffuseur Automatic Spray Glade Sandalwood & Jasmine - 269 ml","p":9.63,"img":"https://fd9-photos.leclercdrive.fr/image.ashx?id=2866007&use=l&cat=p&typeid=i","cat":311629},{"id":203057,"n":"Recharge Touch & Fresh Glade Muguet - 10ml","p":3.39,"u":"339,00 €/L","img":"https://fd9-photos.leclercdrive.fr/image.ashx?id=2506612&use=l&cat=p&typeid=i","cat":311629},{"id":203059,"n":"Recharge Touch & Fresh Glade Sandalwood & Jasmine - 10 ml","p":3.39,"u":"339,00 €/L","img":"https://fd9-photos.leclercdrive.fr/image.ashx?id=2914744&use=l&cat=p&typeid=i","cat":311629},{"id":203063,"n":"Gel désodorisant Glade  Longue durée - Muguet - x1","p":1.65,"img":"https://fd9-photos.leclercdrive.fr/image.ashx?id=2479429&use=l&cat=p&typeid=i","cat":311628},{"id":203088,"n":"Pizza moelleuse Turini  Végétale - 610g","p":3.3,"u":"5,41 €/KG","img":"https://fd9-photos.leclercdrive.fr/image.ashx?id=2816612&use=l&cat=p&typeid=i","cat":284256},{"id":203089,"n":"Pizza au feu de bois Turini Chèvre et miel - 410g","p":2.65,"u":"6,46 €/KG","img":"https://fd9-photos.leclercdrive.fr/image.ashx?id=2816615&use=l&cat=p&typeid=i","cat":284256},{"id":203209,"n":"Petits plaisirs  Ferrero Rocher Chocolat - 126g","p":4.99,"u":"39,60 €/KG","img":"https://fd9-photos.leclercdrive.fr/image.ashx?id=2945008&use=l&cat=p&typeid=i","cat":327600},{"id":203433,"n":"Gel douche Homme Adidas After Sport - 250ml","p":1.68,"u":"6,72 €/L","img":"https://fd9-photos.leclercdrive.fr/image.ashx?id=2990799&use=l&cat=p&typeid=i","cat":284619},{"id":203471,"n":"Banane Eco+ x4","p":0.79,"u":"0,20 €/P","img":"https://fd9-photos.leclercdrive.fr/image.ashx?id=2600252&use=l&cat=p&typeid=i","cat":284356},{"id":203476,"n":"Mâche Eco+ 125g","p":0.99,"img":"https://fd9-photos.leclercdrive.fr/image.ashx?id=2958305&use=l&cat=p&typeid=i","cat":284352},{"id":203505,"n":"Apéricroq campagnard Maison Monterrat - 450g","p":4.6,"u":"10,22 €/KG","img":"https://fd9-photos.leclercdrive.fr/image.ashx?id=2482684&use=l&cat=p&typeid=i","cat":316003},{"id":203506,"n":"Apéricroq Le Richelieu Maison Monterrat - 450g","p":4.93,"u":"10,96 €/KG","img":"https://fd9-photos.leclercdrive.fr/image.ashx?id=2482687&use=l&cat=p&typeid=i","cat":316003},{"id":203783,"n":"Grilletine Pasquier Céréales et graines - 255g","p":2.17,"u":"8,51 €/KG","img":"https://fd9-photos.leclercdrive.fr/image.ashx?id=2642393&use=l&cat=p&typeid=i","cat":284479},{"id":203801,"n":"Dentifrice Parodontax Haleine gencives et Sensibilité 75ml","p":5.02,"u":"66,93 €/L","img":"https://fd9-photos.leclercdrive.fr/image.ashx?id=2487084&use=l&cat=p&typeid=i","cat":284612},{"id":203821,"n":"Boîte chien Pedigree  Cuisinés en sauce - 6x400g","p":8.54,"u":"3,56 €/KG","img":"https://fd9-photos.leclercdrive.fr/image.ashx?id=2849722&use=l&cat=p&typeid=i","cat":288578},{"id":203822,"n":"Boîte chien Pedigree Cuisinés en sauce - 4x400g","p":6.02,"u":"3,76 €/KG","img":"https://fd9-photos.leclercdrive.fr/image.ashx?id=2849719&use=l&cat=p&typeid=i","cat":288578},{"id":203823,"n":"Sachet fraicheur chat Whiskas Carte mixte en gelée - 48x85g","p":16.27,"u":"3,99 €/KG","img":"https://fd9-photos.leclercdrive.fr/image.ashx?id=2486916&use=l&cat=p&typeid=i","cat":285286},{"id":203826,"n":"Sachet fraicheur chat Whiskas Poissons en gelée - 12x85g","p":4.77,"u":"4,68 €/KG","img":"https://fd9-photos.leclercdrive.fr/image.ashx?id=2486910&use=l&cat=p&typeid=i","cat":285286},{"id":204050,"n":"Haricots vert Bio Village Bio 220g","p":1.49,"u":"6,77 €/KG","img":"https://fd9-photos.leclercdrive.fr/image.ashx?id=3002716&use=l&cat=p&typeid=i","cat":312606},{"id":204054,"n":"Thon entier Pèche Océan MSC 2x70g","p":1.59,"u":"11,36 €/KG","img":"https://fd9-photos.leclercdrive.fr/image.ashx?id=2942238&use=l&cat=p&typeid=i","cat":303867},{"id":204058,"n":"Céréales Special K Kellogg's Chocolat au Lait - 500g","p":3.69,"u":"7,38 €/KG","img":"https://fd9-photos.leclercdrive.fr/image.ashx?id=2692713&use=l&cat=p&typeid=i","cat":309512},{"id":204061,"n":"Mais Bio Village Bio - 285g","p":1.09,"u":"3,82 €/KG","img":"https://fd9-photos.leclercdrive.fr/image.ashx?id=3002719&use=l&cat=p&typeid=i","cat":312611},{"id":204073,"n":"Fromage Fouetté Ail Fines Herbe à tartiner Les Croisés - 150g","p":1.53,"u":"10,20 €/KG","img":"https://fd9-photos.leclercdrive.fr/image.ashx?id=2487398&use=l&cat=p&typeid=i","cat":314029},{"id":204131,"n":"Nettoyant four Decapfour  Express - 500ml","p":3.45,"u":"6,90 €/L","img":"https://fd9-photos.leclercdrive.fr/image.ashx?id=2489719&use=l&cat=p&typeid=i","cat":325363},{"id":204162,"n":"Boîte chien Pedigree Terrine - 6x400g","p":8.79,"img":"https://fd9-photos.leclercdrive.fr/image.ashx?id=2849725&use=l&cat=p&typeid=i","cat":288578},{"id":204164,"n":"Sachet fraicheur chat Whiskas Poissons en gelée - 24x85g","p":9.44,"u":"4,63 €/KG","img":"https://fd9-photos.leclercdrive.fr/image.ashx?id=2490200&use=l&cat=p&typeid=i","cat":285286},{"id":204169,"n":"Sachet fraicheur chat Whiskas Festins volaille gelée - 12x85g","p":4.86,"u":"4,76 €/KG","img":"https://fd9-photos.leclercdrive.fr/image.ashx?id=2490329&use=l&cat=p&typeid=i","cat":285286},{"id":204179,"n":"Sachet fraicheur chat Whiskas Tasty Mix en sauce - 40x85g","p":16.1,"u":"4,74 €/KG","img":"https://fd9-photos.leclercdrive.fr/image.ashx?id=2589488&use=l&cat=p&typeid=i","cat":285286},{"id":204221,"n":"Mon jambon supérieur Madrange Au torchon - 4 tranches - 160g","p":2.81,"u":"17,56 €/KG","img":"https://fd9-photos.leclercdrive.fr/image.ashx?id=3008203&use=l&cat=p&typeid=i","cat":316009},{"id":204248,"n":"Galettes St Michel Fourrées Chocolat au lait 240g","p":1.95,"u":"8,13 €/KG","img":"https://fd9-photos.leclercdrive.fr/image.ashx?id=2950000&use=l&cat=p&typeid=i","cat":284487},{"id":204249,"n":"Galettes Moelleuses St Michel  Tigrées Chocolat - 180g","p":1.78,"u":"9,89 €/KG","img":"https://fd9-photos.leclercdrive.fr/image.ashx?id=2950006&use=l&cat=p&typeid=i","cat":284495},{"id":204302,"n":"Shampoing nutrition Ultra Doux Lait de coco - 300ml","p":3.11,"u":"10,37 €/L","img":"https://fd9-photos.leclercdrive.fr/image.ashx?id=2492788&use=l&cat=p&typeid=i","cat":284606},{"id":204303,"n":"Shampoing purifiant Ultra Doux Cheveux gras - 300ml","p":2.92,"u":"9,73 €/L","img":"https://fd9-photos.leclercdrive.fr/image.ashx?id=2492791&use=l&cat=p&typeid=i","cat":284606},{"id":204304,"n":"Shampoing Illuminant Ultra Doux Camomille - 300ml","p":2.66,"u":"8,87 €/L","img":"https://fd9-photos.leclercdrive.fr/image.ashx?id=2926596&use=l&cat=p&typeid=i","cat":284606},{"id":204305,"n":"Shampoing nutrition Ultra Doux Argan et camélia - 300ml","p":2.65,"u":"8,83 €/L","img":"https://fd9-photos.leclercdrive.fr/image.ashx?id=2492797&use=l&cat=p&typeid=i","cat":284606},{"id":204306,"n":"Shampoing nutrition Ultra Doux Cheveu Bouclé à Frisé - 300ml","p":2.57,"u":"8,57 €/L","img":"https://fd9-photos.leclercdrive.fr/image.ashx?id=2926599&use=l&cat=p&typeid=i","cat":284606},{"id":204307,"n":"Shampoing Couleur Ultra Doux Cheveux colorés - 300ml","p":2.65,"u":"8,83 €/L","img":"https://fd9-photos.leclercdrive.fr/image.ashx?id=2492803&use=l&cat=p&typeid=i","cat":284606},{"id":204308,"n":"Shampoing Enfants Ultra Doux Abricot - 300ml","p":2.69,"u":"8,97 €/L","img":"https://fd9-photos.leclercdrive.fr/image.ashx?id=2851093&use=l&cat=p&typeid=i","cat":284606},{"id":204310,"n":"Shampoing Hydratant Ultra Doux Cheveux délicats - 300ml","p":2.69,"u":"8,97 €/L","img":"https://fd9-photos.leclercdrive.fr/image.ashx?id=2492812&use=l&cat=p&typeid=i","cat":284606},{"id":204311,"n":"Shampoing doux Ultra Doux Extrait de tilleul - 300ml","p":2.8,"u":"9,33 €/L","img":"https://fd9-photos.leclercdrive.fr/image.ashx?id=2492815&use=l&cat=p&typeid=i","cat":284606},{"id":204313,"n":"Après-shampooing karité Garnier Cheveu bouclé à Frisé - 250ml","p":2.64,"u":"10,56 €/L","img":"https://fd9-photos.leclercdrive.fr/image.ashx?id=2986651&use=l&cat=p&typeid=i","cat":284607},{"id":204314,"n":"Après-shampoing Ultra doux Cheveux fragiles - 250ml","p":2.72,"u":"10,88 €/L","img":"https://fd9-photos.leclercdrive.fr/image.ashx?id=2646569&use=l&cat=p&typeid=i","cat":284607},{"id":204316,"n":"Shampoing réparateur Ultra Doux Cheveux fragiles - 300ml","p":2.68,"u":"8,93 €/L","img":"https://fd9-photos.leclercdrive.fr/image.ashx?id=2646572&use=l&cat=p&typeid=i","cat":284606},{"id":204320,"n":"Crème fraîche épaisse Président Entière 30%MG - 20cl","p":1.31,"u":"6,55 €/L","img":"https://fd9-photos.leclercdrive.fr/image.ashx?id=2973574&use=l&cat=p&typeid=i","cat":284381},{"id":204327,"n":"Soupe instantanée Royco  Velouté Tomates - 4x200ml","p":1.38,"u":"1,73 €/L","img":"https://fd9-photos.leclercdrive.fr/image.ashx?id=2650991&use=l&cat=p&typeid=i","cat":293527},{"id":204328,"n":"Soupe instantanée Royco  Mouliné 12 Légumes - 4x200ml","p":1.6,"u":"2,00 €/L","img":"https://fd9-photos.leclercdrive.fr/image.ashx?id=2650994&use=l&cat=p&typeid=i","cat":293527},{"id":204488,"n":"Dentifrice Aquafresh Triple Protection Blancheur - 125ml","p":1.76,"u":"14,08 €/L","img":"https://fd9-photos.leclercdrive.fr/image.ashx?id=2546755&use=l&cat=p&typeid=i","cat":284612},{"id":204717,"n":"Soda Schweppes Saveur Agrumes Zero - 1,5L","p":1.75,"u":"1,17 €/L","img":"https://fd9-photos.leclercdrive.fr/image.ashx?id=2852444&use=l&cat=p&typeid=i","cat":284532},{"id":204718,"n":"Soda Schweppes Saveur Agrumes - 1,5L","p":1.65,"u":"1,10 €/L","img":"https://fd9-photos.leclercdrive.fr/image.ashx?id=2852447&use=l&cat=p&typeid=i","cat":284532},{"id":204719,"n":"Soda Schweppes Indian Tonic - 1,5L","p":1.7,"u":"1,13 €/L","img":"https://fd9-photos.leclercdrive.fr/image.ashx?id=2852456&use=l&cat=p&typeid=i","cat":284531},{"id":204742,"n":"Sainte-Marguerite Les Croisés 200g","p":2.37,"u":"11,85 €/KG","img":"https://fd9-photos.leclercdrive.fr/image.ashx?id=2523534&use=l&cat=p&typeid=i","cat":329558},{"id":204747,"n":"Dentifrice Aquafresh Menthe fraîche - 125ml","p":2.04,"u":"16,32 €/L","img":"https://fd9-photos.leclercdrive.fr/image.ashx?id=2546752&use=l&cat=p&typeid=i","cat":284612},{"id":204788,"n":"Gnocchi à poêler Lustucru 325g","p":1.5,"u":"4,62 €/KG","img":"https://fd9-photos.leclercdrive.fr/image.ashx?id=2975218&use=l&cat=p&typeid=i","cat":333682},{"id":204789,"n":"Gnocchi à poêler Lustucru 520g","p":2.24,"u":"4,31 €/KG","img":"https://fd9-photos.leclercdrive.fr/image.ashx?id=2792423&use=l&cat=p&typeid=i","cat":333682},{"id":204792,"n":"Girasoli Lustucru Tomate Basilic Mozzarella 250g","p":2.43,"u":"9,72 €/KG","img":"https://fd9-photos.leclercdrive.fr/image.ashx?id=2974363&use=l&cat=p&typeid=i","cat":333682},{"id":204796,"n":"Tortellini Lustucru Jambon cru - 250g","p":2.38,"u":"9,52 €/KG","img":"https://fd9-photos.leclercdrive.fr/image.ashx?id=2974360&use=l&cat=p&typeid=i","cat":333682},{"id":204944,"n":"Paëlla de volaille et moules  Eco+ - 1kg","p":3.32,"u":"3,32 €/KG","img":"https://fd9-photos.leclercdrive.fr/image.ashx?id=2781287&use=l&cat=p&typeid=i","cat":325094},{"id":204952,"n":"Thon Sauce Catalane Petit Navire - 140g","p":1.67,"u":"11,93 €/KG","img":"https://fd9-photos.leclercdrive.fr/image.ashx?id=2989072&use=l&cat=p&typeid=i","cat":303867},{"id":205232,"n":"Serviettes Always Ultra Normal Plus - T1 - x14","p":2.5,"u":"0,18 €/P","img":"https://fd9-photos.leclercdrive.fr/image.ashx?id=2851321&use=l&cat=p&typeid=i","cat":284624},{"id":205235,"n":"Serviettes Always Ultra Secure night -T4 - x9","p":2.66,"u":"0,30 €/P","img":"https://fd9-photos.leclercdrive.fr/image.ashx?id=2851330&use=l&cat=p&typeid=i","cat":284624},{"id":205236,"n":"Protège-slip Always Fresh & Protect - Normal - x30","p":1.63,"u":"0,05 €/P","img":"https://fd9-photos.leclercdrive.fr/image.ashx?id=2949070&use=l&cat=p&typeid=i","cat":284625},{"id":205239,"n":"Nettoyant four Decapfour Confort - 500ml","p":3.75,"u":"7,50 €/L","img":"https://fd9-photos.leclercdrive.fr/image.ashx?id=2499669&use=l&cat=p&typeid=i","cat":325363},{"id":205303,"n":"Gel lavant Sanytol Désinfectant cuisine - 250ml","p":2.96,"u":"11,84 €/L","img":"https://fd9-photos.leclercdrive.fr/image.ashx?id=2904661&use=l&cat=p&typeid=i","cat":284597},{"id":205304,"n":"Bandes de cire froide Expert Veet Corps Peaux sensibles x40","p":8.8,"u":"0,22 €/P","img":"https://fd9-photos.leclercdrive.fr/image.ashx?id=2964959&use=l&cat=p&typeid=i","cat":325351},{"id":205321,"n":"Masque Merveilleux Garnier Cheveux Secs, Ternes - 340ml","p":5.17,"u":"15,21 €/L","img":"https://fd9-photos.leclercdrive.fr/image.ashx?id=2500165&use=l&cat=p&typeid=i","cat":284608},{"id":205322,"n":"Masque remède Nutrition Garnier Avocat karité - 340ml","p":4.62,"u":"13,59 €/L","img":"https://fd9-photos.leclercdrive.fr/image.ashx?id=2875453&use=l&cat=p&typeid=i","cat":284608},{"id":205432,"n":"Saucisson Pata Negra Labeyrie 60g","p":2.78,"u":"46,33 €/KG","img":"https://fd9-photos.leclercdrive.fr/image.ashx?id=2829706&use=l&cat=p&typeid=i","cat":316007},{"id":205892,"n":"Nettoyant multi-usages Mr Propre - Savon noir - 1L","p":2.77,"u":"2,77 €/L","img":"https://fd9-photos.leclercdrive.fr/image.ashx?id=2889976&use=l&cat=p&typeid=i","cat":284907},{"id":205922,"n":"Sauce Panzani Carbonara - 370g","p":2.78,"u":"7,51 €/KG","img":"https://fd9-photos.leclercdrive.fr/image.ashx?id=2918568&use=l&cat=p&typeid=i","cat":287599},{"id":205940,"n":"Couches Pampers Baby-dry T4+ - x40","p":17.19,"u":"0,43 €/P","img":"https://fd9-photos.leclercdrive.fr/image.ashx?id=2655526&use=l&cat=p&typeid=i","cat":284737},{"id":205942,"n":"Couches Pampers Baby-dry T3 - x52","p":16.25,"u":"0,31 €/P","img":"https://fd9-photos.leclercdrive.fr/image.ashx?id=2655154&use=l&cat=p&typeid=i","cat":284737},{"id":205957,"n":"Fromage Persillée Bresse Bleu Le véritable - 300g","p":3.97,"u":"13,23 €/KG","img":"https://fd9-photos.leclercdrive.fr/image.ashx?id=2926515&use=l&cat=p&typeid=i","cat":314032},{"id":206033,"n":"Biscuits Mots Doux P'tit Déli Chocolat noisettes - 180g","p":1.89,"u":"10,50 €/KG","img":"https://fd9-photos.leclercdrive.fr/image.ashx?id=2771136&use=l&cat=p&typeid=i","cat":284488},{"id":206110,"n":"Papier toilette Le Trèfle Maxi douceur - x6","p":4.8,"img":"https://fd9-photos.leclercdrive.fr/image.ashx?id=2859926&use=l&cat=p&typeid=i","cat":284634},{"id":206123,"n":"Liquide vaisselle Paic Bi Activ Vinaigre et Sel minéral - 750ml","p":2.96,"u":"3,95 €/L","img":"https://fd9-photos.leclercdrive.fr/image.ashx?id=2508843&use=l&cat=p&typeid=i","cat":284655},{"id":206125,"n":"Riz parfumé  1kg","p":2.29,"u":"2,29 €/KG","img":"https://fd9-photos.leclercdrive.fr/image.ashx?id=2515521&use=l&cat=p&typeid=i","cat":284428},{"id":206126,"n":"Infusion La Tisanière Nuit calme - x20 - 28g","p":2.67,"u":"95,36 €/KG","img":"https://fd9-photos.leclercdrive.fr/image.ashx?id=2907863&use=l&cat=p&typeid=i","cat":293234},{"id":206132,"n":"Infusion La Tisanière Après repas - x20 - 30g","p":2.83,"u":"94,33 €/KG","img":"https://fd9-photos.leclercdrive.fr/image.ashx?id=2843947&use=l&cat=p&typeid=i","cat":293234},{"id":206135,"n":"Infusion La Tisanière Fleur de camomille - x20  - 30g","p":2.74,"u":"91,33 €/KG","img":"https://fd9-photos.leclercdrive.fr/image.ashx?id=2880700&use=l&cat=p&typeid=i","cat":293234},{"id":206138,"n":"Boisson concentrée Teisseire Grenadine zéro sucres - 1,3L","p":5.01,"u":"3,85 €/L","img":"https://fd9-photos.leclercdrive.fr/image.ashx?id=2508585&use=l&cat=p&typeid=i","cat":295020},{"id":206139,"n":"Sirop Teisseire Cassis - 60cl","p":3.44,"u":"5,73 €/L","img":"https://fd9-photos.leclercdrive.fr/image.ashx?id=2508588&use=l&cat=p&typeid=i","cat":295020},{"id":206140,"n":"Sirop concentré Teisseire Citron vert - 60cl","p":3.38,"u":"5,63 €/L","img":"https://fd9-photos.leclercdrive.fr/image.ashx?id=2508591&use=l&cat=p&typeid=i","cat":295020},{"id":206142,"n":"Sirop Teisseire  Fraise - 60cl","p":3.43,"u":"5,72 €/L","img":"https://fd9-photos.leclercdrive.fr/image.ashx?id=2771750&use=l&cat=p&typeid=i","cat":295020},{"id":206143,"n":"Sirop Teisseire  Pêche - 60cl","p":3.44,"u":"5,73 €/L","img":"https://fd9-photos.leclercdrive.fr/image.ashx?id=2508597&use=l&cat=p&typeid=i","cat":295020},{"id":206144,"n":"Boisson concentrée Teisseire A diluer grenadine Zéro - 60cl","p":2.72,"u":"4,53 €/L","img":"https://fd9-photos.leclercdrive.fr/image.ashx?id=2508600&use=l&cat=p&typeid=i","cat":295020},{"id":206147,"n":"Boisson concentrée Teisseire Menthe verte sans sucres - 60cl","p":2.74,"u":"4,57 €/L","img":"https://fd9-photos.leclercdrive.fr/image.ashx?id=2508603&use=l&cat=p&typeid=i","cat":295020},{"id":206149,"n":"Boisson concentrée Teisseire Citron sans sucres - 60cl","p":2.89,"u":"4,82 €/L","img":"https://fd9-photos.leclercdrive.fr/image.ashx?id=2508606&use=l&cat=p&typeid=i","cat":295020},{"id":206163,"n":"Sirop Teisseire  Menthe verte - 60cl","p":2.38,"u":"3,97 €/L","img":"https://fd9-photos.leclercdrive.fr/image.ashx?id=2772726&use=l&cat=p&typeid=i","cat":295020},{"id":206164,"n":"Sirop Teisseire  Grenadine - 60cl","p":2.25,"u":"3,75 €/L","img":"https://fd9-photos.leclercdrive.fr/image.ashx?id=2772729&use=l&cat=p&typeid=i","cat":295020},{"id":206169,"n":"Sirop Tesseire Citron - 60cl","p":2.48,"u":"4,13 €/L","img":"https://fd9-photos.leclercdrive.fr/image.ashx?id=2771747&use=l&cat=p&typeid=i","cat":295020},{"id":206172,"n":"Biscuits Kinder Tronky fourrés Cacao et au lait  - 90g","p":1.59,"u":"17,67 €/KG","img":"https://fd9-photos.leclercdrive.fr/image.ashx?id=2916462&use=l&cat=p&typeid=i","cat":284488},{"id":206315,"n":"Boisson énergisante  Monster - Juiced khaotic 50cl","p":1.75,"u":"3,50 €/L","img":"https://fd9-photos.leclercdrive.fr/image.ashx?id=2511047&use=l&cat=p&typeid=i","cat":284533},{"id":206446,"n":"Bière d'Abbaye Grimbergen 6,5° - 20x25cl","p":16.96,"u":"3,39 €/L","img":"https://fd9-photos.leclercdrive.fr/image.ashx?id=2510771&use=l&cat=p&typeid=i","cat":334852},{"id":206448,"n":"Rhum blanc  La Martiniquaise 40° 20cl","p":3.41,"u":"17,05 €/L","img":"https://fd9-photos.leclercdrive.fr/image.ashx?id=2962242&use=l&cat=p&typeid=i","cat":284550},{"id":206534,"n":"Dos de lieu noir Eco+ 200g","p":3.99,"u":"19,95 €/KG","img":"https://fd9-photos.leclercdrive.fr/image.ashx?id=2966716&use=l&cat=p&typeid=i","cat":284342},{"id":206548,"n":"Le Fouetté Soignon Ail et fines herbes - 140g","p":2.37,"u":"16,93 €/KG","img":"https://fd9-photos.leclercdrive.fr/image.ashx?id=2511853&use=l&cat=p&typeid=i","cat":314029},{"id":206571,"n":"Pizza jambon fromage 30 toasts - 450g","p":8.31,"u":"18,47 €/KG","img":"https://fd9-photos.leclercdrive.fr/image.ashx?id=2763361&use=l&cat=p&typeid=i","cat":316003},{"id":206572,"n":"Quiche lorraine 30 toasts - 500g","p":7.95,"u":"15,90 €/KG","img":"https://fd9-photos.leclercdrive.fr/image.ashx?id=2871895&use=l&cat=p&typeid=i","cat":333680},{"id":206575,"n":"Mortadelle CharcuFine du Forez 5 tranches - 80g","p":1.29,"u":"16,13 €/KG","img":"https://fd9-photos.leclercdrive.fr/image.ashx?id=2913265&use=l&cat=p&typeid=i","cat":316009},{"id":206582,"n":"Liquide vaiselle Paic Bi Activ Vinaigre et citron - 750ml","p":2.98,"u":"3,97 €/L","img":"https://fd9-photos.leclercdrive.fr/image.ashx?id=2966797&use=l&cat=p&typeid=i","cat":284655},{"id":206606,"n":"Bâtonnets Trium Vanille chocolat blanc x4 314g","p":2.8,"u":"8,92 €/KG","img":"https://fd9-photos.leclercdrive.fr/image.ashx?id=2791392&use=l&cat=p&typeid=i","cat":284265},{"id":206613,"n":"Thé glacé Oasis Ice Tea Saveur Framboise Cassis - 1,5L","p":1.9,"u":"1,27 €/L","img":"https://fd9-photos.leclercdrive.fr/image.ashx?id=2681730&use=l&cat=p&typeid=i","cat":295019},{"id":206614,"n":"Thé glacé Oasis Ice Tea Saveur Pêche - 6x33cl","p":3.62,"u":"1,83 €/L","img":"https://fd9-photos.leclercdrive.fr/image.ashx?id=2873865&use=l&cat=p&typeid=i","cat":295019},{"id":206615,"n":"Boisson aux fruits Oasis Tropical sans sucres - 1,5L","p":2.01,"u":"1,34 €/L","img":"https://fd9-photos.leclercdrive.fr/image.ashx?id=2681739&use=l&cat=p&typeid=i","cat":295018},{"id":206617,"n":"Lessive liquide Arbre Vert Recharge x34 - 1.53L","p":6.08,"u":"3,97 €/L","img":"https://fd9-photos.leclercdrive.fr/image.ashx?id=2680209&use=l&cat=p&typeid=i","cat":284640},{"id":206725,"n":"Bâtonnet Magnum Double Sunlover x4 - 300g","p":3.78,"u":"12,60 €/KG","img":"https://fd9-photos.leclercdrive.fr/image.ashx?id=2886397&use=l&cat=p&typeid=i","cat":284265},{"id":206726,"n":"Glace Bâtonnet MAGNUM Double Caramel 4x85ml","p":2.92,"u":"10,28 €/KG","img":"https://fd9-photos.leclercdrive.fr/image.ashx?id=2770626&use=l&cat=p&typeid=i","cat":284265},{"id":206727,"n":"Bâtonnet Magnum Double Chocolat x4 - 284g","p":2.92,"u":"10,28 €/KG","img":"https://fd9-photos.leclercdrive.fr/image.ashx?id=3009284&use=l&cat=p&typeid=i","cat":284265},{"id":206804,"n":"Fromage apéritif Apéricube Jambon 15 cubes","p":1.61,"u":"20,64 €/KG","img":"https://fd9-photos.leclercdrive.fr/image.ashx?id=2882659&use=l&cat=p&typeid=i","cat":314027},{"id":206935,"n":"Thon entier Eco+ 140g","p":1.33,"u":"9,50 €/KG","img":"https://fd9-photos.leclercdrive.fr/image.ashx?id=2755004&use=l&cat=p&typeid=i","cat":303867},{"id":206985,"n":"Haché de jambon Fleury Michon À poêler x2 - 190g","p":1.88,"u":"9,89 €/KG","img":"https://fd9-photos.leclercdrive.fr/image.ashx?id=2518649&use=l&cat=p&typeid=i","cat":316009},{"id":206987,"n":"Haché jambon fromage  Fleury Michon x2 - 180g","p":1.99,"u":"11,06 €/KG","img":"https://fd9-photos.leclercdrive.fr/image.ashx?id=2522164&use=l&cat=p&typeid=i","cat":316009},{"id":206990,"n":"Haché de poulet Fleury Michon À poêler x2 - 160g","p":1.93,"u":"12,06 €/KG","img":"https://fd9-photos.leclercdrive.fr/image.ashx?id=2524709&use=l&cat=p&typeid=i","cat":316010},{"id":206994,"n":"Allumettes de poulet  Fleury Michon x2 - 150g","p":1.73,"u":"11,53 €/KG","img":"https://fd9-photos.leclercdrive.fr/image.ashx?id=2659647&use=l&cat=p&typeid=i","cat":316011},{"id":207017,"n":"Monster Top Speed Zero 50CL","p":1.55,"u":"3,10 €/L","img":"https://fd9-photos.leclercdrive.fr/image.ashx?id=2861174&use=l&cat=p&typeid=i","cat":284533},{"id":207044,"n":"Recharge Lessive l'Arbre Vert Amande Douce 34 lavages 1,53L","p":6.81,"u":"4,45 €/L","img":"https://fd9-photos.leclercdrive.fr/image.ashx?id=2684503&use=l&cat=p&typeid=i","cat":284640},{"id":207069,"n":"Glace Extrême Mini Fraise Vanille - x8 - 312g","p":4.23,"u":"13,56 €/KG","img":"https://fd9-photos.leclercdrive.fr/image.ashx?id=2732941&use=l&cat=p&typeid=i","cat":284264},{"id":207074,"n":"Vaisselle mains L'Arbre Vert Peaux sensibles - 500ml","p":1.62,"u":"3,24 €/L","img":"https://fd9-photos.leclercdrive.fr/image.ashx?id=2845428&use=l&cat=p&typeid=i","cat":284655},{"id":207075,"n":"Vaisselle Main L'Arbre Vert Amande - 500ml","p":1.54,"u":"3,08 €/L","img":"https://fd9-photos.leclercdrive.fr/image.ashx?id=2845431&use=l&cat=p&typeid=i","cat":284655},{"id":207076,"n":"Recharge Vaisselle mains L'Arbre Vert - Amande - 1L","p":2.58,"u":"2,58 €/L","img":"https://fd9-photos.leclercdrive.fr/image.ashx?id=2849926&use=l&cat=p&typeid=i","cat":284655},{"id":207078,"n":"Nectar orange  Cidou Bio - 1L","p":2.1,"u":"2,10 €/L","img":"https://fd9-photos.leclercdrive.fr/image.ashx?id=2520237&use=l&cat=p&typeid=i","cat":284521},{"id":207137,"n":"Assouplissant Minidou Vent de fraîcheur - 1L - x50","p":4.3,"u":"4,30 €/L","img":"https://fd9-photos.leclercdrive.fr/image.ashx?id=2795887&use=l&cat=p&typeid=i","cat":284650},{"id":207141,"n":"Préservatifs Durex Nude Extra Fins Peau contre Peau x10","p":8.29,"u":"0,83 €/P","img":"https://fd9-photos.leclercdrive.fr/image.ashx?id=2962017&use=l&cat=p&typeid=i","cat":284631},{"id":207142,"n":"Gel Lubrifiant Intime Durex Sensitive base Eau 100ml","p":6.86,"u":"68,60 €/L","img":"https://fd9-photos.leclercdrive.fr/image.ashx?id=2961203&use=l&cat=p&typeid=i","cat":285160},{"id":207198,"n":"Recharge lessive liquide  Rainette Aloe vera - 1.6L","p":5.99,"u":"3,74 €/L","img":"https://fd9-photos.leclercdrive.fr/image.ashx?id=2858684&use=l&cat=p&typeid=i","cat":284640},{"id":207199,"n":"Recharge lessive liquide  Rainett Savon de Marseille 1.6L","p":6.42,"u":"4,01 €/L","img":"https://fd9-photos.leclercdrive.fr/image.ashx?id=2842129&use=l&cat=p&typeid=i","cat":284640},{"id":207210,"n":"Fromage à tartiner Kiri Délicieusement fouetté - 125g","p":2.27,"u":"18,16 €/KG","img":"https://fd9-photos.leclercdrive.fr/image.ashx?id=2686591&use=l&cat=p&typeid=i","cat":314029},{"id":207240,"n":"Lingettes bébé Pampers Harmonie Coco - x44","p":3.65,"u":"0,08 €/P","img":"https://fd9-photos.leclercdrive.fr/image.ashx?id=2527136&use=l&cat=p&typeid=i","cat":284738},{"id":207262,"n":"Capsules Nescafé Dolce Gusto  Grande - x16","p":5.0,"u":"36,76 €/KG","img":"https://fd9-photos.leclercdrive.fr/image.ashx?id=2964153&use=l&cat=p&typeid=i","cat":293239},{"id":207308,"n":"Cuisse de poulet  1kg","p":4.39,"u":"4,39 €/KG","img":"https://fd9-photos.leclercdrive.fr/image.ashx?id=2524811&use=l&cat=p&typeid=i","cat":284336},{"id":207315,"n":"Escalope de dinde  600g","p":9.08,"u":"15,13 €/KG","img":"https://fd9-photos.leclercdrive.fr/image.ashx?id=2524820&use=l&cat=p&typeid=i","cat":284337},{"id":207396,"n":"Galettes moelleuses St Michel Marbrée Chocolat - 180g","p":1.99,"u":"11,06 €/KG","img":"https://fd9-photos.leclercdrive.fr/image.ashx?id=2936263&use=l&cat=p&typeid=i","cat":284487},{"id":207401,"n":"Adoucissant Soupline  Éclat de Fraîcheur - 28p","p":6.12,"u":"0,22 €/P","img":"https://fd9-photos.leclercdrive.fr/image.ashx?id=2583509&use=l&cat=p&typeid=i","cat":284650},{"id":207402,"n":"Adoucissant Soupline  Hypoallergénique - 28p","p":6.81,"u":"0,24 €/P","img":"https://fd9-photos.leclercdrive.fr/image.ashx?id=2818827&use=l&cat=p&typeid=i","cat":284650},{"id":207460,"n":"Crème glacée La Laitière Vanille bourbon - 490g","p":3.51,"u":"7,16 €/KG","img":"https://fd9-photos.leclercdrive.fr/image.ashx?id=3000009&use=l&cat=p&typeid=i","cat":284263},{"id":207467,"n":"Moutarde Forte Amora 430g","p":1.49,"u":"3,47 €/KG","img":"https://fd9-photos.leclercdrive.fr/image.ashx?id=2526079&use=l&cat=p&typeid=i","cat":288850},{"id":207469,"n":"Moutarde Forte Amora 185g","p":1.56,"u":"8,43 €/KG","img":"https://fd9-photos.leclercdrive.fr/image.ashx?id=2526082&use=l&cat=p&typeid=i","cat":288850},{"id":207471,"n":"Moutarde Mi-forte Amora 415g","p":1.47,"u":"3,54 €/KG","img":"https://fd9-photos.leclercdrive.fr/image.ashx?id=2993176&use=l&cat=p&typeid=i","cat":288850},{"id":207476,"n":"Moutarde de Dijon Fine MAILLE L'Original Bocal - 360g","p":1.47,"u":"4,08 €/KG","img":"https://fd9-photos.leclercdrive.fr/image.ashx?id=2945841&use=l&cat=p&typeid=i","cat":288850},{"id":207478,"n":"Moutarde à l'Ancienne MAILLE Bocal - 360g","p":2.54,"u":"7,06 €/KG","img":"https://fd9-photos.leclercdrive.fr/image.ashx?id=2664307&use=l&cat=p&typeid=i","cat":288850},{"id":207491,"n":"Cône Extrême Nestle Coco  Mangue - x6 - 414g","p":4.07,"u":"9,83 €/KG","img":"https://fd9-photos.leclercdrive.fr/image.ashx?id=2844579&use=l&cat=p&typeid=i","cat":284264},{"id":207492,"n":"Crème glacée La Laitière Vanille pécan - 490g","p":3.62,"u":"7,39 €/KG","img":"https://fd9-photos.leclercdrive.fr/image.ashx?id=3000015&use=l&cat=p&typeid=i","cat":284263},{"id":207540,"n":"Croûtons Tipiak Ail - 75g","p":1.52,"u":"20,27 €/KG","img":"https://fd9-photos.leclercdrive.fr/image.ashx?id=2684461&use=l&cat=p&typeid=i","cat":284464},{"id":207551,"n":"Dentifrice Naturals Aquafresh Blancheur charbon - 75ml","p":1.86,"u":"24,80 €/L","img":"https://fd9-photos.leclercdrive.fr/image.ashx?id=2527079&use=l&cat=p&typeid=i","cat":284612},{"id":207627,"n":"ST MARC Pistolet Antibactérien - 750ml","p":2.01,"u":"2,68 €/L","img":"https://fd9-photos.leclercdrive.fr/image.ashx?id=2528054&use=l&cat=p&typeid=i","cat":325357},{"id":208150,"n":"Guacamole Florette 175g","p":2.99,"u":"17,09 €/KG","img":"https://fd9-photos.leclercdrive.fr/image.ashx?id=2733010&use=l&cat=p&typeid=i","cat":315999},{"id":208271,"n":"Capsules café L'Or Espresso Forza N°9 x50","p":13.38,"u":"51,46 €/KG","img":"https://fd9-photos.leclercdrive.fr/image.ashx?id=3000471&use=l&cat=p&typeid=i","cat":284749},{"id":208385,"n":"Capsules café L'Or Espresso Delizioso N°5 x50","p":13.27,"u":"51,04 €/KG","img":"https://fd9-photos.leclercdrive.fr/image.ashx?id=2788064&use=l&cat=p&typeid=i","cat":284749},{"id":208417,"n":"Capsules café L'Or Espresso Ristretto N°11 x50","p":13.27,"u":"51,04 €/KG","img":"https://fd9-photos.leclercdrive.fr/image.ashx?id=3000474&use=l&cat=p&typeid=i","cat":284749},{"id":208421,"n":"Infusion fruits rouges Elephant Touche de menthe - 40g","p":2.8,"u":"70,00 €/KG","img":"https://fd9-photos.leclercdrive.fr/image.ashx?id=2813104&use=l&cat=p&typeid=i","cat":293234},{"id":208426,"n":"Infusion Eléphant Tilleul Citron  - x20 - 28g","p":2.85,"u":"101,79 €/KG","img":"https://fd9-photos.leclercdrive.fr/image.ashx?id=2530284&use=l&cat=p&typeid=i","cat":293234},{"id":208484,"n":"Chips paysanne Lay's Saveur Oignon de Roscoff - 120g","p":1.47,"u":"12,25 €/KG","img":"https://fd9-photos.leclercdrive.fr/image.ashx?id=2810777&use=l&cat=p&typeid=i","cat":284447},{"id":208580,"n":"Frites Pom Bistro au Piment d'Espelette - 500g","p":3.01,"u":"6,02 €/KG","img":"https://fd9-photos.leclercdrive.fr/image.ashx?id=2532069&use=l&cat=p&typeid=i","cat":319791},{"id":208611,"n":"Yaourt à boire Eco+ Vanille - 850g","p":1.33,"u":"1,56 €/KG","img":"https://fd9-photos.leclercdrive.fr/image.ashx?id=2543507&use=l&cat=p&typeid=i","cat":284415},{"id":208632,"n":"Crème glacée La Laitière Crème brulée - 490g","p":4.0,"u":"8,16 €/KG","img":"https://fd9-photos.leclercdrive.fr/image.ashx?id=2877880&use=l&cat=p&typeid=i","cat":284263},{"id":208636,"n":"Purée Mousline Crème et noix de muscade - 500g","p":3.2,"u":"6,40 €/KG","img":"https://fd9-photos.leclercdrive.fr/image.ashx?id=3011728&use=l&cat=p&typeid=i","cat":284431},{"id":208638,"n":"Purée Mousline x3 sachets - 195g","p":1.41,"u":"7,23 €/KG","img":"https://fd9-photos.leclercdrive.fr/image.ashx?id=3004414&use=l&cat=p&typeid=i","cat":284431},{"id":208642,"n":"Purée Mousline x4 - 520g","p":2.39,"u":"4,60 €/KG","img":"https://fd9-photos.leclercdrive.fr/image.ashx?id=3011734&use=l&cat=p&typeid=i","cat":284431},{"id":208651,"n":"Purée Mousline  x8 - 1.04 kg","p":4.38,"u":"4,21 €/KG","img":"https://fd9-photos.leclercdrive.fr/image.ashx?id=2986780&use=l&cat=p&typeid=i","cat":284431},{"id":208656,"n":"Sauce Apéro Florette Ail & Ciboulette - 175g","p":2.69,"u":"15,37 €/KG","img":"https://fd9-photos.leclercdrive.fr/image.ashx?id=2962767&use=l&cat=p&typeid=i","cat":284382},{"id":208658,"n":"Biscuit P'tit Deli Chocolat lait blanc - 150g","p":1.75,"u":"11,67 €/KG","img":"https://fd9-photos.leclercdrive.fr/image.ashx?id=2684835&use=l&cat=p&typeid=i","cat":284488},{"id":208680,"n":"Rosti","p":4.94,"u":"8,82 €/KG","img":"https://fd9-photos.leclercdrive.fr/image.ashx?id=2533049&use=l&cat=p&typeid=i","cat":284331},{"id":208683,"n":"Sauce Apéro Florette Fines herbes - 175g","p":2.69,"u":"15,37 €/KG","img":"https://fd9-photos.leclercdrive.fr/image.ashx?id=2962764&use=l&cat=p&typeid=i","cat":284382},{"id":208749,"n":"Riz long grain 10 min Lustucru  x5 - 900g","p":2.16,"u":"2,40 €/KG","img":"https://fd9-photos.leclercdrive.fr/image.ashx?id=2963739&use=l&cat=p&typeid=i","cat":284428},{"id":208750,"n":"Purée Mousline x3 - 375g","p":2.57,"u":"6,85 €/KG","img":"https://fd9-photos.leclercdrive.fr/image.ashx?id=2940135&use=l&cat=p&typeid=i","cat":284431},{"id":208751,"n":"Riz long grain 10 min Lustucru x5 - 450g","p":1.46,"u":"3,24 €/KG","img":"https://fd9-photos.leclercdrive.fr/image.ashx?id=2955830&use=l&cat=p&typeid=i","cat":284428},{"id":208759,"n":"Purée Mousline  Presse purée - 375g","p":2.81,"u":"7,49 €/KG","img":"https://fd9-photos.leclercdrive.fr/image.ashx?id=2940117&use=l&cat=p&typeid=i","cat":284431},{"id":208761,"n":"Purée Mousline x4 - 125g","p":1.18,"u":"9,44 €/KG","img":"https://fd9-photos.leclercdrive.fr/image.ashx?id=2940126&use=l&cat=p&typeid=i","cat":284431},{"id":208766,"n":"Gel douche Sanex Natural Prebiotic - Protection - 700ml","p":4.67,"u":"6,67 €/L","img":"https://fd9-photos.leclercdrive.fr/image.ashx?id=2533145&use=l&cat=p&typeid=i","cat":284594},{"id":208771,"n":"Gel douche Sanex Natural Prebiotic - Surgras huile 400ml","p":4.57,"u":"11,43 €/L","img":"https://fd9-photos.leclercdrive.fr/image.ashx?id=2594563&use=l&cat=p&typeid=i","cat":284594},{"id":208774,"n":"Crème corps nourrissante Mixa Peaux extra sèches - 400ml","p":4.5,"u":"11,25 €/L","img":"https://fd9-photos.leclercdrive.fr/image.ashx?id=2533862&use=l&cat=p&typeid=i","cat":325350},{"id":208776,"n":"Gel douche Tahiti Vanille et huile de coco 250ml","p":2.17,"u":"8,68 €/L","img":"https://fd9-photos.leclercdrive.fr/image.ashx?id=2533130&use=l&cat=p&typeid=i","cat":284594},{"id":208786,"n":"Thé glacé Lipton Ice Tea Pêche La bouteille de 1.25L","p":1.45,"u":"1,16 €/L","img":"https://fd9-photos.leclercdrive.fr/image.ashx?id=2731567&use=l&cat=p&typeid=i","cat":295019},{"id":208788,"n":"Thé glacé Lipton Ice Tea Pêche  Sans sucres bouteille de 1.25L","p":1.61,"u":"1,29 €/L","img":"https://fd9-photos.leclercdrive.fr/image.ashx?id=2731570&use=l&cat=p&typeid=i","cat":295019},{"id":208806,"n":"Grilletine blé complet Pasquier Sans sucre ajouté - 255g","p":2.24,"u":"8,78 €/KG","img":"https://fd9-photos.leclercdrive.fr/image.ashx?id=2533559&use=l&cat=p&typeid=i","cat":284479},{"id":208855,"n":"Brosse à dent Colgate Deep Clean - Souple - x1","p":3.65,"img":"https://fd9-photos.leclercdrive.fr/image.ashx?id=2968938&use=l&cat=p&typeid=i","cat":284614},{"id":208867,"n":"Serum physiologique Prorhinel 30x5ml","p":2.99,"u":"19,93 €/L","img":"https://fd9-photos.leclercdrive.fr/image.ashx?id=2878303&use=l&cat=p&typeid=i","cat":284741},{"id":208911,"n":"Filet de limande  L'Atelier Poissonnerie - 210g","p":3.79,"u":"18,05 €/KG","img":"https://fd9-photos.leclercdrive.fr/image.ashx?id=2868705&use=l&cat=p&typeid=i","cat":284342},{"id":208937,"n":"Barre protéinée Joyfuel Cookie Dough 55g","p":2.41,"u":"43,82 €/KG","img":"https://fd9-photos.leclercdrive.fr/image.ashx?id=2662057&use=l&cat=p&typeid=i","cat":318652},{"id":209057,"n":"Céréales bébé P'TITE CEREALE chocolat biscuit 12M+ - 415g","p":3.24,"u":"7,81 €/KG","img":"https://fd9-photos.leclercdrive.fr/image.ashx?id=2537303&use=l&cat=p&typeid=i","cat":312225},{"id":209059,"n":"P'tite céréale Nestlé Noisettes Biscuit - 12M+ - 415g","p":3.26,"u":"7,86 €/KG","img":"https://fd9-photos.leclercdrive.fr/image.ashx?id=2679389&use=l&cat=p&typeid=i","cat":312225},{"id":209064,"n":"Céréales bébé BABICAO Cacao 10M+ - 400g","p":3.48,"u":"8,70 €/KG","img":"https://fd9-photos.leclercdrive.fr/image.ashx?id=2537294&use=l&cat=p&typeid=i","cat":312225},{"id":209066,"n":"Céréales bébé P'TITE CEREALE Vanille Biscuit 12M+ - 415g","p":3.24,"u":"7,81 €/KG","img":"https://fd9-photos.leclercdrive.fr/image.ashx?id=2537297&use=l&cat=p&typeid=i","cat":312225},{"id":209094,"n":"Adoucissant Soupline Concentré Mandarine Vanille x60 - 1.28ml","p":6.6,"u":"5,16 €/L","img":"https://fd9-photos.leclercdrive.fr/image.ashx?id=2832572&use=l&cat=p&typeid=i","cat":284650},{"id":209113,"n":"Pâtes Collezione Barilla Farfalle Generose - 500g","p":1.73,"u":"3,46 €/KG","img":"https://fd9-photos.leclercdrive.fr/image.ashx?id=2654122&use=l&cat=p&typeid=i","cat":284427},{"id":209156,"n":"Capsules lave-vaisselle Finish  Ultimate Plus Citron - x25","p":7.45,"u":"24,43 €/KG","img":"https://fd9-photos.leclercdrive.fr/image.ashx?id=2735554&use=l&cat=p&typeid=i","cat":284656},{"id":209159,"n":"Capsules lave-vaisselle Finish  Ultimate Plus - x25","p":7.48,"u":"24,52 €/KG","img":"https://fd9-photos.leclercdrive.fr/image.ashx?id=2749398&use=l&cat=p&typeid=i","cat":284656},{"id":209163,"n":"Capsules lave-vaisselle Finish  Quantum - x33","p":7.48,"u":"21,81 €/KG","img":"https://fd9-photos.leclercdrive.fr/image.ashx?id=2749548&use=l&cat=p&typeid=i","cat":284656},{"id":209196,"n":"Pur jus Tropicana Réveil fruité - 90cl","p":3.04,"u":"3,38 €/L","img":"https://fd9-photos.leclercdrive.fr/image.ashx?id=2538431&use=l&cat=p&typeid=i","cat":285435},{"id":209208,"n":"Sauce soja Suzi Wan Sucrée - 135ml","p":1.9,"u":"14,07 €/KG","img":"https://fd9-photos.leclercdrive.fr/image.ashx?id=2892931&use=l&cat=p&typeid=i","cat":288992},{"id":209245,"n":"Origan Ducros 12g","p":1.66,"u":"138,33 €/KG","img":"https://fd9-photos.leclercdrive.fr/image.ashx?id=2559517&use=l&cat=p&typeid=i","cat":298297},{"id":209246,"n":"Oignon de France Ducros 42g","p":1.97,"u":"46,90 €/KG","img":"https://fd9-photos.leclercdrive.fr/image.ashx?id=2538593&use=l&cat=p&typeid=i","cat":298297},{"id":209301,"n":"Thé vert glacé Lipton Ice Tea Citron vert menthe - 1.25L","p":1.73,"u":"1,38 €/L","img":"https://fd9-photos.leclercdrive.fr/image.ashx?id=2731579&use=l&cat=p&typeid=i","cat":295019},{"id":209302,"n":"Thé glacé Lipton Ice Tea Citron/citron vert - 1.25L","p":1.7,"u":"1,36 €/L","img":"https://fd9-photos.leclercdrive.fr/image.ashx?id=2731573&use=l&cat=p&typeid=i","cat":295019},{"id":209309,"n":"Thé glacé Lipton Ice Tea Framboise - 1.25L","p":1.71,"u":"1,37 €/L","img":"https://fd9-photos.leclercdrive.fr/image.ashx?id=2731588&use=l&cat=p&typeid=i","cat":295019},{"id":209345,"n":"Chair de crabe Côte de Mer 102g","p":2.79,"u":"26,57 €/KG","img":"https://fd9-photos.leclercdrive.fr/image.ashx?id=2557482&use=l&cat=p&typeid=i","cat":305147},{"id":209350,"n":"Cœurs de palmiers Géant Vert coupés - 125g","p":3.23,"u":"25,84 €/KG","img":"https://fd9-photos.leclercdrive.fr/image.ashx?id=2840569&use=l&cat=p&typeid=i","cat":312611},{"id":209356,"n":"Curry de pois chiches d'aucy  42,5cl","p":2.64,"u":"6,95 €/KG","img":"https://fd9-photos.leclercdrive.fr/image.ashx?id=2539506&use=l&cat=p&typeid=i","cat":287599},{"id":209368,"n":"Thé glacé Lipton Ice Tea Pêche La bouteille de 1.75L","p":1.88,"u":"1,07 €/L","img":"https://fd9-photos.leclercdrive.fr/image.ashx?id=2731594&use=l&cat=p&typeid=i","cat":295019},{"id":209371,"n":"Aneth Ducros 13g","p":1.79,"u":"137,69 €/KG","img":"https://fd9-photos.leclercdrive.fr/image.ashx?id=2538599&use=l&cat=p&typeid=i","cat":298297},{"id":209372,"n":"Gingembre Ducros 29g","p":1.58,"u":"54,48 €/KG","img":"https://fd9-photos.leclercdrive.fr/image.ashx?id=2983216&use=l&cat=p&typeid=i","cat":298297},{"id":209382,"n":"Fromage Persillée Bresse Bleu Le véritable - 140g","p":2.07,"u":"14,79 €/KG","img":"https://fd9-photos.leclercdrive.fr/image.ashx?id=2927483&use=l&cat=p&typeid=i","cat":314032},{"id":209421,"n":"Yaourt bifidus Activia céréales Aux fruits rouges - 4x115g","p":2.55,"u":"5,54 €/KG","img":"https://fd9-photos.leclercdrive.fr/image.ashx?id=2901647&use=l&cat=p&typeid=i","cat":315000},{"id":209424,"n":"Yaourt bifidus Activia céréales Poire et aux fruits - 4x115g","p":2.41,"u":"5,24 €/KG","img":"https://fd9-photos.leclercdrive.fr/image.ashx?id=2901641&use=l&cat=p&typeid=i","cat":315000},{"id":209428,"n":"Crème dessert Danette  Pistache lit chocolat - 4x125g","p":1.69,"u":"3,38 €/KG","img":"https://fd9-photos.leclercdrive.fr/image.ashx?id=2925325&use=l&cat=p&typeid=i","cat":285041},{"id":209429,"n":"Crème dessert vanille Danette Pop billes chocolat - 4x120g","p":2.65,"img":"https://fd9-photos.leclercdrive.fr/image.ashx?id=2935729&use=l&cat=p&typeid=i","cat":285041},{"id":209436,"n":"Petits suisses aux fruits Danonino fraise banane - 6x100g","p":3.17,"u":"5,28 €/KG","img":"https://fd9-photos.leclercdrive.fr/image.ashx?id=2785331&use=l&cat=p&typeid=i","cat":284414},{"id":209494,"n":"Salade & Cie Sodebo Roma Jambon Speck - 320g","p":3.04,"u":"9,50 €/KG","img":"https://fd9-photos.leclercdrive.fr/image.ashx?id=2732413&use=l&cat=p&typeid=i","cat":333657},{"id":209495,"n":"Salade & Cie Sodebo Manhattan Poulet rôti - 320g","p":2.9,"u":"9,06 €/KG","img":"https://fd9-photos.leclercdrive.fr/image.ashx?id=2732407&use=l&cat=p&typeid=i","cat":333657},{"id":209496,"n":"Salade & Cie Sodebo Montmartre Jambon supérieur - 320g","p":3.1,"u":"9,69 €/KG","img":"https://fd9-photos.leclercdrive.fr/image.ashx?id=2868945&use=l&cat=p&typeid=i","cat":333657},{"id":209510,"n":"Chips nature Lay's Sel - 250g","p":2.26,"u":"9,04 €/KG","img":"https://fd9-photos.leclercdrive.fr/image.ashx?id=2995073&use=l&cat=p&typeid=i","cat":284447},{"id":209514,"n":"Chips Lay's Nature - 135g","p":1.35,"u":"10,00 €/KG","img":"https://fd9-photos.leclercdrive.fr/image.ashx?id=2994482&use=l&cat=p&typeid=i","cat":284447},{"id":209597,"n":"Compote Allégée en sucres Eco+ Bocal pomme poire - 720g","p":1.13,"u":"1,57 €/KG","img":"https://fd9-photos.leclercdrive.fr/image.ashx?id=2953206&use=l&cat=p&typeid=i","cat":284508},{"id":209598,"n":"Compote Allégée en sucres Eco+ Bocal pomme banane - 720g","p":1.03,"u":"1,43 €/KG","img":"https://fd9-photos.leclercdrive.fr/image.ashx?id=2953209&use=l&cat=p&typeid=i","cat":284508},{"id":209600,"n":"Capsules café L'Or Espresso Splendente N°7 x50","p":13.26,"u":"51,00 €/KG","img":"https://fd9-photos.leclercdrive.fr/image.ashx?id=3000477&use=l&cat=p&typeid=i","cat":284749},{"id":209601,"n":"Thé vert Lipton Menthe intense - x20 - 32g","p":1.55,"u":"48,44 €/KG","img":"https://fd9-photos.leclercdrive.fr/image.ashx?id=2540907&use=l&cat=p&typeid=i","cat":293233},{"id":209686,"n":"Thé vert Lipton Myrtille et mure - x20 - 32g","p":2.32,"u":"72,50 €/KG","img":"https://fd9-photos.leclercdrive.fr/image.ashx?id=2542816&use=l&cat=p&typeid=i","cat":293233},{"id":209688,"n":"Thé vert menthe Lipton Asie - x30s - 48g","p":2.68,"u":"55,83 €/KG","img":"https://fd9-photos.leclercdrive.fr/image.ashx?id=2542819&use=l&cat=p&typeid=i","cat":293233},{"id":209691,"n":"Thé vert Lipton x30s - 39g","p":2.64,"u":"67,69 €/KG","img":"https://fd9-photos.leclercdrive.fr/image.ashx?id=2542822&use=l&cat=p&typeid=i","cat":293233},{"id":209722,"n":"Dessert Glacé Viennetta Caramel beurre salé - 320g","p":2.11,"u":"6,59 €/KG","img":"https://fd9-photos.leclercdrive.fr/image.ashx?id=2802836&use=l&cat=p&typeid=i","cat":284266},{"id":209733,"n":"Dessert Glacé Viennetta Vanille -  320g","p":2.28,"u":"7,13 €/KG","img":"https://fd9-photos.leclercdrive.fr/image.ashx?id=3009182&use=l&cat=p&typeid=i","cat":284266},{"id":209739,"n":"Adoucissant concentré Soupline Hypoallergénique 64 lav. 1,35L","p":5.02,"u":"3,72 €/L","img":"https://fd9-photos.leclercdrive.fr/image.ashx?id=2831185&use=l&cat=p&typeid=i","cat":284650},{"id":209804,"n":"Rasoirs jetables Wilkinson Xtreme 3 Ultimate confort - x8","p":11.19,"img":"https://fd9-photos.leclercdrive.fr/image.ashx?id=2846478&use=l&cat=p&typeid=i","cat":284616},{"id":209854,"n":"Thé vert citron Lipton Asie - x30 - 48g","p":2.62,"u":"54,58 €/KG","img":"https://fd9-photos.leclercdrive.fr/image.ashx?id=2544635&use=l&cat=p&typeid=i","cat":293233},{"id":209857,"n":"Thé vert Lipton Pamplemousse Mandarine x20 32g","p":2.49,"u":"77,81 €/KG","img":"https://fd9-photos.leclercdrive.fr/image.ashx?id=2544623&use=l&cat=p&typeid=i","cat":293233},{"id":209859,"n":"Déboucheur Liquide Destop  4 doses - 950ml","p":3.37,"u":"3,55 €/L","img":"https://fd9-photos.leclercdrive.fr/image.ashx?id=2832161&use=l&cat=p&typeid=i","cat":284908},{"id":209860,"n":"Déboucheur Gel Destop  Express - 4 doses - 950ml","p":2.85,"u":"3,00 €/L","img":"https://fd9-photos.leclercdrive.fr/image.ashx?id=2832164&use=l&cat=p&typeid=i","cat":284908},{"id":209862,"n":"Thé vert Lipton Mangue abricot - x20 32g","p":2.46,"u":"76,88 €/KG","img":"https://fd9-photos.leclercdrive.fr/image.ashx?id=2544626&use=l&cat=p&typeid=i","cat":293233},{"id":209863,"n":"Gel anti-calcaire Calgon  4 en 1 - 750ml","p":5.05,"u":"6,73 €/L","img":"https://fd9-photos.leclercdrive.fr/image.ashx?id=2963475&use=l&cat=p&typeid=i","cat":284653},{"id":209865,"n":"Gel anti-calcaire Calgon  4 en 1 - 2,25L","p":13.64,"u":"6,06 €/L","img":"https://fd9-photos.leclercdrive.fr/image.ashx?id=2953932&use=l&cat=p&typeid=i","cat":284653},{"id":209867,"n":"AIRWICK Recharge diffuseur Fres hmatic Purefresh Agrumes 250ml","p":3.96,"u":"15,84 €/L","img":"https://fd9-photos.leclercdrive.fr/image.ashx?id=2963478&use=l&cat=p&typeid=i","cat":311629},{"id":209868,"n":"AIRWICK Recharge Freshmatic Vanille et Caramel - 250ml","p":3.7,"u":"14,80 €/L","img":"https://fd9-photos.leclercdrive.fr/image.ashx?id=2896348&use=l&cat=p&typeid=i","cat":311629},{"id":209873,"n":"Capsules lave-vaisselle Finish  Ultimate 0% - x30","p":7.78,"u":"0,26 €/P","img":"https://fd9-photos.leclercdrive.fr/image.ashx?id=2740151&use=l&cat=p&typeid=i","cat":284656},{"id":209875,"n":"Gel WC 100% Détartrant Harpic 5 min Chrono - 750ml","p":1.62,"u":"2,16 €/L","img":"https://fd9-photos.leclercdrive.fr/image.ashx?id=2864687&use=l&cat=p&typeid=i","cat":284662},{"id":209877,"n":"Aérosol Fabulon  Pressing express - 400ml","p":3.99,"u":"9,98 €/L","img":"https://fd9-photos.leclercdrive.fr/image.ashx?id=2544410&use=l&cat=p&typeid=i","cat":284652},{"id":209878,"n":"Spray vitres Ajax Triple action - 750ml","p":1.98,"u":"2,64 €/L","img":"https://fd9-photos.leclercdrive.fr/image.ashx?id=2544581&use=l&cat=p&typeid=i","cat":325363},{"id":209879,"n":"Spray nettoyant La Croix Salle de bain - 500ml","p":1.81,"u":"3,62 €/L","img":"https://fd9-photos.leclercdrive.fr/image.ashx?id=2544587&use=l&cat=p&typeid=i","cat":325357},{"id":209891,"n":"Nettoyant lave-vaisselle Finish  Intégral Anti-Odeurs - 250ml","p":3.19,"u":"12,76 €/L","img":"https://fd9-photos.leclercdrive.fr/image.ashx?id=2659735&use=l&cat=p&typeid=i","cat":284657},{"id":209893,"n":"Détachant poudre Vanish  940g","p":9.93,"u":"10,56 €/KG","img":"https://fd9-photos.leclercdrive.fr/image.ashx?id=2680308&use=l&cat=p&typeid=i","cat":284651},{"id":209894,"n":"Adoucissant concentré Soupline  Lavande 60 lavages 1,35 L","p":5.69,"u":"4,21 €/L","img":"https://fd9-photos.leclercdrive.fr/image.ashx?id=2912716&use=l&cat=p&typeid=i","cat":284650},{"id":209896,"n":"Beurre gastronomique Président Doux - 82% MG - 500g","p":5.45,"u":"10,90 €/KG","img":"https://fd9-photos.leclercdrive.fr/image.ashx?id=2740556&use=l&cat=p&typeid=i","cat":284379},{"id":209899,"n":"Matière grasse Primevère  Doux - 750g","p":4.82,"u":"6,43 €/KG","img":"https://fd9-photos.leclercdrive.fr/image.ashx?id=2939331&use=l&cat=p&typeid=i","cat":315229},{"id":209901,"n":"Soda Schweppes Spritz - 1L","p":1.76,"u":"1,76 €/L","img":"https://fd9-photos.leclercdrive.fr/image.ashx?id=2852441&use=l&cat=p&typeid=i","cat":284532},{"id":209996,"n":"Détachant Gel Vanish  750ml","p":7.05,"u":"9,40 €/L","img":"https://fd9-photos.leclercdrive.fr/image.ashx?id=2878108&use=l&cat=p&typeid=i","cat":284651},{"id":210011,"n":"Détachant poudre Vanish  Blanc - 940g","p":9.93,"u":"10,56 €/KG","img":"https://fd9-photos.leclercdrive.fr/image.ashx?id=2680311&use=l&cat=p&typeid=i","cat":284651},{"id":210015,"n":"Nettoyant ménager La Croix Spray - Ultra cuisine - 500ml","p":1.82,"u":"3,64 €/L","img":"https://fd9-photos.leclercdrive.fr/image.ashx?id=2545216&use=l&cat=p&typeid=i","cat":325357},{"id":210016,"n":"Mousse Marie Morin Chocolat au Lait - 2x100g","p":3.79,"u":"18,95 €/KG","img":"https://fd9-photos.leclercdrive.fr/image.ashx?id=2631702&use=l&cat=p&typeid=i","cat":284417},{"id":210024,"n":"Lingettes désinfectantes St  Marc Soleil de Corse - x80","p":2.58,"u":"0,03 €/P","img":"https://fd9-photos.leclercdrive.fr/image.ashx?id=2757440&use=l&cat=p&typeid=i","cat":325358},{"id":210057,"n":"Chocolat Milkshake Benco 100g","p":2.45,"u":"24,50 €/KG","img":"https://fd9-photos.leclercdrive.fr/image.ashx?id=2858660&use=l&cat=p&typeid=i","cat":293235},{"id":210067,"n":"Riz Lustucru 900g","p":2.45,"u":"2,72 €/KG","img":"https://fd9-photos.leclercdrive.fr/image.ashx?id=2963742&use=l&cat=p&typeid=i","cat":284428},{"id":210254,"n":"Brossettes Oral-B Pro Cross Action - x4","p":20.98,"img":"https://fd9-photos.leclercdrive.fr/image.ashx?id=2743643&use=l&cat=p&typeid=i","cat":297133},{"id":210364,"n":"Fromage enfant La Vache qui rit Jambon 8P à tartiner - 133g","p":2.45,"u":"18,42 €/KG","img":"https://fd9-photos.leclercdrive.fr/image.ashx?id=2546308&use=l&cat=p&typeid=i","cat":314029},{"id":210703,"n":"Terrine Tous mes amis Volaille carottes - 1.2kg","p":1.95,"u":"1,63 €/KG","img":"https://fd9-photos.leclercdrive.fr/image.ashx?id=2815758&use=l&cat=p&typeid=i","cat":288578},{"id":210705,"n":"Dragées chocolatées M&M's Cacahuètes - 250g","p":3.09,"u":"12,36 €/KG","img":"https://fd9-photos.leclercdrive.fr/image.ashx?id=3003393&use=l&cat=p&typeid=i","cat":304238},{"id":210717,"n":"Boulettes de boeuf Eco+ 1.2kg","p":1.53,"img":"https://fd9-photos.leclercdrive.fr/image.ashx?id=2815740&use=l&cat=p&typeid=i","cat":288578},{"id":210727,"n":"Poivre noir Ducros Bresil - 32g","p":3.21,"u":"100,31 €/KG","img":"https://fd9-photos.leclercdrive.fr/image.ashx?id=2552580&use=l&cat=p&typeid=i","cat":284457},{"id":210803,"n":"Adoucissant Hyperdou Douceur de pêche - 1.9L - x27","p":2.42,"u":"1,27 €/L","img":"https://fd9-photos.leclercdrive.fr/image.ashx?id=2603015&use=l&cat=p&typeid=i","cat":284650},{"id":210804,"n":"Adoucissant Hyperdou Rêve de fraîcheur - 1.9L - x27","p":2.15,"u":"1,13 €/L","img":"https://fd9-photos.leclercdrive.fr/image.ashx?id=2958762&use=l&cat=p&typeid=i","cat":284650},{"id":210806,"n":"Adoucissant Hyperdou Senstive - 1.9L - x27","p":2.38,"u":"1,25 €/L","img":"https://fd9-photos.leclercdrive.fr/image.ashx?id=2603024&use=l&cat=p&typeid=i","cat":284650},{"id":210824,"n":"Pommes noisette Findus 900g","p":3.7,"u":"4,11 €/KG","img":"https://fd9-photos.leclercdrive.fr/image.ashx?id=2899500&use=l&cat=p&typeid=i","cat":319792},{"id":210827,"n":"Adoucissant Hyperdou Plaisir de vanille - 1.9L - x27","p":1.99,"u":"1,05 €/L","img":"https://fd9-photos.leclercdrive.fr/image.ashx?id=2603018&use=l&cat=p&typeid=i","cat":284650},{"id":210889,"n":"Yaourt à boire Eco+ Fraise - 850g","p":1.33,"u":"1,56 €/KG","img":"https://fd9-photos.leclercdrive.fr/image.ashx?id=2552033&use=l&cat=p&typeid=i","cat":284415},{"id":210948,"n":"Margarine Planta Fin Doux 100% végétal - 450g","p":2.49,"u":"5,53 €/KG","img":"https://fd9-photos.leclercdrive.fr/image.ashx?id=2989477&use=l&cat=p&typeid=i","cat":315229},{"id":210951,"n":"Mousse au chocolat Eco+ 4x60g","p":0.84,"u":"3,50 €/KG","img":"https://fd9-photos.leclercdrive.fr/image.ashx?id=2552493&use=l&cat=p&typeid=i","cat":284417},{"id":210952,"n":"Tiramisu Eco+ 2x80g","p":1.12,"u":"7,00 €/KG","img":"https://fd9-photos.leclercdrive.fr/image.ashx?id=2552496&use=l&cat=p&typeid=i","cat":284419},{"id":210953,"n":"Île flottante Eco+ 4x95g","p":1.62,"u":"4,26 €/KG","img":"https://fd9-photos.leclercdrive.fr/image.ashx?id=2885753&use=l&cat=p&typeid=i","cat":284419},{"id":210960,"n":"Bouchées Tous les Amis 1.2kg","p":2.15,"u":"1,79 €/KG","img":"https://fd9-photos.leclercdrive.fr/image.ashx?id=2815767&use=l&cat=p&typeid=i","cat":288578},{"id":210961,"n":"Le Fondant Mamie Nova Pistache - 2x150g","p":1.45,"u":"4,83 €/KG","img":"https://fd9-photos.leclercdrive.fr/image.ashx?id=2886957&use=l&cat=p&typeid=i","cat":285041},{"id":210965,"n":"Le Fondant Mamie Nova Caramel beurre salé - 2x150g","p":1.49,"u":"4,97 €/KG","img":"https://fd9-photos.leclercdrive.fr/image.ashx?id=2909038&use=l&cat=p&typeid=i","cat":285041},{"id":210973,"n":"Sauce Camembert Charal 120g","p":1.91,"u":"15,92 €/KG","img":"https://fd9-photos.leclercdrive.fr/image.ashx?id=2880721&use=l&cat=p&typeid=i","cat":284382},{"id":211044,"n":"Gel Toilette Intime Extra Doux Intima Natural Hamamélis 500ml","p":5.87,"u":"11,74 €/L","img":"https://fd9-photos.leclercdrive.fr/image.ashx?id=2959877&use=l&cat=p&typeid=i","cat":284627},{"id":211054,"n":"Croûtons Tipiak Nature - 75g","p":1.49,"u":"19,87 €/KG","img":"https://fd9-photos.leclercdrive.fr/image.ashx?id=2812726&use=l&cat=p&typeid=i","cat":284464},{"id":211090,"n":"Liqueur de menthe Get 27 17,9° - 1L","p":17.35,"u":"17,35 €/L","img":"https://fd9-photos.leclercdrive.fr/image.ashx?id=2858276&use=l&cat=p&typeid=i","cat":286032},{"id":211095,"n":"Dessert végétal Alpro Fraise - 500g","p":1.94,"u":"3,88 €/KG","img":"https://fd9-photos.leclercdrive.fr/image.ashx?id=2976071&use=l&cat=p&typeid=i","cat":316071},{"id":211117,"n":"Paprika fumé Ducros 40g","p":2.23,"u":"55,75 €/KG","img":"https://fd9-photos.leclercdrive.fr/image.ashx?id=2559484&use=l&cat=p&typeid=i","cat":298297},{"id":211125,"n":"Curry Ducros 47g","p":1.95,"u":"41,49 €/KG","img":"https://fd9-photos.leclercdrive.fr/image.ashx?id=2559496&use=l&cat=p&typeid=i","cat":298297},{"id":211228,"n":"Pralines concassées Vahiné 100g","p":2.63,"u":"26,30 €/KG","img":"https://fd9-photos.leclercdrive.fr/image.ashx?id=2569434&use=l&cat=p&typeid=i","cat":284504},{"id":211413,"n":"Céréales Kit Kat 330g","p":3.71,"u":"11,24 €/KG","img":"https://fd9-photos.leclercdrive.fr/image.ashx?id=2989453&use=l&cat=p&typeid=i","cat":309513},{"id":211414,"n":"Céréales Miel Pops Kellogg's 330g","p":2.27,"u":"6,88 €/KG","img":"https://fd9-photos.leclercdrive.fr/image.ashx?id=3003423&use=l&cat=p&typeid=i","cat":309513},{"id":211415,"n":"Poules aux vermicelles Maggi 3x59g","p":1.36,"u":"7,68 €/KG","img":"https://fd9-photos.leclercdrive.fr/image.ashx?id=2556345&use=l&cat=p&typeid=i","cat":284463},{"id":211427,"n":"Pain burger Epi d'Or Nature x6 - 330g","p":0.93,"u":"2,82 €/KG","img":"https://fd9-photos.leclercdrive.fr/image.ashx?id=2807303&use=l&cat=p&typeid=i","cat":325067},{"id":211431,"n":"Oignon Ducros 9g","p":2.85,"u":"316,67 €/KG","img":"https://fd9-photos.leclercdrive.fr/image.ashx?id=2557332&use=l&cat=p&typeid=i","cat":298297},{"id":211432,"n":"Court bouillon Maggi Legumes et vin blanc 150g","p":1.52,"u":"10,13 €/KG","img":"https://fd9-photos.leclercdrive.fr/image.ashx?id=2557740&use=l&cat=p&typeid=i","cat":288379},{"id":211470,"n":"Dentifrice Signal Professionnel Action Sensibilité Complet 75ml","p":2.82,"u":"37,60 €/L","img":"https://fd9-photos.leclercdrive.fr/image.ashx?id=2961326&use=l&cat=p&typeid=i","cat":284612},{"id":211492,"n":"Dessert végétal Alpro Pêche - 500g","p":1.78,"u":"3,56 €/KG","img":"https://fd9-photos.leclercdrive.fr/image.ashx?id=2556395&use=l&cat=p&typeid=i","cat":316071},{"id":211522,"n":"Dentifrice Signal Professionnel Sensibilité Blancheur 75ml","p":2.87,"u":"38,27 €/L","img":"https://fd9-photos.leclercdrive.fr/image.ashx?id=2961332&use=l&cat=p&typeid=i","cat":284612},{"id":211550,"n":"Sel Regénérant Sun Lave Vaisselle Standard 1Kg","p":1.08,"u":"1,08 €/KG","img":"https://fd9-photos.leclercdrive.fr/image.ashx?id=2729434&use=l&cat=p&typeid=i","cat":284657},{"id":211555,"n":"Sun Capsules Lave-Vaisselle Tout en 1 Absolu Brillance x28","p":5.17,"u":"12,31 €/KG","img":"https://fd9-photos.leclercdrive.fr/image.ashx?id=2961350&use=l&cat=p&typeid=i","cat":284656},{"id":211556,"n":"Sun Capsules Lave-Vaisselle Tout en1 Absolu Dégraissant x28","p":5.17,"u":"12,31 €/KG","img":"https://fd9-photos.leclercdrive.fr/image.ashx?id=2961353&use=l&cat=p&typeid=i","cat":284656},{"id":211564,"n":"Adoucissant concentré Soupline Coco fleurs blanches - 1.28L","p":6.13,"u":"4,79 €/L","img":"https://fd9-photos.leclercdrive.fr/image.ashx?id=2832566&use=l&cat=p&typeid=i","cat":284650},{"id":211584,"n":"Déodorant spray homme Axe Aqua bergamot - 150ml","p":4.09,"u":"27,27 €/L","img":"https://fd9-photos.leclercdrive.fr/image.ashx?id=3004453&use=l&cat=p&typeid=i","cat":284618},{"id":211630,"n":"Palets croustillants Société Fromage de brebis - 150g","p":2.77,"u":"18,47 €/KG","img":"https://fd9-photos.leclercdrive.fr/image.ashx?id=2785160&use=l&cat=p&typeid=i","cat":314027},{"id":211632,"n":"Desserts Lactés P'TIT ONCTUEUX Nature 6M+ - 8x90g","p":4.35,"u":"6,04 €/KG","img":"https://fd9-photos.leclercdrive.fr/image.ashx?id=2559161&use=l&cat=p&typeid=i","cat":312392},{"id":211634,"n":"Ravioli Lustucru  Chèvre épinard - 250g","p":2.49,"u":"9,96 €/KG","img":"https://fd9-photos.leclercdrive.fr/image.ashx?id=2974357&use=l&cat=p&typeid=i","cat":333682},{"id":211723,"n":"Gel douche Adidas Active Skin & Mind- Deep Care - 250ml","p":2.55,"u":"10,20 €/L","img":"https://fd9-photos.leclercdrive.fr/image.ashx?id=2990778&use=l&cat=p&typeid=i","cat":284594},{"id":211739,"n":"Gyoza Ajinomoto Bœuf légumes x20 - 400g","p":5.5,"u":"13,75 €/KG","img":"https://fd9-photos.leclercdrive.fr/image.ashx?id=2590285&use=l&cat=p&typeid=i","cat":284254},{"id":211741,"n":"Gyoza Ajinomoto Légumes x20 - 400g","p":5.22,"u":"13,05 €/KG","img":"https://fd9-photos.leclercdrive.fr/image.ashx?id=2590282&use=l&cat=p&typeid=i","cat":284254},{"id":211832,"n":"Carpaccio de saumon L'Atelier Poissonnerie - 155g","p":7.57,"u":"48,84 €/KG","img":"https://fd9-photos.leclercdrive.fr/image.ashx?id=2887026&use=l&cat=p&typeid=i","cat":284342},{"id":211846,"n":"Tartare de saumon citron aneth L'Atelier Poissonnerie - 140g","p":7.04,"u":"50,29 €/KG","img":"https://fd9-photos.leclercdrive.fr/image.ashx?id=2917900&use=l&cat=p&typeid=i","cat":327284},{"id":212107,"n":"Brosse à dents Colgate Extra-clean médium - x4","p":1.83,"u":"0,46 €/P","img":"https://fd9-photos.leclercdrive.fr/image.ashx?id=2564309&use=l&cat=p&typeid=i","cat":284614},{"id":212248,"n":"Crème glacée La Laitière Chocolat avec copeaux - 490g","p":3.76,"u":"7,67 €/KG","img":"https://fd9-photos.leclercdrive.fr/image.ashx?id=3000012&use=l&cat=p&typeid=i","cat":284263},{"id":212383,"n":"Barres de céréales Spécial K Protein Coco cacao cajou -4x28g","p":3.04,"u":"27,14 €/KG","img":"https://fd9-photos.leclercdrive.fr/image.ashx?id=3011809&use=l&cat=p&typeid=i","cat":300032},{"id":212465,"n":"Protège-slip Confort Vania Coton Bio - x30","p":2.75,"img":"https://fd9-photos.leclercdrive.fr/image.ashx?id=2735215&use=l&cat=p&typeid=i","cat":284625},{"id":212466,"n":"Protège-slip Protection Vania Long voile Bio - x24","p":3.11,"img":"https://fd9-photos.leclercdrive.fr/image.ashx?id=2735218&use=l&cat=p&typeid=i","cat":284625},{"id":212467,"n":"Protège-slip Protection Vania Large Fresh - x36","p":3.07,"img":"https://fd9-photos.leclercdrive.fr/image.ashx?id=2735233&use=l&cat=p&typeid=i","cat":284625},{"id":212468,"n":"Protège-slips Confort Vania Aloe vera - x56","p":2.52,"img":"https://fd9-photos.leclercdrive.fr/image.ashx?id=2735236&use=l&cat=p&typeid=i","cat":284625},{"id":212469,"n":"Protège-slip Protection Vania Long Fresh - x40","p":2.61,"img":"https://fd9-photos.leclercdrive.fr/image.ashx?id=2735239&use=l&cat=p&typeid=i","cat":284625},{"id":212486,"n":"Film étirable Elembal 50m","p":1.8,"u":"0,04 €/MT","img":"https://fd9-photos.leclercdrive.fr/image.ashx?id=2566146&use=l&cat=p&typeid=i","cat":285194},{"id":212505,"n":"Fromage apéritif Apéricube Best of des saveurs 24 cubes","p":2.41,"u":"19,28 €/KG","img":"https://fd9-photos.leclercdrive.fr/image.ashx?id=2905294&use=l&cat=p&typeid=i","cat":314027},{"id":212583,"n":"Saucisse de Toulouse purée Côté Table - 290g","p":2.99,"u":"10,31 €/KG","img":"https://fd9-photos.leclercdrive.fr/image.ashx?id=2567613&use=l&cat=p&typeid=i","cat":333665},{"id":212593,"n":"Litière chats Tous mes Amis Triple action blanche - 5L","p":4.2,"u":"0,84 €/L","img":"https://fd9-photos.leclercdrive.fr/image.ashx?id=2568361&use=l&cat=p&typeid=i","cat":284683},{"id":212595,"n":"Litière chats Tous mes Amis Parfumée grise - 5L","p":3.1,"u":"0,62 €/L","img":"https://fd9-photos.leclercdrive.fr/image.ashx?id=2568358&use=l&cat=p&typeid=i","cat":284683},{"id":212643,"n":"Margarine Planta Fin Doux 100% végétal - 225g","p":1.69,"u":"7,51 €/KG","img":"https://fd9-photos.leclercdrive.fr/image.ashx?id=2989471&use=l&cat=p&typeid=i","cat":315229},{"id":212645,"n":"Margarine Planta Fin Demi-sel 100% végétal - 225g","p":1.72,"u":"7,64 €/KG","img":"https://fd9-photos.leclercdrive.fr/image.ashx?id=2989465&use=l&cat=p&typeid=i","cat":315229},{"id":212646,"n":"Margarine Planta Fin  Doux  100% végétal - 900g","p":5.18,"u":"5,76 €/KG","img":"https://fd9-photos.leclercdrive.fr/image.ashx?id=2989462&use=l&cat=p&typeid=i","cat":315229},{"id":212667,"n":"Cottage cheese Danone Fromage frais - 200g","p":2.36,"u":"11,80 €/KG","img":"https://fd9-photos.leclercdrive.fr/image.ashx?id=2628341&use=l&cat=p&typeid=i","cat":314029},{"id":212771,"n":"Pepites de chocolats Vahiné  Noisettes - 100g","p":3.45,"u":"34,50 €/KG","img":"https://fd9-photos.leclercdrive.fr/image.ashx?id=2570190&use=l&cat=p&typeid=i","cat":284504},{"id":212773,"n":"Curry Balti Ducros - 39g","p":2.1,"u":"53,85 €/KG","img":"https://fd9-photos.leclercdrive.fr/image.ashx?id=2570169&use=l&cat=p&typeid=i","cat":298297},{"id":212817,"n":"Nettoyant vitres Ajax Triple action Recharge - 750ml","p":1.7,"u":"2,27 €/L","img":"https://fd9-photos.leclercdrive.fr/image.ashx?id=2842969&use=l&cat=p&typeid=i","cat":325363},{"id":212829,"n":"Moulin Ducros 5 baies - 24g","p":3.29,"u":"137,08 €/KG","img":"https://fd9-photos.leclercdrive.fr/image.ashx?id=2571197&use=l&cat=p&typeid=i","cat":298297},{"id":212922,"n":"Déboucheur Gel Destop  Spécial Cuisine - 1L","p":3.14,"u":"3,14 €/L","img":"https://fd9-photos.leclercdrive.fr/image.ashx?id=2572278&use=l&cat=p&typeid=i","cat":284908},{"id":212934,"n":"Lait bébé poudre Guigoz Optipro 3ème âge - dès 12 mois - 830g","p":9.92,"u":"11,95 €/KG","img":"https://fd9-photos.leclercdrive.fr/image.ashx?id=2895059&use=l&cat=p&typeid=i","cat":290219},{"id":213023,"n":"Pâtée et morceaux chiens Eco+ Boeuf - 1.2kg","p":1.67,"u":"1,39 €/KG","img":"https://fd9-photos.leclercdrive.fr/image.ashx?id=2815743&use=l&cat=p&typeid=i","cat":288578},{"id":213025,"n":"Boulettes à la volaille Eco+ 1.2kg","p":1.54,"u":"1,28 €/KG","img":"https://fd9-photos.leclercdrive.fr/image.ashx?id=2815737&use=l&cat=p&typeid=i","cat":288578},{"id":213190,"n":"Milky fromage enfant à tartiner Les Croisés 12 portions - 216g","p":1.85,"u":"8,56 €/KG","img":"https://fd9-photos.leclercdrive.fr/image.ashx?id=2791914&use=l&cat=p&typeid=i","cat":314030},{"id":213366,"n":"Toast nature Harrys Tranches épaisses - 250g","p":1.78,"u":"7,12 €/KG","img":"https://fd9-photos.leclercdrive.fr/image.ashx?id=2581253&use=l&cat=p&typeid=i","cat":285454},{"id":213432,"n":"Gel Corps et Cheveux Cadum Hypoallergenique - 750ml","p":4.55,"u":"6,07 €/L","img":"https://fd9-photos.leclercdrive.fr/image.ashx?id=2581798&use=l&cat=p&typeid=i","cat":284594},{"id":213451,"n":"Haché moelleux Eco+ x2 - 200g","p":2.39,"u":"11,95 €/KG","img":"https://fd9-photos.leclercdrive.fr/image.ashx?id=2930609&use=l&cat=p&typeid=i","cat":284332},{"id":213454,"n":"Petits pois Eco+ 1kg","p":1.52,"u":"1,52 €/KG","img":"https://fd9-photos.leclercdrive.fr/image.ashx?id=2796025&use=l&cat=p&typeid=i","cat":319805},{"id":213455,"n":"Champignons Eco+ 1kg","p":1.45,"u":"1,45 €/KG","img":"https://fd9-photos.leclercdrive.fr/image.ashx?id=2593339&use=l&cat=p&typeid=i","cat":319805},{"id":213460,"n":"L'Extra Crémeux Coeur de Lion 180g","p":2.35,"u":"13,06 €/KG","img":"https://fd9-photos.leclercdrive.fr/image.ashx?id=2795710&use=l&cat=p&typeid=i","cat":314033},{"id":213464,"n":"Panés Spécial Burger Père Dodu  Chapelure Corn Flakes - x2 - 18","p":2.55,"u":"14,17 €/KG","img":"https://fd9-photos.leclercdrive.fr/image.ashx?id=2957221&use=l&cat=p&typeid=i","cat":333684},{"id":213487,"n":"Crème semi-épaisse UHT Délisse Entière - 30% MG - 2x25cl","p":3.21,"u":"6,42 €/L","img":"https://fd9-photos.leclercdrive.fr/image.ashx?id=2579396&use=l&cat=p&typeid=i","cat":284381},{"id":213528,"n":"Gel WC Canard 100% Détartrant - 750ml","p":2.39,"u":"3,19 €/L","img":"https://fd9-photos.leclercdrive.fr/image.ashx?id=2580194&use=l&cat=p&typeid=i","cat":284662},{"id":213555,"n":"Shampoing Nutrition Elsève Cheveux Fins, Secs - 300ml","p":4.63,"u":"15,43 €/L","img":"https://fd9-photos.leclercdrive.fr/image.ashx?id=2582243&use=l&cat=p&typeid=i","cat":284606},{"id":213556,"n":"Shampoing Nutrition Elsève Cheveux secs - 300ml","p":4.81,"u":"16,03 €/L","img":"https://fd9-photos.leclercdrive.fr/image.ashx?id=2580780&use=l&cat=p&typeid=i","cat":284606},{"id":213581,"n":"Gel douche Cadum Crème d'amande - 450ml","p":2.87,"u":"6,38 €/L","img":"https://fd9-photos.leclercdrive.fr/image.ashx?id=2582273&use=l&cat=p&typeid=i","cat":284594},{"id":213582,"n":"Crème Douche surgras Bio Cadum Karité - 450ml","p":2.65,"u":"5,89 €/L","img":"https://fd9-photos.leclercdrive.fr/image.ashx?id=2580801&use=l&cat=p&typeid=i","cat":284594},{"id":213604,"n":"Crème Douche Hydratation Cadum Huile d'Amandes Douces - 450ml","p":2.66,"u":"5,91 €/L","img":"https://fd9-photos.leclercdrive.fr/image.ashx?id=2582282&use=l&cat=p&typeid=i","cat":284594},{"id":213606,"n":"Gel Douche Sans Savon Bio Cadum Huile d'Amandes Douces - 450ml","p":2.64,"u":"5,87 €/L","img":"https://fd9-photos.leclercdrive.fr/image.ashx?id=2582288&use=l&cat=p&typeid=i","cat":284594},{"id":213610,"n":"Douche Crème Dop Lait d'Amande Douce - 290ml","p":1.77,"u":"6,10 €/L","img":"https://fd9-photos.leclercdrive.fr/image.ashx?id=2582300&use=l&cat=p&typeid=i","cat":284594},{"id":213614,"n":"Lentilles corail Notre Jardin 500g","p":1.72,"u":"3,44 €/KG","img":"https://fd9-photos.leclercdrive.fr/image.ashx?id=2610726&use=l&cat=p&typeid=i","cat":284430},{"id":213632,"n":"Eau Volvic Zest  Fraise 1.5L","p":1.16,"u":"0,77 €/L","img":"https://fd9-photos.leclercdrive.fr/image.ashx?id=2785442&use=l&cat=p&typeid=i","cat":284537},{"id":213682,"n":"Douche Crème Dop Lait Végétal - 290ml","p":1.69,"u":"5,83 €/L","img":"https://fd9-photos.leclercdrive.fr/image.ashx?id=2582303&use=l&cat=p&typeid=i","cat":284594},{"id":213687,"n":"Shampoing karité Franck Provost Cheveux Secs, très secs - 500ml","p":4.06,"u":"8,12 €/L","img":"https://fd9-photos.leclercdrive.fr/image.ashx?id=2581804&use=l&cat=p&typeid=i","cat":284606},{"id":213692,"n":"Shampooing Franck Provost Cheveux colorés - 500ml","p":4.39,"u":"8,78 €/L","img":"https://fd9-photos.leclercdrive.fr/image.ashx?id=2582321&use=l&cat=p&typeid=i","cat":284606},{"id":213724,"n":"Bouchée pour chien Eco+ Boeuf, pâtes, carottes - 1.2kg","p":1.93,"u":"1,61 €/KG","img":"https://fd9-photos.leclercdrive.fr/image.ashx?id=2815728&use=l&cat=p&typeid=i","cat":288578},{"id":213726,"n":"Ravioles à poêler Lustucru Chèvre - 280g","p":2.6,"u":"9,29 €/KG","img":"https://fd9-photos.leclercdrive.fr/image.ashx?id=2792390&use=l&cat=p&typeid=i","cat":333682},{"id":213749,"n":"Bière blonde Pélican 6x33cl","p":7.98,"u":"4,03 €/L","img":"https://fd9-photos.leclercdrive.fr/image.ashx?id=2946922&use=l&cat=p&typeid=i","cat":334872},{"id":213782,"n":"Bloc WC Canard Eau Bleue 5 en 1 - x2","p":1.52,"u":"0,76 €/P","img":"https://fd9-photos.leclercdrive.fr/image.ashx?id=2582378&use=l&cat=p&typeid=i","cat":284662},{"id":213817,"n":"Croquettes chats Perfect Fit Stérilisés, saumon - 1.4kg","p":6.6,"u":"4,71 €/KG","img":"https://fd9-photos.leclercdrive.fr/image.ashx?id=2619163&use=l&cat=p&typeid=i","cat":284680},{"id":213823,"n":"Soupline dilué 3D grand air 2.85l","p":6.45,"u":"2,26 €/L","img":"https://fd9-photos.leclercdrive.fr/image.ashx?id=2811791&use=l&cat=p&typeid=i","cat":284650},{"id":213830,"n":"Adoucissant Soupline concentré  3D Grand air - 1,35L","p":4.92,"u":"3,64 €/L","img":"https://fd9-photos.leclercdrive.fr/image.ashx?id=2924950&use=l&cat=p&typeid=i","cat":284650},{"id":213831,"n":"Spray Savon marseille La Croix 500ml","p":2.72,"u":"5,44 €/L","img":"https://fd9-photos.leclercdrive.fr/image.ashx?id=2583530&use=l&cat=p&typeid=i","cat":325357},{"id":213833,"n":"Colgate Chloro intense  75ml","p":1.23,"u":"16,40 €/L","img":"https://fd9-photos.leclercdrive.fr/image.ashx?id=2964231&use=l&cat=p&typeid=i","cat":284612},{"id":213834,"n":"Brosse à dents Colgate Extra-clean souple - x4","p":1.99,"u":"0,50 €/P","img":"https://fd9-photos.leclercdrive.fr/image.ashx?id=3011950&use=l&cat=p&typeid=i","cat":284614},{"id":213836,"n":"Dentifrice Colgate Ultra Brite  Haleine Fraîche - 75ml","p":1.3,"u":"17,33 €/L","img":"https://fd9-photos.leclercdrive.fr/image.ashx?id=2802845&use=l&cat=p&typeid=i","cat":284612},{"id":213857,"n":"Recharges WC Canard Fresh Disc  Fraîcheur Marine - 2x6 disques","p":5.58,"u":"2,79 €/P","img":"https://fd9-photos.leclercdrive.fr/image.ashx?id=2754824&use=l&cat=p&typeid=i","cat":284662},{"id":213868,"n":"Mélange pour salade Ducros 17g","p":4.75,"u":"279,41 €/KG","img":"https://fd9-photos.leclercdrive.fr/image.ashx?id=2583341&use=l&cat=p&typeid=i","cat":298297},{"id":213886,"n":"Vodka Poliakov Lime 32% vol. - 20cl","p":4.0,"u":"20,00 €/L","img":"https://fd9-photos.leclercdrive.fr/image.ashx?id=2826888&use=l&cat=p&typeid=i","cat":284550},{"id":213930,"n":"Fromage enfant La Vache qui rit Original 24P à tartiner - 384g","p":3.94,"u":"10,26 €/KG","img":"https://fd9-photos.leclercdrive.fr/image.ashx?id=2945451&use=l&cat=p&typeid=i","cat":314030},{"id":213931,"n":"Empanadas de saumon ciboulette Maison Briau - 160g","p":2.99,"u":"18,69 €/KG","img":"https://fd9-photos.leclercdrive.fr/image.ashx?id=2851947&use=l&cat=p&typeid=i","cat":285094},{"id":213937,"n":"Fromage RichesMonts Raclette  Duo Classique & Chèvre - 365g","p":6.86,"u":"18,79 €/KG","img":"https://fd9-photos.leclercdrive.fr/image.ashx?id=2953824&use=l&cat=p&typeid=i","cat":314037},{"id":213938,"n":"Fromage RichesMonts Raclette  Duo Sans Croute Fumée - 420g","p":6.19,"u":"14,74 €/KG","img":"https://fd9-photos.leclercdrive.fr/image.ashx?id=2953833&use=l&cat=p&typeid=i","cat":314037},{"id":213953,"n":"Recharges WC Canard fresh disc Citron - 2x6 disques","p":4.92,"u":"2,46 €/P","img":"https://fd9-photos.leclercdrive.fr/image.ashx?id=2754821&use=l&cat=p&typeid=i","cat":284662},{"id":213958,"n":"Crème Corps Hydratante Mixa Peau très Sèche, terne - 400ml","p":5.09,"u":"12,73 €/L","img":"https://fd9-photos.leclercdrive.fr/image.ashx?id=2595767&use=l&cat=p&typeid=i","cat":325350},{"id":213959,"n":"Nettoyant ménager Pliz Fée du logis - 250ml","p":2.16,"u":"8,64 €/L","img":"https://fd9-photos.leclercdrive.fr/image.ashx?id=2585540&use=l&cat=p&typeid=i","cat":325364},{"id":213964,"n":"Nettoyant ménager Ajax Maison pure Sureau - 1.25L","p":2.84,"u":"2,27 €/L","img":"https://fd9-photos.leclercdrive.fr/image.ashx?id=2585555&use=l&cat=p&typeid=i","cat":284907},{"id":213965,"n":"Adoucissant Eco+ Fraîcheur - 1.5L - x60","p":1.64,"u":"1,09 €/L","img":"https://fd9-photos.leclercdrive.fr/image.ashx?id=2600833&use=l&cat=p&typeid=i","cat":284650},{"id":213966,"n":"Bougie anti-tabac Glade Vegan - x1","p":3.91,"img":"https://fd9-photos.leclercdrive.fr/image.ashx?id=2585534&use=l&cat=p&typeid=i","cat":335913},{"id":214004,"n":"Yaourts allégés Sveltesse  Pistache - 4x125g","p":1.46,"u":"2,92 €/KG","img":"https://fd9-photos.leclercdrive.fr/image.ashx?id=2585456&use=l&cat=p&typeid=i","cat":285041},{"id":214087,"n":"Soda Coca-Cola Original Bouteille - 1,75L","p":2.39,"u":"1,37 €/L","img":"https://fd9-photos.leclercdrive.fr/image.ashx?id=2971745&use=l&cat=p&typeid=i","cat":284530},{"id":214101,"n":"Toast Brioché spécial foie gras Tranche épaisse Harrys X2- 500G","p":2.71,"u":"5,42 €/KG","img":"https://fd9-photos.leclercdrive.fr/image.ashx?id=2587572&use=l&cat=p&typeid=i","cat":285454},{"id":214102,"n":"Toasts Brioché Nature Tranche épaisse Harrys X2- 500G","p":2.71,"u":"5,42 €/KG","img":"https://fd9-photos.leclercdrive.fr/image.ashx?id=2587575&use=l&cat=p&typeid=i","cat":285454},{"id":214103,"n":"Toasts Aromates spécial saumon Tranches épaisses Harrys 250G","p":1.36,"u":"5,44 €/KG","img":"https://fd9-photos.leclercdrive.fr/image.ashx?id=2587578&use=l&cat=p&typeid=i","cat":285454},{"id":214104,"n":"Toasts Seigle spécial huîtres Tranches épaisses Harrys 250G","p":1.36,"u":"5,44 €/KG","img":"https://fd9-photos.leclercdrive.fr/image.ashx?id=2599200&use=l&cat=p&typeid=i","cat":285454},{"id":214332,"n":"Chili Cheese Nuggets Pickers By McCain - 230g","p":3.52,"u":"15,30 €/KG","img":"https://fd9-photos.leclercdrive.fr/image.ashx?id=2958678&use=l&cat=p&typeid=i","cat":319822},{"id":214403,"n":"Lessive liquide Bonux L'original 50 Lavages - 2.25L","p":9.84,"u":"4,37 €/L","img":"https://fd9-photos.leclercdrive.fr/image.ashx?id=2881993&use=l&cat=p&typeid=i","cat":284640},{"id":214485,"n":"Capsule lave-vaisselle Sun Absolu Dégraissant x42 - 630g","p":11.72,"u":"18,60 €/KG","img":"https://fd9-photos.leclercdrive.fr/image.ashx?id=2590369&use=l&cat=p&typeid=i","cat":284656},{"id":214511,"n":"Saucisson Le Généreux Cochonou 365g","p":5.73,"u":"15,70 €/KG","img":"https://fd9-photos.leclercdrive.fr/image.ashx?id=2948938&use=l&cat=p&typeid=i","cat":316006},{"id":214569,"n":"Emincés de cuisse poulet kebab Le Gaulois - 180g","p":3.2,"u":"17,78 €/KG","img":"https://fd9-photos.leclercdrive.fr/image.ashx?id=2732713&use=l&cat=p&typeid=i","cat":284336},{"id":214648,"n":"Nouilles Banzai Noodle bœuf  cup - 67g","p":1.25,"u":"18,66 €/KG","img":"https://fd9-photos.leclercdrive.fr/image.ashx?id=2730001&use=l&cat=p&typeid=i","cat":288992},{"id":214723,"n":"Biscuit bébé Kiddylicious  Wafers fraise dès 6 mois 4x2p","p":1.53,"u":"95,63 €/KG","img":"https://fd9-photos.leclercdrive.fr/image.ashx?id=2929152&use=l&cat=p&typeid=i","cat":312394},{"id":214724,"n":"Biscuit bébé Kiddylicious Wafers Banane dès 6 mois (4x2p)","p":1.69,"u":"105,63 €/KG","img":"https://fd9-photos.leclercdrive.fr/image.ashx?id=2929149&use=l&cat=p&typeid=i","cat":312394},{"id":214728,"n":"Biscuits bébé Kiddylicious Saveur légumes dès 9 mois 4x12g","p":3.03,"u":"63,13 €/KG","img":"https://fd9-photos.leclercdrive.fr/image.ashx?id=2929140&use=l&cat=p&typeid=i","cat":312394},{"id":214756,"n":"Feuilleté de Mousse La Laitière Menthe - 4x57g","p":1.8,"u":"7,89 €/KG","img":"https://fd9-photos.leclercdrive.fr/image.ashx?id=3007960&use=l&cat=p&typeid=i","cat":284417},{"id":214762,"n":"Nouilles Banzai Noodle poulet  cup - 67g","p":1.25,"u":"18,66 €/KG","img":"https://fd9-photos.leclercdrive.fr/image.ashx?id=2730004&use=l&cat=p&typeid=i","cat":288992},{"id":214779,"n":"Lait en poudre bio Modilac Croissance - 800g","p":18.11,"u":"22,64 €/KG","img":"https://fd9-photos.leclercdrive.fr/image.ashx?id=2981175&use=l&cat=p&typeid=i","cat":290219},{"id":214800,"n":"Croquettes petit chien   Pedigree au bœuf - 2kg","p":7.64,"u":"3,82 €/KG","img":"https://fd9-photos.leclercdrive.fr/image.ashx?id=2876995&use=l&cat=p&typeid=i","cat":294526},{"id":214801,"n":"Croquettes petit chien   Pedigree à la volaille - 2kg","p":7.72,"u":"3,86 €/KG","img":"https://fd9-photos.leclercdrive.fr/image.ashx?id=2832323&use=l&cat=p&typeid=i","cat":294526},{"id":214808,"n":"Capsule Nescafé Dolce Gusto Neo  Espresso - x12","p":4.28,"u":"64,85 €/KG","img":"https://fd9-photos.leclercdrive.fr/image.ashx?id=2774709&use=l&cat=p&typeid=i","cat":293241},{"id":214809,"n":"Capsule Nescafé Dolce Gusto Neo  Lungo - x12","p":4.32,"u":"62,61 €/KG","img":"https://fd9-photos.leclercdrive.fr/image.ashx?id=2775041&use=l&cat=p&typeid=i","cat":293241},{"id":214811,"n":"Capsule Nescafé Dolce Gusto Neo  Hot Chocolate - x12","p":4.35,"u":"20,14 €/KG","img":"https://fd9-photos.leclercdrive.fr/image.ashx?id=2927702&use=l&cat=p&typeid=i","cat":293241},{"id":214813,"n":"Capsule Nescafé Dolce Gusto Neo Starbucks Caramel Macchiato x12","p":5.03,"u":"41,92 €/KG","img":"https://fd9-photos.leclercdrive.fr/image.ashx?id=2595824&use=l&cat=p&typeid=i","cat":293241},{"id":214814,"n":"Ail en semoule Ducro 335g","p":7.71,"u":"23,01 €/KG","img":"https://fd9-photos.leclercdrive.fr/image.ashx?id=2595665&use=l&cat=p&typeid=i","cat":298297},{"id":214848,"n":"Champignons blancs de Paris  Eco+ - 200g","p":0.95,"u":"4,75 €/KG","img":"https://fd9-photos.leclercdrive.fr/image.ashx?id=2742685&use=l&cat=p&typeid=i","cat":284352},{"id":215016,"n":"Croutons nature Tipiak 220g","p":3.39,"u":"15,41 €/KG","img":"https://fd9-photos.leclercdrive.fr/image.ashx?id=2842061&use=l&cat=p&typeid=i","cat":284464},{"id":215017,"n":"Croutons ail Tipiak 220g","p":3.29,"u":"14,95 €/KG","img":"https://fd9-photos.leclercdrive.fr/image.ashx?id=2688872&use=l&cat=p&typeid=i","cat":284464},{"id":215125,"n":"Caramel Fudges Vahiné 70g","p":3.8,"u":"54,29 €/KG","img":"https://fd9-photos.leclercdrive.fr/image.ashx?id=2596868&use=l&cat=p&typeid=i","cat":284504},{"id":215126,"n":"Chocolat au lait chunks Vahiné 100g","p":2.49,"u":"24,90 €/KG","img":"https://fd9-photos.leclercdrive.fr/image.ashx?id=2596865&use=l&cat=p&typeid=i","cat":284504},{"id":215139,"n":"Steak haché Tendre & Plus Façon bouchère 15%MG x8 - 1kg","p":13.56,"u":"13,56 €/KG","img":"https://fd9-photos.leclercdrive.fr/image.ashx?id=2748362&use=l&cat=p&typeid=i","cat":319778},{"id":215209,"n":"Spray nettoyant La Croix Bicarbonate de soude - 500ml","p":2.9,"u":"5,80 €/L","img":"https://fd9-photos.leclercdrive.fr/image.ashx?id=2597609&use=l&cat=p&typeid=i","cat":325357},{"id":215217,"n":"Lessive capsule Ariels Pods+ Active - 448g - x19","p":11.87,"u":"26,50 €/KG","img":"https://fd9-photos.leclercdrive.fr/image.ashx?id=2597600&use=l&cat=p&typeid=i","cat":284641},{"id":215233,"n":"Compotes Charles & Alice Pommes morceaux vanille x4 388g","p":1.86,"u":"4,79 €/KG","img":"https://fd9-photos.leclercdrive.fr/image.ashx?id=2757650&use=l&cat=p&typeid=i","cat":284416},{"id":215236,"n":"Compotes Charles & Alice Pomme morceau châtaigne x4 388g","p":1.81,"u":"4,66 €/KG","img":"https://fd9-photos.leclercdrive.fr/image.ashx?id=2757656&use=l&cat=p&typeid=i","cat":284416},{"id":215245,"n":"Confit d'oignons Charal 100g","p":1.86,"u":"18,60 €/KG","img":"https://fd9-photos.leclercdrive.fr/image.ashx?id=2598109&use=l&cat=p&typeid=i","cat":284382},{"id":215247,"n":"Panini boeuf Charal  3 fromages - 165g","p":4.26,"u":"25,82 €/KG","img":"https://fd9-photos.leclercdrive.fr/image.ashx?id=2598115&use=l&cat=p&typeid=i","cat":333671},{"id":215377,"n":"Fromage Persillée Bresse Bleu Le véritable - 200g","p":2.86,"u":"14,30 €/KG","img":"https://fd9-photos.leclercdrive.fr/image.ashx?id=2927486&use=l&cat=p&typeid=i","cat":314032},{"id":215497,"n":"Chocolat liqueur  Abtey Poire williams - x10 - 200g","p":5.64,"u":"28,20 €/KG","img":"https://fd9-photos.leclercdrive.fr/image.ashx?id=2599583&use=l&cat=p&typeid=i","cat":327601},{"id":215501,"n":"Casier chocolat  liqueur Abtey x12 -  155g","p":6.65,"u":"42,90 €/KG","img":"https://fd9-photos.leclercdrive.fr/image.ashx?id=2731174&use=l&cat=p&typeid=i","cat":327601},{"id":215502,"n":"Casier chocolat liqueur Abtey Rhum arrangé x12 - 155g","p":6.18,"u":"39,87 €/KG","img":"https://fd9-photos.leclercdrive.fr/image.ashx?id=2599586&use=l&cat=p&typeid=i","cat":327601},{"id":215718,"n":"Mini Délices Assortiment Milka 320g","p":12.3,"u":"38,44 €/KG","img":"https://fd9-photos.leclercdrive.fr/image.ashx?id=2904467&use=l&cat=p&typeid=i","cat":327597},{"id":215720,"n":"Mini délices Milka Cacao - 320g","p":12.3,"u":"38,44 €/KG","img":"https://fd9-photos.leclercdrive.fr/image.ashx?id=2916447&use=l&cat=p&typeid=i","cat":327597},{"id":215899,"n":"Moules apéritives Pêche Océan - 350ml","p":2.69,"u":"7,69 €/L","img":"https://fd9-photos.leclercdrive.fr/image.ashx?id=2605008&use=l&cat=p&typeid=i","cat":285094},{"id":216007,"n":"Petits pots bébé P'TIT SOUPER Quinotto carottes 8M+ - 2x200g","p":2.14,"u":"5,35 €/KG","img":"https://fd9-photos.leclercdrive.fr/image.ashx?id=2737762&use=l&cat=p&typeid=i","cat":312239},{"id":216071,"n":"Beurre Président  Doux - 60% MG - 200g","p":1.74,"u":"8,70 €/KG","img":"https://fd9-photos.leclercdrive.fr/image.ashx?id=2887683&use=l&cat=p&typeid=i","cat":284379},{"id":216093,"n":"Chips Tortilla Doritos Goût barbecue style - 160g","p":2.0,"u":"12,50 €/KG","img":"https://fd9-photos.leclercdrive.fr/image.ashx?id=2880718&use=l&cat=p&typeid=i","cat":287899},{"id":216095,"n":"Chips Tortilla Doritos Goût nacho cheese - 160g","p":1.97,"u":"12,31 €/KG","img":"https://fd9-photos.leclercdrive.fr/image.ashx?id=2990478&use=l&cat=p&typeid=i","cat":287899},{"id":216096,"n":"Chips Tortilla Doritos Goût Nature Sel - 160g","p":1.91,"u":"11,94 €/KG","img":"https://fd9-photos.leclercdrive.fr/image.ashx?id=2880715&use=l&cat=p&typeid=i","cat":287899},{"id":216098,"n":"Chips Tortilla Doritos Goût sweet chili - 160g","p":1.93,"u":"12,06 €/KG","img":"https://fd9-photos.leclercdrive.fr/image.ashx?id=2990475&use=l&cat=p&typeid=i","cat":287899},{"id":216099,"n":"Chips Tortilla Doritos Goût sour cream - 160g","p":1.98,"u":"12,38 €/KG","img":"https://fd9-photos.leclercdrive.fr/image.ashx?id=2890088&use=l&cat=p&typeid=i","cat":287899},{"id":216100,"n":"Joue de porc cuite Bigard Sauce aux échalotes - 400g","p":8.62,"u":"21,55 €/KG","img":"https://fd9-photos.leclercdrive.fr/image.ashx?id=2602530&use=l&cat=p&typeid=i","cat":284331},{"id":216101,"n":"Araignée de boeuf  Bigard Sauce poivre - 400g","p":8.27,"u":"20,68 €/KG","img":"https://fd9-photos.leclercdrive.fr/image.ashx?id=2602533&use=l&cat=p&typeid=i","cat":284328},{"id":216110,"n":"Compotes Materne Pomme Pêche de vigne - 4x100g","p":1.85,"u":"4,63 €/KG","img":"https://fd9-photos.leclercdrive.fr/image.ashx?id=3003110&use=l&cat=p&typeid=i","cat":284416},{"id":216112,"n":"Yaourt Fruits Panier de Yoplait Fraise Framboise - 4x125g","p":1.95,"u":"3,90 €/KG","img":"https://fd9-photos.leclercdrive.fr/image.ashx?id=2884471&use=l&cat=p&typeid=i","cat":284410},{"id":216113,"n":"Yaourt Fruits Panier de Yoplait Mûre Myrtille - 4x125g","p":1.91,"u":"3,82 €/KG","img":"https://fd9-photos.leclercdrive.fr/image.ashx?id=2884480&use=l&cat=p&typeid=i","cat":284410},{"id":216114,"n":"Yaourt Fruits Panier de Yoplait Abricot Nectarine - 4x125g","p":1.96,"u":"3,92 €/KG","img":"https://fd9-photos.leclercdrive.fr/image.ashx?id=2884474&use=l&cat=p&typeid=i","cat":284410},{"id":216115,"n":"Yaourt Fruits Panier de Yoplait Cerise - 4x125g","p":1.84,"u":"4,00 €/P","img":"https://fd9-photos.leclercdrive.fr/image.ashx?id=2884483&use=l&cat=p&typeid=i","cat":284410},{"id":216119,"n":"Yaourt Panier de Yoplait Fruits Jaunes - 8x125g","p":2.76,"u":"2,76 €/KG","img":"https://fd9-photos.leclercdrive.fr/image.ashx?id=2811965&use=l&cat=p&typeid=i","cat":284410},{"id":216120,"n":"Yaourt Fruits Panier de Yoplait Fraise Framboise Cerise -8x125g","p":2.77,"u":"2,77 €/KG","img":"https://fd9-photos.leclercdrive.fr/image.ashx?id=2811968&use=l&cat=p&typeid=i","cat":284410},{"id":216123,"n":"Yaourt Fruits Panier de Yoplait Panaché - 16x125g","p":4.68,"u":"2,34 €/KG","img":"https://fd9-photos.leclercdrive.fr/image.ashx?id=2884489&use=l&cat=p&typeid=i","cat":284410},{"id":216125,"n":"Yaourt Panier de Yoplait Fruits Jaunes 0%Mg - 8x125g","p":2.87,"img":"https://fd9-photos.leclercdrive.fr/image.ashx?id=2733760&use=l&cat=p&typeid=i","cat":284410},{"id":216126,"n":"Yaourt Panier de Yoplait Fruits Rouges 0%Mg - 8x125g","p":2.92,"u":"2,92 €/KG","img":"https://fd9-photos.leclercdrive.fr/image.ashx?id=2830399&use=l&cat=p&typeid=i","cat":284410},{"id":216128,"n":"Yaourt Fruits Panier de Yoplait Panaché 0%Mg - 16x125g","p":4.5,"u":"2,25 €/KG","img":"https://fd9-photos.leclercdrive.fr/image.ashx?id=2884495&use=l&cat=p&typeid=i","cat":284410},{"id":216194,"n":"Purée pommes de terre Florette Ail fines herbes Boursin 2x200g","p":2.69,"u":"6,73 €/KG","img":"https://fd9-photos.leclercdrive.fr/image.ashx?id=2767705&use=l&cat=p&typeid=i","cat":333665},{"id":216295,"n":"Raclette nature Eco+ 400g","p":3.37,"u":"8,43 €/KG","img":"https://fd9-photos.leclercdrive.fr/image.ashx?id=2611852&use=l&cat=p&typeid=i","cat":314037},{"id":216303,"n":"Riz Méditerranée Ben's original  Express 2mn - 220g","p":1.32,"u":"5,28 €/KG","img":"https://fd9-photos.leclercdrive.fr/image.ashx?id=2995301&use=l&cat=p&typeid=i","cat":287600},{"id":216319,"n":"Paupiette de porc Bigard Cheddar - 3x125g","p":5.76,"u":"15,36 €/KG","img":"https://fd9-photos.leclercdrive.fr/image.ashx?id=2615448&use=l&cat=p&typeid=i","cat":284331},{"id":216325,"n":"Gel douche Adidas Active Skin & Mind - Energy Kick - 250ml","p":2.72,"u":"10,88 €/L","img":"https://fd9-photos.leclercdrive.fr/image.ashx?id=2990784&use=l&cat=p&typeid=i","cat":284619},{"id":216343,"n":"Fouetté de Beurre Elle&Vire  Demi-Sel - 63% MG - 130g","p":2.05,"u":"15,77 €/KG","img":"https://fd9-photos.leclercdrive.fr/image.ashx?id=2766821&use=l&cat=p&typeid=i","cat":284379},{"id":216423,"n":"Lingette Anti-décoloration Protect Décolor Stop - x3","p":14.88,"u":"4,96 €/P","img":"https://fd9-photos.leclercdrive.fr/image.ashx?id=2605529&use=l&cat=p&typeid=i","cat":290450},{"id":216462,"n":"Spray Prêt à l'emploi St Marc  Acide Citrique - 500ml","p":2.78,"u":"5,56 €/L","img":"https://fd9-photos.leclercdrive.fr/image.ashx?id=2653867&use=l&cat=p&typeid=i","cat":325357},{"id":216463,"n":"Lingettes désinfectantes St  Marc Anti-Bactériennes - x80","p":2.4,"u":"0,03 €/P","img":"https://fd9-photos.leclercdrive.fr/image.ashx?id=2811341&use=l&cat=p&typeid=i","cat":325358},{"id":216520,"n":"Skyr Siggi's  Noix de Coco - 2x140g","p":2.21,"u":"7,89 €/KG","img":"https://fd9-photos.leclercdrive.fr/image.ashx?id=2938623&use=l&cat=p&typeid=i","cat":315000},{"id":216521,"n":"Yaourt à la grecque YAOS  Nature - 850g","p":2.88,"u":"3,39 €/KG","img":"https://fd9-photos.leclercdrive.fr/image.ashx?id=2729776&use=l&cat=p&typeid=i","cat":314999},{"id":216525,"n":"Nesquik Chocoballs 4x120g","p":2.49,"u":"5,19 €/KG","img":"https://fd9-photos.leclercdrive.fr/image.ashx?id=2606876&use=l&cat=p&typeid=i","cat":284414},{"id":216546,"n":"Chocolats Chesterfield Hamlet 250g","p":9.53,"u":"38,12 €/KG","img":"https://fd9-photos.leclercdrive.fr/image.ashx?id=2978895&use=l&cat=p&typeid=i","cat":327595},{"id":216554,"n":"Praliné ligne excellent Hamlet Rouge - 250g","p":9.53,"u":"38,12 €/KG","img":"https://fd9-photos.leclercdrive.fr/image.ashx?id=2978892&use=l&cat=p&typeid=i","cat":327595},{"id":216596,"n":"Pâte à tartiner Andros be nuts Cacahuète croquant - 325g","p":3.38,"u":"10,40 €/KG","img":"https://fd9-photos.leclercdrive.fr/image.ashx?id=2906484&use=l&cat=p&typeid=i","cat":284481},{"id":216597,"n":"Pâte à tartiner Andros be nuts Cacahuète crémeux - 325g","p":3.33,"u":"10,25 €/KG","img":"https://fd9-photos.leclercdrive.fr/image.ashx?id=2916201&use=l&cat=p&typeid=i","cat":284481},{"id":216639,"n":"Nectar orange Pressade Bio  - 1L","p":3.09,"u":"3,09 €/L","img":"https://fd9-photos.leclercdrive.fr/image.ashx?id=2732545&use=l&cat=p&typeid=i","cat":284521},{"id":216786,"n":"Fromage à raclette RichesMonts Classique - 850g +100g offerts","p":10.05,"u":"11,82 €/KG","img":"https://fd9-photos.leclercdrive.fr/image.ashx?id=2953848&use=l&cat=p&typeid=i","cat":314037},{"id":217003,"n":"Céréales coco pops Kellogg's Au chocolat - 550g","p":4.05,"u":"7,36 €/KG","img":"https://fd9-photos.leclercdrive.fr/image.ashx?id=2611080&use=l&cat=p&typeid=i","cat":309513},{"id":217118,"n":"Dosettes café Senseo Espresso Intense x32","p":5.98,"u":"26,94 €/KG","img":"https://fd9-photos.leclercdrive.fr/image.ashx?id=2788055&use=l&cat=p&typeid=i","cat":293238},{"id":217256,"n":"Champignons de Paris blancs Panier du Primeur - 400g","p":2.39,"u":"5,98 €/KG","img":"https://fd9-photos.leclercdrive.fr/image.ashx?id=2610765&use=l&cat=p&typeid=i","cat":284352},{"id":217610,"n":"Café en grain  Bio Village Bio Pur arabica - 500g","p":8.29,"u":"16,58 €/KG","img":"https://fd9-photos.leclercdrive.fr/image.ashx?id=2615376&use=l&cat=p&typeid=i","cat":293237},{"id":217611,"n":"Chataigne Bio Village Bio - 195g","p":3.71,"u":"19,03 €/KG","img":"https://fd9-photos.leclercdrive.fr/image.ashx?id=2613747&use=l&cat=p&typeid=i","cat":312612},{"id":217612,"n":"Café en grain Plantation Pur arabica - 1kg","p":13.06,"u":"13,06 €/KG","img":"https://fd9-photos.leclercdrive.fr/image.ashx?id=2824307&use=l&cat=p&typeid=i","cat":293237},{"id":217613,"n":"Café en grain Plantation Ethiopie - 500g","p":7.99,"u":"15,98 €/KG","img":"https://fd9-photos.leclercdrive.fr/image.ashx?id=2824310&use=l&cat=p&typeid=i","cat":293237},{"id":217703,"n":"Dés de Gouda au cumin Petit Marché - 120g","p":2.44,"u":"20,33 €/KG","img":"https://fd9-photos.leclercdrive.fr/image.ashx?id=2622531&use=l&cat=p&typeid=i","cat":314027},{"id":217935,"n":"Désodorisant diffuseur Airwick  Active Fresh Coton - 75ml","p":3.62,"u":"48,27 €/L","img":"https://fd9-photos.leclercdrive.fr/image.ashx?id=2616186&use=l&cat=p&typeid=i","cat":311629},{"id":217936,"n":"Désodorisant diffuseur Airwick  Active Fresh Magnolia - 75ml","p":3.64,"u":"48,53 €/L","img":"https://fd9-photos.leclercdrive.fr/image.ashx?id=2616435&use=l&cat=p&typeid=i","cat":311629},{"id":217945,"n":"Lessive capsule Ariel 3-en-1 Original - 389.5g - x19","p":9.28,"u":"23,79 €/KG","img":"https://fd9-photos.leclercdrive.fr/image.ashx?id=2675238&use=l&cat=p&typeid=i","cat":284641},{"id":217982,"n":"Dentifrice Integral 8 Signal Complet Effet Prébiotique 75ml","p":1.72,"u":"22,93 €/L","img":"https://fd9-photos.leclercdrive.fr/image.ashx?id=2974665&use=l&cat=p&typeid=i","cat":284612},{"id":217989,"n":"Dentifrice Integral 8 Signal HaleineFraîche Prébiotique 75ml","p":2.41,"u":"32,13 €/L","img":"https://fd9-photos.leclercdrive.fr/image.ashx?id=2985660&use=l&cat=p&typeid=i","cat":284612},{"id":217991,"n":"Dentifrice Signal Integral 8 Nettoyage intense - 75ml","p":2.36,"u":"31,47 €/L","img":"https://fd9-photos.leclercdrive.fr/image.ashx?id=2818190&use=l&cat=p&typeid=i","cat":284612},{"id":217993,"n":"Dentifrice Integral 8 Signal Blancheur Prébiotique 75ml","p":1.68,"u":"22,40 €/L","img":"https://fd9-photos.leclercdrive.fr/image.ashx?id=2974668&use=l&cat=p&typeid=i","cat":284612},{"id":218000,"n":"Dentifrice Signal Système Blancheur 1 semaine - 75ml","p":1.77,"u":"23,60 €/L","img":"https://fd9-photos.leclercdrive.fr/image.ashx?id=2777516&use=l&cat=p&typeid=i","cat":284612},{"id":218189,"n":"Pizza croustimoelleuse extrême  Marie Tartiflette - 2+1 offerte","p":6.15,"u":"3,73 €/KG","img":"https://fd9-photos.leclercdrive.fr/image.ashx?id=2996665&use=l&cat=p&typeid=i","cat":284256},{"id":218310,"n":"Saumon fumé Delpeyrat Norvège 10 tranches - 300g","p":10.3,"u":"34,33 €/KG","img":"https://fd9-photos.leclercdrive.fr/image.ashx?id=2923540&use=l&cat=p&typeid=i","cat":285188},{"id":218370,"n":"Pizza Turini Poulet - 400g","p":3.35,"u":"8,38 €/KG","img":"https://fd9-photos.leclercdrive.fr/image.ashx?id=2888971&use=l&cat=p&typeid=i","cat":333679},{"id":218472,"n":"Compote Fruit Intense Materne Pomme myrtille sauvage - 400g","p":1.85,"u":"4,63 €/KG","img":"https://fd9-photos.leclercdrive.fr/image.ashx?id=3003113&use=l&cat=p&typeid=i","cat":284416},{"id":218475,"n":"Compote Fruit Intense Materne Pomme cerise noire - 400g","p":1.85,"u":"4,63 €/KG","img":"https://fd9-photos.leclercdrive.fr/image.ashx?id=3003116&use=l&cat=p&typeid=i","cat":284416},{"id":218490,"n":"Foie gras de canard entier Torchon Jean Larnaudie - 160g","p":24.49,"u":"153,06 €/KG","img":"https://fd9-photos.leclercdrive.fr/image.ashx?id=2916800&use=l&cat=p&typeid=i","cat":316008},{"id":218492,"n":"Brisures de saumon fumé Eco+ 150g","p":3.06,"u":"20,40 €/KG","img":"https://fd9-photos.leclercdrive.fr/image.ashx?id=3005528&use=l&cat=p&typeid=i","cat":285188},{"id":218494,"n":"Panés aux poissons Eco+ 200g","p":1.55,"u":"7,75 €/KG","img":"https://fd9-photos.leclercdrive.fr/image.ashx?id=2618706&use=l&cat=p&typeid=i","cat":284344},{"id":218560,"n":"Tortillas Old El Paso de blé  nature familial x12 - 489g","p":3.35,"u":"0,28 €/P","img":"https://fd9-photos.leclercdrive.fr/image.ashx?id=2737669&use=l&cat=p&typeid=i","cat":288993},{"id":218564,"n":"Dentelle jambon sec Aoste 80g","p":4.46,"u":"55,75 €/KG","img":"https://fd9-photos.leclercdrive.fr/image.ashx?id=2734615&use=l&cat=p&typeid=i","cat":316007},{"id":218584,"n":"Curry madras 45G - DUCROS","p":1.92,"u":"42,67 €/KG","img":"https://fd9-photos.leclercdrive.fr/image.ashx?id=2620131&use=l&cat=p&typeid=i","cat":298297},{"id":218586,"n":"Curry korma 42G- DUCROS","p":1.72,"u":"40,95 €/KG","img":"https://fd9-photos.leclercdrive.fr/image.ashx?id=2620134&use=l&cat=p&typeid=i","cat":298297},{"id":218587,"n":"Curry tandoori 37G - DUCROS","p":2.4,"u":"64,86 €/KG","img":"https://fd9-photos.leclercdrive.fr/image.ashx?id=2620137&use=l&cat=p&typeid=i","cat":298297},{"id":218792,"n":"Sachet Père Noël et attaches Rohan - 175g","p":4.81,"u":"27,49 €/KG","img":"https://fd9-photos.leclercdrive.fr/image.ashx?id=2622594&use=l&cat=p&typeid=i","cat":327592},{"id":218804,"n":"Croquettes chat Perfect Fit Boeuf Stérilisés Adulte 1.4kg","p":7.4,"u":"5,29 €/KG","img":"https://fd9-photos.leclercdrive.fr/image.ashx?id=2622792&use=l&cat=p&typeid=i","cat":284680},{"id":218807,"n":"Croquettes chat Perfect Fit Poulet stérilisés - 1.4kg","p":6.09,"u":"4,35 €/KG","img":"https://fd9-photos.leclercdrive.fr/image.ashx?id=2622795&use=l&cat=p&typeid=i","cat":284680},{"id":218819,"n":"Croquettes chat sénior Perfect  Fit 7+ au poulet - 1,4kg","p":8.08,"u":"5,77 €/KG","img":"https://fd9-photos.leclercdrive.fr/image.ashx?id=2624332&use=l&cat=p&typeid=i","cat":284680},{"id":219601,"n":"Petits pains grillés Pasquier Blé complet - 225g","p":1.68,"u":"7,47 €/KG","img":"https://fd9-photos.leclercdrive.fr/image.ashx?id=2834452&use=l&cat=p&typeid=i","cat":284479},{"id":219602,"n":"Petits pains grillés Pasquier Froment - 225g","p":1.68,"u":"7,47 €/KG","img":"https://fd9-photos.leclercdrive.fr/image.ashx?id=2834455&use=l&cat=p&typeid=i","cat":284479},{"id":219722,"n":"Bloc de foie gras de canard Pierre de Chaumeyrac - 300g","p":16.9,"u":"56,33 €/KG","img":"https://fd9-photos.leclercdrive.fr/image.ashx?id=2804341&use=l&cat=p&typeid=i","cat":316008},{"id":220132,"n":"Dosettes café Senseo Espresso Classique x32","p":5.7,"u":"25,91 €/KG","img":"https://fd9-photos.leclercdrive.fr/image.ashx?id=2788061&use=l&cat=p&typeid=i","cat":293238},{"id":220258,"n":"Sachet fraîcheur chat Sheba  Volaille en sauce - 40x85g","p":16.61,"u":"4,89 €/KG","img":"https://fd9-photos.leclercdrive.fr/image.ashx?id=2642729&use=l&cat=p&typeid=i","cat":285286},{"id":220563,"n":"Dentifrice Signal Intégral 8 Interdentaire - 3x75ml","p":4.75,"u":"21,11 €/L","img":"https://fd9-photos.leclercdrive.fr/image.ashx?id=2639846&use=l&cat=p&typeid=i","cat":284612},{"id":220689,"n":"Dentifrice Integral 8 Signal Interdentaire Prébiotique 75ml","p":2.15,"u":"28,67 €/L","img":"https://fd9-photos.leclercdrive.fr/image.ashx?id=2940654&use=l&cat=p&typeid=i","cat":284612},{"id":220742,"n":"Savon Le Petit Marseillais  Recharge antibacterien - 250ml","p":1.43,"u":"5,72 €/L","img":"https://fd9-photos.leclercdrive.fr/image.ashx?id=2684230&use=l&cat=p&typeid=i","cat":284597},{"id":220786,"n":"Papier toilette humide Lotus Confort - x38","p":1.7,"u":"0,04 €/P","img":"https://fd9-photos.leclercdrive.fr/image.ashx?id=2864843&use=l&cat=p&typeid=i","cat":284634},{"id":220788,"n":"Recharge crème lavante mains Le Petit Marseillais Lait 250ml","p":0.82,"u":"3,28 €/L","img":"https://fd9-photos.leclercdrive.fr/image.ashx?id=2735242&use=l&cat=p&typeid=i","cat":284597},{"id":220800,"n":"Pommes rissolées Findus 1.08kg","p":3.78,"u":"3,50 €/KG","img":"https://fd9-photos.leclercdrive.fr/image.ashx?id=2843183&use=l&cat=p&typeid=i","cat":319792},{"id":221205,"n":"Fromage fondu Burger Eco+ x10 - 200g","p":1.15,"u":"5,75 €/KG","img":"https://fd9-photos.leclercdrive.fr/image.ashx?id=2956960&use=l&cat=p&typeid=i","cat":314028},{"id":221208,"n":"Disques à démaquiller x120","p":0.39,"img":"https://fd9-photos.leclercdrive.fr/image.ashx?id=2640119&use=l&cat=p&typeid=i","cat":285593},{"id":221211,"n":"Milky goûter fromage enfants  Les Croisés 8 portions 280g","p":2.99,"u":"10,68 €/KG","img":"https://fd9-photos.leclercdrive.fr/image.ashx?id=2791902&use=l&cat=p&typeid=i","cat":314030},{"id":221220,"n":"Maxi croustis Texas Bonduelle Maïs poivron haricot rouge 240g","p":3.22,"u":"13,42 €/KG","img":"https://fd9-photos.leclercdrive.fr/image.ashx?id=2979653&use=l&cat=p&typeid=i","cat":319822},{"id":221222,"n":"Mini croustis Italian Bonduelle Aubergine poivron mozza - 240g","p":3.25,"u":"13,54 €/KG","img":"https://fd9-photos.leclercdrive.fr/image.ashx?id=2960708&use=l&cat=p&typeid=i","cat":319822},{"id":221272,"n":"Triangolo Fromage enfants vache Les Croisés 32 portions - 533g","p":3.5,"u":"6,57 €/KG","img":"https://fd9-photos.leclercdrive.fr/image.ashx?id=2791893&use=l&cat=p&typeid=i","cat":314030},{"id":221463,"n":"Saumon fumé Delpeyrat Ecosse - 10 tranches - 275g","p":11.71,"u":"42,58 €/KG","img":"https://fd9-photos.leclercdrive.fr/image.ashx?id=2923543&use=l&cat=p&typeid=i","cat":285188},{"id":221505,"n":"Infusion digestion légère  Elephant - x20 - 32g","p":2.09,"u":"65,31 €/KG","img":"https://fd9-photos.leclercdrive.fr/image.ashx?id=2655653&use=l&cat=p&typeid=i","cat":293234},{"id":221507,"n":"Infusion nuit tranquille  Elephant - x20 - 30g","p":1.5,"u":"50,00 €/KG","img":"https://fd9-photos.leclercdrive.fr/image.ashx?id=2655647&use=l&cat=p&typeid=i","cat":293234},{"id":221595,"n":"Queues de crevettes ASC L'Atelier Poissonnerie - 220g","p":5.99,"u":"27,23 €/KG","img":"https://fd9-photos.leclercdrive.fr/image.ashx?id=2644283&use=l&cat=p&typeid=i","cat":284343},{"id":221654,"n":"Ballotine porc Cochonette Jean Brient - 600g","p":7.49,"u":"12,48 €/KG","img":"https://fd9-photos.leclercdrive.fr/image.ashx?id=2644130&use=l&cat=p&typeid=i","cat":316012},{"id":222030,"n":"Yaourt à boire Actimel Original et Fraise - 8x100g","p":2.98,"u":"3,73 €/KG","img":"https://fd9-photos.leclercdrive.fr/image.ashx?id=2648121&use=l&cat=p&typeid=i","cat":284415},{"id":222031,"n":"Yaourt à boire Actimel Multifruits - 8x100g","p":2.98,"u":"3,73 €/KG","img":"https://fd9-photos.leclercdrive.fr/image.ashx?id=2648124&use=l&cat=p&typeid=i","cat":284415},{"id":222033,"n":"Yaourt à boire Actimel Nature 0% - 8x100g","p":2.98,"u":"3,73 €/KG","img":"https://fd9-photos.leclercdrive.fr/image.ashx?id=2648127&use=l&cat=p&typeid=i","cat":284415},{"id":222035,"n":"Yaourt à boire Actimel Coco - 8x100g","p":2.98,"u":"3,73 €/KG","img":"https://fd9-photos.leclercdrive.fr/image.ashx?id=2648130&use=l&cat=p&typeid=i","cat":284415},{"id":222052,"n":"Fruit de la passion 1p","p":1.19,"img":"https://fd9-photos.leclercdrive.fr/image.ashx?id=1633904&use=l&cat=p&typeid=i","cat":284356},{"id":222055,"n":"Citron  1p","p":0.69,"img":"https://fd9-photos.leclercdrive.fr/image.ashx?id=1628602&use=l&cat=p&typeid=i","cat":284356},{"id":222056,"n":"Citron vert  1p","p":0.29,"img":"https://fd9-photos.leclercdrive.fr/image.ashx?id=1628331&use=l&cat=p&typeid=i","cat":284356},{"id":222059,"n":"Oranges à déguster  1p","p":0.99,"img":"https://fd9-photos.leclercdrive.fr/image.ashx?id=1629690&use=l&cat=p&typeid=i","cat":284356},{"id":222064,"n":"Grenade 1p","p":1.69,"img":"https://fd9-photos.leclercdrive.fr/image.ashx?id=1633898&use=l&cat=p&typeid=i","cat":284356},{"id":222083,"n":"Shampoing illuminant Ultra Doux Camomille Miel - 600ml","p":5.03,"u":"8,38 €/L","img":"https://fd9-photos.leclercdrive.fr/image.ashx?id=2926602&use=l&cat=p&typeid=i","cat":284606},{"id":222087,"n":"Shampoing Enfants Ultra Doux Abricot - 600ml","p":5.06,"u":"8,43 €/L","img":"https://fd9-photos.leclercdrive.fr/image.ashx?id=2851096&use=l&cat=p&typeid=i","cat":284606},{"id":222088,"n":"Poire Conférence 1p","p":0.59,"img":"https://fd9-photos.leclercdrive.fr/image.ashx?id=1636641&use=l&cat=p&typeid=i","cat":284356},{"id":222089,"n":"Shampoing nutrition Ultra Doux Avocat et Karité - 600ml","p":4.93,"u":"8,22 €/L","img":"https://fd9-photos.leclercdrive.fr/image.ashx?id=2944852&use=l&cat=p&typeid=i","cat":284606},{"id":222090,"n":"Poire Williams   1p","p":0.79,"img":"https://fd9-photos.leclercdrive.fr/image.ashx?id=1636644&use=l&cat=p&typeid=i","cat":284356},{"id":222091,"n":"Pomme Golden  1p","p":0.5,"img":"https://fd9-photos.leclercdrive.fr/image.ashx?id=1630966&use=l&cat=p&typeid=i","cat":284356},{"id":222092,"n":"Pommes Chantecler 1p","p":0.69,"img":"https://fd9-photos.leclercdrive.fr/image.ashx?id=1631116&use=l&cat=p&typeid=i","cat":284356},{"id":222093,"n":"Pomme Royal Gala  1p","p":0.5,"img":"https://fd9-photos.leclercdrive.fr/image.ashx?id=1630963&use=l&cat=p&typeid=i","cat":284356},{"id":222096,"n":"Pomme Pink Lady  1p","p":0.89,"img":"https://fd9-photos.leclercdrive.fr/image.ashx?id=2121659&use=l&cat=p&typeid=i","cat":284356},{"id":222097,"n":"Pomme Granny Smith  1p","p":0.5,"img":"https://fd9-photos.leclercdrive.fr/image.ashx?id=1630969&use=l&cat=p&typeid=i","cat":284356},{"id":222109,"n":"Avocat  1p","p":0.99,"img":"https://fd9-photos.leclercdrive.fr/image.ashx?id=1633637&use=l&cat=p&typeid=i","cat":284352},{"id":222111,"n":"Radis noir  1p","p":1.49,"img":"https://fd9-photos.leclercdrive.fr/image.ashx?id=578511&use=l&cat=p&typeid=i","cat":284352},{"id":222113,"n":"Fenouil  1p","p":1.19,"img":"https://fd9-photos.leclercdrive.fr/image.ashx?id=612612&use=l&cat=p&typeid=i","cat":284352},{"id":222116,"n":"Carotte  1p","p":0.15,"img":"https://fd9-photos.leclercdrive.fr/image.ashx?id=1631592&use=l&cat=p&typeid=i","cat":284352},{"id":222117,"n":"Poireau  1p","p":0.99,"img":"https://fd9-photos.leclercdrive.fr/image.ashx?id=1632716&use=l&cat=p&typeid=i","cat":284352},{"id":222124,"n":"Courgette  1p","p":0.79,"img":"https://fd9-photos.leclercdrive.fr/image.ashx?id=1631964&use=l&cat=p&typeid=i","cat":284352},{"id":222128,"n":"Poivron doux rouge  1p","p":0.99,"img":"https://fd9-photos.leclercdrive.fr/image.ashx?id=1633094&use=l&cat=p&typeid=i","cat":284352},{"id":222131,"n":"Poivron doux vert  1p","p":0.99,"img":"https://fd9-photos.leclercdrive.fr/image.ashx?id=1633202&use=l&cat=p&typeid=i","cat":284352},{"id":222133,"n":"Tomate allongée  1p","p":0.5,"img":"https://fd9-photos.leclercdrive.fr/image.ashx?id=1631200&use=l&cat=p&typeid=i","cat":284352},{"id":222145,"n":"Salade Scarole 1p","p":2.49,"img":"https://fd9-photos.leclercdrive.fr/image.ashx?id=1632542&use=l&cat=p&typeid=i","cat":284352},{"id":222146,"n":"Ail blanc  1p","p":1.29,"img":"https://fd9-photos.leclercdrive.fr/image.ashx?id=1631469&use=l&cat=p&typeid=i","cat":284352},{"id":222148,"n":"Echalote longue  La pièce","p":0.25,"img":"https://fd9-photos.leclercdrive.fr/image.ashx?id=1631940&use=l&cat=p&typeid=i","cat":284352},{"id":222150,"n":"Oignon jaune  1p","p":0.55,"img":"https://fd9-photos.leclercdrive.fr/image.ashx?id=764178&use=l&cat=p&typeid=i","cat":284352},{"id":222152,"n":"Oignon rouge  1p","p":0.55,"img":"https://fd9-photos.leclercdrive.fr/image.ashx?id=2910419&use=l&cat=p&typeid=i","cat":284352},{"id":222280,"n":"Aubergine 1p","p":0.89,"img":"https://fd9-photos.leclercdrive.fr/image.ashx?id=1631421&use=l&cat=p&typeid=i","cat":284352},{"id":222482,"n":"Mélange oiseaux du ciel Eco+ - 4kg","p":3.38,"u":"0,85 €/KG","img":"https://fd9-photos.leclercdrive.fr/image.ashx?id=2651327&use=l&cat=p&typeid=i","cat":284678},{"id":222484,"n":"Café en capsules Lavazza Qualita ORO - x10 - 55g","p":3.69,"u":"67,09 €/KG","img":"https://fd9-photos.leclercdrive.fr/image.ashx?id=2919030&use=l&cat=p&typeid=i","cat":284749},{"id":222515,"n":"Chou rouge émincé Notre Jardin 250g","p":0.99,"u":"3,96 €/KG","img":"https://fd9-photos.leclercdrive.fr/image.ashx?id=3006883&use=l&cat=p&typeid=i","cat":284352},{"id":222519,"n":"Cubes de poulet Maître Coq Blanc - 450g","p":5.06,"u":"11,24 €/KG","img":"https://fd9-photos.leclercdrive.fr/image.ashx?id=2651939&use=l&cat=p&typeid=i","cat":284336},{"id":222584,"n":"Pâte à tartiner Nutella 220g","p":2.42,"u":"11,00 €/KG","img":"https://fd9-photos.leclercdrive.fr/image.ashx?id=2755216&use=l&cat=p&typeid=i","cat":284481},{"id":222608,"n":"Jambon cru Serrano Aoste  6 tranches + 3 offertes - 150g","p":3.49,"u":"23,27 €/KG","img":"https://fd9-photos.leclercdrive.fr/image.ashx?id=2653669&use=l&cat=p&typeid=i","cat":316007},{"id":222619,"n":"Yaourt à boire Actimel Grenade - 8x100g","p":2.98,"u":"3,73 €/KG","img":"https://fd9-photos.leclercdrive.fr/image.ashx?id=2653231&use=l&cat=p&typeid=i","cat":284415},{"id":222704,"n":"Dentifrice Signal Extra fraîcheur intense - 75ml","p":1.99,"u":"26,53 €/L","img":"https://fd9-photos.leclercdrive.fr/image.ashx?id=2654212&use=l&cat=p&typeid=i","cat":284612},{"id":222740,"n":"Pommes bicolores Eco+ x4","p":0.99,"u":"0,25 €/P","img":"https://fd9-photos.leclercdrive.fr/image.ashx?id=2928210&use=l&cat=p&typeid=i","cat":284356},{"id":222779,"n":"Eau de javel La Croix Traditionnelle - 1.5L","p":1.49,"u":"0,99 €/L","img":"https://fd9-photos.leclercdrive.fr/image.ashx?id=2667556&use=l&cat=p&typeid=i","cat":284661},{"id":222782,"n":"Adoucissant Soupline Lingettes Voile Sèche-linge Grand air-x20","p":2.77,"u":"0,14 €/P","img":"https://fd9-photos.leclercdrive.fr/image.ashx?id=2654435&use=l&cat=p&typeid=i","cat":325302},{"id":222822,"n":"Batavia Notre Jardin 200g","p":1.53,"u":"7,65 €/KG","img":"https://fd9-photos.leclercdrive.fr/image.ashx?id=2662592&use=l&cat=p&typeid=i","cat":284353},{"id":222824,"n":"Carottes râpées Notre Jardin 250g","p":1.49,"u":"5,96 €/KG","img":"https://fd9-photos.leclercdrive.fr/image.ashx?id=2664626&use=l&cat=p&typeid=i","cat":284353},{"id":222826,"n":"Chou blanc carotte Notre Jardin 250g","p":1.51,"u":"6,04 €/KG","img":"https://fd9-photos.leclercdrive.fr/image.ashx?id=2740975&use=l&cat=p&typeid=i","cat":284353},{"id":222830,"n":"Coeur de frisée Notre Jardin 200g","p":1.6,"u":"8,00 €/KG","img":"https://fd9-photos.leclercdrive.fr/image.ashx?id=2657978&use=l&cat=p&typeid=i","cat":284353},{"id":222838,"n":"Coeur de Scarole Notre Jardin 200g","p":1.43,"u":"7,15 €/KG","img":"https://fd9-photos.leclercdrive.fr/image.ashx?id=2720187&use=l&cat=p&typeid=i","cat":284353},{"id":222839,"n":"Duo mâche et betterave Notre Jardin - 175g","p":1.32,"u":"7,54 €/KG","img":"https://fd9-photos.leclercdrive.fr/image.ashx?id=2663296&use=l&cat=p&typeid=i","cat":284353},{"id":222842,"n":"Acide citrique Clair 500g","p":2.99,"u":"5,98 €/KG","img":"https://fd9-photos.leclercdrive.fr/image.ashx?id=2822147&use=l&cat=p&typeid=i","cat":325365},{"id":222848,"n":"Mélange de jeunes pousses Notre Jardin - 175g","p":1.76,"u":"10,06 €/KG","img":"https://fd9-photos.leclercdrive.fr/image.ashx?id=2662601&use=l&cat=p&typeid=i","cat":284353},{"id":222849,"n":"Mélange gourmand Notre Jardin 320g","p":1.58,"u":"4,94 €/KG","img":"https://fd9-photos.leclercdrive.fr/image.ashx?id=2720190&use=l&cat=p&typeid=i","cat":284353},{"id":222851,"n":"Mesclun Notre Jardin 125g","p":1.51,"u":"12,08 €/KG","img":"https://fd9-photos.leclercdrive.fr/image.ashx?id=2663299&use=l&cat=p&typeid=i","cat":284353},{"id":222958,"n":"Sérum bio So'Bio Etic Anti-âge global - Argan - 30ml","p":20.8,"u":"693,33 €/L","img":"https://fd9-photos.leclercdrive.fr/image.ashx?id=2977480&use=l&cat=p&typeid=i","cat":325345},{"id":222959,"n":"Soin jour bio So'Bio Etic Anti-tâches - Lys - 50ml","p":19.13,"u":"382,60 €/L","img":"https://fd9-photos.leclercdrive.fr/image.ashx?id=3000207&use=l&cat=p&typeid=i","cat":325345},{"id":222960,"n":"Soin nuit bio So'Bio Etic Peeling - Anti-tâche - Lys 50ml","p":18.88,"u":"377,60 €/L","img":"https://fd9-photos.leclercdrive.fr/image.ashx?id=2997019&use=l&cat=p&typeid=i","cat":325345},{"id":222961,"n":"Soin regard So'Bio Etic Lift Grenade bio - 15ml","p":14.56,"u":"970,67 €/L","img":"https://fd9-photos.leclercdrive.fr/image.ashx?id=2787113&use=l&cat=p&typeid=i","cat":325345},{"id":222964,"n":"Colin d'Alaska MSC Pêche Océan Façon Fish & Chips - 400g","p":2.69,"u":"6,73 €/KG","img":"https://fd9-photos.leclercdrive.fr/image.ashx?id=2856211&use=l&cat=p&typeid=i","cat":319788},{"id":222995,"n":"Nouilles Banzai Noodle Curry cup - 67g","p":1.25,"u":"18,66 €/KG","img":"https://fd9-photos.leclercdrive.fr/image.ashx?id=2730007&use=l&cat=p&typeid=i","cat":288992},{"id":223157,"n":"Vinaigre blanc 5L - 10°","p":3.57,"u":"0,71 €/L","img":"https://fd9-photos.leclercdrive.fr/image.ashx?id=2659792&use=l&cat=p&typeid=i","cat":298543},{"id":223373,"n":"Emmental Président Coeur de Meule - 500g","p":5.45,"u":"10,90 €/KG","img":"https://fd9-photos.leclercdrive.fr/image.ashx?id=2757602&use=l&cat=p&typeid=i","cat":314034},{"id":223394,"n":"Boisson aux fruits Jafun Tropical - 4x20cl","p":1.49,"u":"1,86 €/L","img":"https://fd9-photos.leclercdrive.fr/image.ashx?id=2992576&use=l&cat=p&typeid=i","cat":295018},{"id":223444,"n":"Shampoing 2en1 Fructis Force et brillance - 300ml","p":2.77,"u":"9,23 €/L","img":"https://fd9-photos.leclercdrive.fr/image.ashx?id=2669268&use=l&cat=p&typeid=i","cat":284606},{"id":223445,"n":"Shampoing fortifiant Fructis Force et Brillance - 300ml","p":2.77,"u":"9,23 €/L","img":"https://fd9-photos.leclercdrive.fr/image.ashx?id=2669271&use=l&cat=p&typeid=i","cat":284606},{"id":223498,"n":"Ketchup Rustica 900g","p":1.79,"u":"1,99 €/KG","img":"https://fd9-photos.leclercdrive.fr/image.ashx?id=2954394&use=l&cat=p&typeid=i","cat":284455},{"id":223499,"n":"Ketchup Rustica 390g","p":1.09,"u":"2,79 €/KG","img":"https://fd9-photos.leclercdrive.fr/image.ashx?id=2954391&use=l&cat=p&typeid=i","cat":284455},{"id":223521,"n":"Biscuit bio  Nocciolata bianca Fourré pâte à tartiner - 250g","p":3.38,"u":"13,52 €/KG","img":"https://fd9-photos.leclercdrive.fr/image.ashx?id=2664554&use=l&cat=p&typeid=i","cat":284487},{"id":223537,"n":"Bloc Energy 5 WC Net Actions - Brise aquatique - 38g","p":1.9,"u":"50,00 €/KG","img":"https://fd9-photos.leclercdrive.fr/image.ashx?id=2664449&use=l&cat=p&typeid=i","cat":284662},{"id":223538,"n":"Bloc Energy 5 actions WC Net Javel Agrumes et iris - 38g","p":1.94,"u":"51,05 €/KG","img":"https://fd9-photos.leclercdrive.fr/image.ashx?id=2664452&use=l&cat=p&typeid=i","cat":284662},{"id":223539,"n":"Bloc Energy 5 actions WC Net Fraîcheur givrée et menthe 38g","p":1.75,"u":"46,05 €/KG","img":"https://fd9-photos.leclercdrive.fr/image.ashx?id=2664455&use=l&cat=p&typeid=i","cat":284662},{"id":223540,"n":"Bloc Energy 5 actions WC Net Lavande et patchouli - 38g","p":2.02,"u":"53,16 €/KG","img":"https://fd9-photos.leclercdrive.fr/image.ashx?id=2664458&use=l&cat=p&typeid=i","cat":284662},{"id":223541,"n":"Bloc Energy 5 actions WC Net Citronniers et tilleul - 38g","p":1.99,"u":"52,37 €/KG","img":"https://fd9-photos.leclercdrive.fr/image.ashx?id=2664461&use=l&cat=p&typeid=i","cat":284662},{"id":223542,"n":"Bloc Energy WC Net Eau bleue / Marine fresh 40g","p":2.14,"u":"53,50 €/KG","img":"https://fd9-photos.leclercdrive.fr/image.ashx?id=2664464&use=l&cat=p&typeid=i","cat":284662},{"id":223555,"n":"Capsules lave-vaisselle Finish  Quantum - x60","p":11.99,"u":"19,21 €/KG","img":"https://fd9-photos.leclercdrive.fr/image.ashx?id=2749545&use=l&cat=p&typeid=i","cat":284657},{"id":223579,"n":"Serviettes fuites urinaires Always Discreet - Long+ - x8","p":4.27,"u":"0,53 €/P","img":"https://fd9-photos.leclercdrive.fr/image.ashx?id=3005386&use=l&cat=p&typeid=i","cat":284628},{"id":223581,"n":"Serviettes fuites urinaires Always Discreet - Long+ - x16","p":8.22,"u":"0,51 €/P","img":"https://fd9-photos.leclercdrive.fr/image.ashx?id=2685471&use=l&cat=p&typeid=i","cat":284628},{"id":223586,"n":"Serviettes fuites urinaires Always Discreet - Taille S x20","p":4.3,"u":"0,22 €/P","img":"https://fd9-photos.leclercdrive.fr/image.ashx?id=3009221&use=l&cat=p&typeid=i","cat":284628},{"id":223587,"n":"Serviettes fuites urinaires Always Discreet - Long - x10","p":4.19,"u":"0,42 €/P","img":"https://fd9-photos.leclercdrive.fr/image.ashx?id=2685474&use=l&cat=p&typeid=i","cat":284628},{"id":223589,"n":"Serviettes fuites urinaires Always Discreet - x8","p":5.74,"u":"0,72 €/P","img":"https://fd9-photos.leclercdrive.fr/image.ashx?id=2953995&use=l&cat=p&typeid=i","cat":284628},{"id":223604,"n":"Shampoing fortifiant Fructis Antipelliculaire - 300ml","p":2.77,"u":"9,23 €/L","img":"https://fd9-photos.leclercdrive.fr/image.ashx?id=2667862&use=l&cat=p&typeid=i","cat":284606},{"id":223605,"n":"Crème Douche Hydratation Cadum Peaux Sèches - 500ml","p":2.46,"u":"4,92 €/L","img":"https://fd9-photos.leclercdrive.fr/image.ashx?id=2739318&use=l&cat=p&typeid=i","cat":284594},{"id":223608,"n":"Crème Douche Tolérance Cadum Sans Sulfate - 400ml","p":2.91,"u":"7,28 €/L","img":"https://fd9-photos.leclercdrive.fr/image.ashx?id=2696007&use=l&cat=p&typeid=i","cat":284594},{"id":223610,"n":"Désodorisant Febreze Petit coin Rosée du matin - 8ml","p":3.65,"u":"456,25 €/L","img":"https://fd9-photos.leclercdrive.fr/image.ashx?id=2955227&use=l&cat=p&typeid=i","cat":311628},{"id":223612,"n":"Désodorisant Febreze Petit coin Linge frais - 7.5ml","p":3.99,"u":"498,75 €/L","img":"https://fd9-photos.leclercdrive.fr/image.ashx?id=2955233&use=l&cat=p&typeid=i","cat":311628},{"id":223613,"n":"Désodorisant Febreze Petit coin Coton - 7.5ml","p":4.22,"u":"527,50 €/L","img":"https://fd9-photos.leclercdrive.fr/image.ashx?id=2955236&use=l&cat=p&typeid=i","cat":311628},{"id":223639,"n":"Rasoir Gillette Fusion 5 + 2 recharges - x1","p":13.86,"img":"https://fd9-photos.leclercdrive.fr/image.ashx?id=2665777&use=l&cat=p&typeid=i","cat":284616},{"id":223649,"n":"Shampooing Head & shoulder 2-en-1 - Classic - 300ml","p":4.69,"u":"15,63 €/L","img":"https://fd9-photos.leclercdrive.fr/image.ashx?id=2863003&use=l&cat=p&typeid=i","cat":284606},{"id":223661,"n":"Pains au chocolat Croustipate  x6 - 275g","p":2.7,"u":"9,82 €/KG","img":"https://fd9-photos.leclercdrive.fr/image.ashx?id=2902055&use=l&cat=p&typeid=i","cat":333681},{"id":223851,"n":"Déodorant Spray Homme 48h Narta Fraîcheur Classique - 200mL","p":2.37,"u":"11,85 €/L","img":"https://fd9-photos.leclercdrive.fr/image.ashx?id=2675511&use=l&cat=p&typeid=i","cat":284618},{"id":223853,"n":"Déodorant Spray Femme Narta Fraîcheur Cologne 48h - 200ml","p":2.37,"u":"11,85 €/L","img":"https://fd9-photos.leclercdrive.fr/image.ashx?id=2678592&use=l&cat=p&typeid=i","cat":284595},{"id":223861,"n":"Couches Pampers Baby Dry Maxi - T2 4-8kg - x136","p":39.15,"u":"0,29 €/P","img":"https://fd9-photos.leclercdrive.fr/image.ashx?id=2685477&use=l&cat=p&typeid=i","cat":284737},{"id":223865,"n":"Couches Pampers Baby dry Maxi T3 - 6-10kg - x124","p":36.78,"u":"0,30 €/P","img":"https://fd9-photos.leclercdrive.fr/image.ashx?id=2685489&use=l&cat=p&typeid=i","cat":284737},{"id":223882,"n":"Adoucissant Lenor Fraîcheur de coton - 840ml x40","p":4.27,"u":"5,08 €/L","img":"https://fd9-photos.leclercdrive.fr/image.ashx?id=2693273&use=l&cat=p&typeid=i","cat":284650},{"id":223900,"n":"Couches Pampers Premium Protection - T3 - 6-10kg - x102","p":35.92,"u":"0,35 €/P","img":"https://fd9-photos.leclercdrive.fr/image.ashx?id=2685423&use=l&cat=p&typeid=i","cat":284737},{"id":223913,"n":"Rasoir Gillette Venus Classic - +1 recharge","p":13.29,"img":"https://fd9-photos.leclercdrive.fr/image.ashx?id=2667187&use=l&cat=p&typeid=i","cat":325352},{"id":223925,"n":"Riz Long grain Ben's original Vrac 10mn - 1kg","p":2.97,"u":"2,97 €/KG","img":"https://fd9-photos.leclercdrive.fr/image.ashx?id=2990961&use=l&cat=p&typeid=i","cat":284428},{"id":224038,"n":"L'Original végétal bio Hari&Co - 170g","p":4.05,"u":"23,82 €/KG","img":"https://fd9-photos.leclercdrive.fr/image.ashx?id=2903605&use=l&cat=p&typeid=i","cat":316036},{"id":224039,"n":"Chili sin carne bio Hari&Co - 280g","p":4.55,"u":"16,25 €/KG","img":"https://fd9-photos.leclercdrive.fr/image.ashx?id=2793695&use=l&cat=p&typeid=i","cat":316036},{"id":224041,"n":"Le haché végétal de pois bio Hari&Co - 200g","p":3.99,"u":"19,95 €/KG","img":"https://fd9-photos.leclercdrive.fr/image.ashx?id=2736058&use=l&cat=p&typeid=i","cat":316036},{"id":224042,"n":"Émincé végétal bio Hari&Co Sauce barbecue - 180g","p":4.49,"u":"24,94 €/KG","img":"https://fd9-photos.leclercdrive.fr/image.ashx?id=2838398&use=l&cat=p&typeid=i","cat":316036},{"id":224140,"n":"Bun's jambon ketchup McCain 460g","p":3.5,"u":"7,61 €/KG","img":"https://fd9-photos.leclercdrive.fr/image.ashx?id=2741180&use=l&cat=p&typeid=i","cat":319822},{"id":224141,"n":"Bun's bolognaise McCain 460g","p":3.67,"u":"7,98 €/KG","img":"https://fd9-photos.leclercdrive.fr/image.ashx?id=2750675&use=l&cat=p&typeid=i","cat":319822},{"id":224143,"n":"Bun's Burger McCain 460g","p":3.67,"u":"7,98 €/KG","img":"https://fd9-photos.leclercdrive.fr/image.ashx?id=2741183&use=l&cat=p&typeid=i","cat":319822},{"id":224144,"n":"Bun's jambon 4 fromages McCain 460g","p":4.02,"u":"8,74 €/KG","img":"https://fd9-photos.leclercdrive.fr/image.ashx?id=2668111&use=l&cat=p&typeid=i","cat":319822},{"id":224251,"n":"Xtrem Box Sodebo Radiatori Tomate Mozza - 400g","p":2.9,"u":"7,25 €/KG","img":"https://fd9-photos.leclercdrive.fr/image.ashx?id=2890142&use=l&cat=p&typeid=i","cat":334983},{"id":224255,"n":"Recharches lames Wilkinson Intuition complete - x3","p":10.34,"u":"3,45 €/P","img":"https://fd9-photos.leclercdrive.fr/image.ashx?id=2669337&use=l&cat=p&typeid=i","cat":325352},{"id":224263,"n":"Monster Energy zéro sucres 50cl","p":1.61,"u":"3,22 €/L","img":"https://fd9-photos.leclercdrive.fr/image.ashx?id=2669358&use=l&cat=p&typeid=i","cat":284533},{"id":224264,"n":"Monster Ultra gold 50cl","p":1.64,"u":"3,28 €/L","img":"https://fd9-photos.leclercdrive.fr/image.ashx?id=2669355&use=l&cat=p&typeid=i","cat":284533},{"id":224324,"n":"Roulé surimi Breizh Surimi Saveur crabe - 300g","p":2.86,"u":"9,53 €/KG","img":"https://fd9-photos.leclercdrive.fr/image.ashx?id=2914600&use=l&cat=p&typeid=i","cat":285189},{"id":224363,"n":"Piles alcalines Eco+ LR03 - x4","p":0.7,"u":"0,18 €/P","img":"https://fd9-photos.leclercdrive.fr/image.ashx?id=2714829&use=l&cat=p&typeid=i","cat":300572},{"id":224364,"n":"Piles alcalines Eco+ LR6 - x4","p":0.7,"u":"0,18 €/P","img":"https://fd9-photos.leclercdrive.fr/image.ashx?id=2714832&use=l&cat=p&typeid=i","cat":300572},{"id":224706,"n":"Gnocchi star à poêler Lustucru  300g","p":1.82,"u":"6,07 €/KG","img":"https://fd9-photos.leclercdrive.fr/image.ashx?id=2921630&use=l&cat=p&typeid=i","cat":333682},{"id":224717,"n":"Gnocchi roll à poêler Lustucru Cheddar bacon - 280g","p":2.43,"u":"8,68 €/KG","img":"https://fd9-photos.leclercdrive.fr/image.ashx?id=2995121&use=l&cat=p&typeid=i","cat":333682},{"id":224805,"n":"Biscuits Kinder Kinderini Nature et cacao - 250g","p":2.96,"u":"11,84 €/KG","img":"https://fd9-photos.leclercdrive.fr/image.ashx?id=2708372&use=l&cat=p&typeid=i","cat":284488},{"id":224808,"n":"Riz Citron Ben's original  Express 2mn - 220g","p":1.29,"u":"5,86 €/KG","img":"https://fd9-photos.leclercdrive.fr/image.ashx?id=2906442&use=l&cat=p&typeid=i","cat":287600},{"id":224810,"n":"Riz Tomate Ben's original  Express 2mn - 220g","p":1.29,"u":"5,86 €/KG","img":"https://fd9-photos.leclercdrive.fr/image.ashx?id=2995295&use=l&cat=p&typeid=i","cat":287600},{"id":224818,"n":"Riz Basmati Ben's original  Express 2mn - 220g","p":1.28,"u":"5,82 €/KG","img":"https://fd9-photos.leclercdrive.fr/image.ashx?id=2995292&use=l&cat=p&typeid=i","cat":287600},{"id":224853,"n":"Désinfectant multi-usages Sanytol - Eucalyptus - 730ml","p":3.87,"u":"5,30 €/L","img":"https://fd9-photos.leclercdrive.fr/image.ashx?id=2674578&use=l&cat=p&typeid=i","cat":325357},{"id":224856,"n":"Jus innocent ananas fraise 900ml","p":2.89,"u":"3,21 €/L","img":"https://fd9-photos.leclercdrive.fr/image.ashx?id=2879122&use=l&cat=p&typeid=i","cat":285435},{"id":224876,"n":"Riz Long grain Ben's original  Express 2mn - 220g","p":1.43,"u":"6,50 €/KG","img":"https://fd9-photos.leclercdrive.fr/image.ashx?id=2995298&use=l&cat=p&typeid=i","cat":287600},{"id":224882,"n":"Riz Long grain Ben's original  Sachet cuisson 10mn - 1kg","p":3.23,"u":"3,23 €/KG","img":"https://fd9-photos.leclercdrive.fr/image.ashx?id=2957272&use=l&cat=p&typeid=i","cat":284428},{"id":224937,"n":"Plat en morceaux Bledina 200g","p":2.55,"u":"12,75 €/KG","img":"https://fd9-photos.leclercdrive.fr/image.ashx?id=2866298&use=l&cat=p&typeid=i","cat":312239},{"id":224938,"n":"Liqueur au rhum Valois & Cie Mangue & abricot - 70cl","p":18.9,"u":"27,00 €/L","img":"https://fd9-photos.leclercdrive.fr/image.ashx?id=2954803&use=l&cat=p&typeid=i","cat":284550},{"id":224970,"n":"Camembert Eco+ 240g","p":1.34,"u":"5,58 €/KG","img":"https://fd9-photos.leclercdrive.fr/image.ashx?id=2675036&use=l&cat=p&typeid=i","cat":314033},{"id":225216,"n":"Crevettes décortiquées Miti 150g","p":5.36,"u":"35,73 €/KG","img":"https://fd9-photos.leclercdrive.fr/image.ashx?id=2677453&use=l&cat=p&typeid=i","cat":284343},{"id":225253,"n":"Recettes du Marché Tramier  Marinade Piment & Paprika 150g","p":2.53,"u":"16,87 €/L","img":"https://fd9-photos.leclercdrive.fr/image.ashx?id=2882614&use=l&cat=p&typeid=i","cat":284450},{"id":225275,"n":"Doomino Chocolat blanc St-Michel - 180g","p":1.89,"u":"10,50 €/KG","img":"https://fd9-photos.leclercdrive.fr/image.ashx?id=2950003&use=l&cat=p&typeid=i","cat":284495},{"id":225276,"n":"Galette moelleuse tigrée Choco blanc - St Michel - 180g","p":1.99,"u":"11,06 €/KG","img":"https://fd9-photos.leclercdrive.fr/image.ashx?id=2953501&use=l&cat=p&typeid=i","cat":284495},{"id":225292,"n":"Dessert végétal Charles & Alice Coco citron - 2x110g","p":1.5,"u":"6,82 €/KG","img":"https://fd9-photos.leclercdrive.fr/image.ashx?id=2911357&use=l&cat=p&typeid=i","cat":316071},{"id":225309,"n":"Bière blonde Kronenbourg 4,2° - 30x25cl","p":15.51,"u":"2,07 €/L","img":"https://fd9-photos.leclercdrive.fr/image.ashx?id=2992759&use=l&cat=p&typeid=i","cat":334873},{"id":225310,"n":"Boisson aux Fruits Tropico Tropical - Bouteille - 1,25L","p":1.84,"u":"1,47 €/L","img":"https://fd9-photos.leclercdrive.fr/image.ashx?id=2736811&use=l&cat=p&typeid=i","cat":295018},{"id":225311,"n":"Boisson Tropico Orange Ananas - 1.25 L","p":1.85,"u":"1,48 €/L","img":"https://fd9-photos.leclercdrive.fr/image.ashx?id=2977702&use=l&cat=p&typeid=i","cat":295018},{"id":225312,"n":"Boisson aux fruits Tropico  Fraise Kiwi - Bouteille - 1,25L","p":1.88,"u":"1,50 €/L","img":"https://fd9-photos.leclercdrive.fr/image.ashx?id=2682370&use=l&cat=p&typeid=i","cat":295018},{"id":225374,"n":"Pizza L'Ovale Sodebo Poulet cheddar - 200g","p":1.97,"u":"9,85 €/KG","img":"https://fd9-photos.leclercdrive.fr/image.ashx?id=2995124&use=l&cat=p&typeid=i","cat":333679},{"id":225445,"n":"Les tranches Fleury Michon Pois chiches x4 - 120g","p":2.12,"u":"17,67 €/KG","img":"https://fd9-photos.leclercdrive.fr/image.ashx?id=2902007&use=l&cat=p&typeid=i","cat":316036},{"id":225446,"n":"Les tranches Fleury Michon Lentilles corail  x4 - 120g","p":2.13,"u":"17,75 €/KG","img":"https://fd9-photos.leclercdrive.fr/image.ashx?id=2900905&use=l&cat=p&typeid=i","cat":316036},{"id":225447,"n":"Les tranches Fleury Michon Haricots blancs x4 - 120g","p":2.15,"u":"17,92 €/KG","img":"https://fd9-photos.leclercdrive.fr/image.ashx?id=2902010&use=l&cat=p&typeid=i","cat":316036},{"id":225466,"n":"Déodorant Bille Femme Narta Anti-Traces Sans alcool - 50ml","p":2.36,"u":"47,20 €/L","img":"https://fd9-photos.leclercdrive.fr/image.ashx?id=2681874&use=l&cat=p&typeid=i","cat":284595},{"id":225496,"n":"Empanadas Haché végétal Hari&Co  Et poivrons rouges - 120g","p":3.99,"u":"33,25 €/KG","img":"https://fd9-photos.leclercdrive.fr/image.ashx?id=2903608&use=l&cat=p&typeid=i","cat":316036},{"id":225498,"n":"Samossas lentilles corail coco Hari&Co sauce rougail - 140g","p":3.99,"u":"28,50 €/KG","img":"https://fd9-photos.leclercdrive.fr/image.ashx?id=2903614&use=l&cat=p&typeid=i","cat":316036},{"id":225614,"n":"Désinfectant Sanytol Eucalyptus - Multi-usage 500ml","p":2.15,"u":"4,30 €/L","img":"https://fd9-photos.leclercdrive.fr/image.ashx?id=2894800&use=l&cat=p&typeid=i","cat":325357},{"id":225617,"n":"Désinfectant Sanytol Pamplemousse Multi-usage 500ml","p":2.82,"u":"5,64 €/L","img":"https://fd9-photos.leclercdrive.fr/image.ashx?id=2682144&use=l&cat=p&typeid=i","cat":325357},{"id":225619,"n":"Désinfectant nettoyant Sanytol Multi-surfaces - Eucalyptus 1L","p":2.03,"u":"2,03 €/L","img":"https://fd9-photos.leclercdrive.fr/image.ashx?id=2866319&use=l&cat=p&typeid=i","cat":284907},{"id":225622,"n":"Lingettes optiques - Nettoyant lunettes x52","p":1.33,"u":"0,03 €/P","img":"https://fd9-photos.leclercdrive.fr/image.ashx?id=2681536&use=l&cat=p&typeid=i","cat":288862},{"id":225641,"n":"Batonnet de glace Raffaello Noix de coco - x6  282g","p":5.43,"u":"19,26 €/KG","img":"https://fd9-photos.leclercdrive.fr/image.ashx?id=2940528&use=l&cat=p&typeid=i","cat":284265},{"id":225646,"n":"Maïs Géant Vert extra croquant sans résidu pesticides - 3x140g","p":2.69,"u":"6,40 €/KG","img":"https://fd9-photos.leclercdrive.fr/image.ashx?id=2977369&use=l&cat=p&typeid=i","cat":312611},{"id":225647,"n":"Maïs Géant Vert extra tendre sans résidu pesticides - 3x140g","p":2.68,"u":"6,38 €/KG","img":"https://fd9-photos.leclercdrive.fr/image.ashx?id=2977366&use=l&cat=p&typeid=i","cat":312611},{"id":225657,"n":"Mon Huile d'Olive Tramier  Subtile 1l","p":11.63,"u":"11,63 €/L","img":"https://fd9-photos.leclercdrive.fr/image.ashx?id=2834047&use=l&cat=p&typeid=i","cat":284453},{"id":225726,"n":"Glaces Pirulo Tropical x4 - 284g","p":3.03,"u":"10,67 €/KG","img":"https://fd9-photos.leclercdrive.fr/image.ashx?id=2694938&use=l&cat=p&typeid=i","cat":285250},{"id":225754,"n":"Bloc WC adhésif Harpic Hygienic & Fresh Brise marine - x2","p":2.3,"img":"https://fd9-photos.leclercdrive.fr/image.ashx?id=2683814&use=l&cat=p&typeid=i","cat":284662},{"id":225793,"n":"Liquide vaisselle Paic Acti Froid - Menthe - 500ml","p":2.59,"u":"5,18 €/L","img":"https://fd9-photos.leclercdrive.fr/image.ashx?id=2684335&use=l&cat=p&typeid=i","cat":284655},{"id":225891,"n":"Bière blonde 1664 5,5° - 18x25cl","p":11.56,"u":"2,57 €/L","img":"https://fd9-photos.leclercdrive.fr/image.ashx?id=2684931&use=l&cat=p&typeid=i","cat":334873},{"id":225947,"n":"Bière blonde 1664 5,5° 24x25cl","p":14.3,"u":"2,38 €/L","img":"https://fd9-photos.leclercdrive.fr/image.ashx?id=2686597&use=l&cat=p&typeid=i","cat":334873},{"id":226108,"n":"Chocolat Nesquik 800g","p":4.69,"u":"5,86 €/KG","img":"https://fd9-photos.leclercdrive.fr/image.ashx?id=3005377&use=l&cat=p&typeid=i","cat":293235},{"id":226116,"n":"Chewing-gum Mentos Pure Fresh  Fresh Mint sans sucres - 100g","p":2.89,"u":"28,90 €/KG","img":"https://fd9-photos.leclercdrive.fr/image.ashx?id=2687707&use=l&cat=p&typeid=i","cat":304251},{"id":226134,"n":"Gel wc canard Fresh disc 1p","p":3.23,"img":"https://fd9-photos.leclercdrive.fr/image.ashx?id=2690093&use=l&cat=p&typeid=i","cat":284662},{"id":226317,"n":"Croquettes Vitafit Friskies Light Poulet légumes 7 kg","p":18.67,"u":"2,67 €/KG","img":"https://fd9-photos.leclercdrive.fr/image.ashx?id=2986993&use=l&cat=p&typeid=i","cat":284672},{"id":226343,"n":"Barre de céréales Nature Valley  Crunchy caramel x8 - 160g","p":2.94,"u":"18,38 €/KG","img":"https://fd9-photos.leclercdrive.fr/image.ashx?id=2692797&use=l&cat=p&typeid=i","cat":300032},{"id":226349,"n":"Boisson Gazeuse Maison Perrier Chic Citrus Fizz 4x25cl","p":2.79,"u":"2,79 €/L","img":"https://fd9-photos.leclercdrive.fr/image.ashx?id=2841595&use=l&cat=p&typeid=i","cat":284536},{"id":226350,"n":"Boisson Gazeuse Maison Perrier Chic Lemonjito 4x25cl","p":2.79,"u":"2,79 €/L","img":"https://fd9-photos.leclercdrive.fr/image.ashx?id=2692809&use=l&cat=p&typeid=i","cat":284536},{"id":226351,"n":"Miel de fleurs  Les Apiculteurs Associés - 500g","p":4.59,"u":"9,18 €/KG","img":"https://fd9-photos.leclercdrive.fr/image.ashx?id=2692566&use=l&cat=p&typeid=i","cat":287643},{"id":226352,"n":"Boisson énergisante Maison Perrier mûre - 4x25cl","p":3.49,"u":"3,49 €/L","img":"https://fd9-photos.leclercdrive.fr/image.ashx?id=2692815&use=l&cat=p&typeid=i","cat":284533},{"id":226430,"n":"Café grains Plantation Pérou pur arabica - 500g","p":8.29,"u":"16,58 €/KG","img":"https://fd9-photos.leclercdrive.fr/image.ashx?id=2824313&use=l&cat=p&typeid=i","cat":293237},{"id":226438,"n":"Soda Coca-Cola Original Canette - Pack 6x20CL","p":3.69,"u":"3,08 €/L","img":"https://fd9-photos.leclercdrive.fr/image.ashx?id=2766571&use=l&cat=p&typeid=i","cat":284530},{"id":226449,"n":"Lait de coco Eco+ 200ml","p":0.69,"u":"3,45 €/L","img":"https://fd9-photos.leclercdrive.fr/image.ashx?id=2691790&use=l&cat=p&typeid=i","cat":288992},{"id":226455,"n":"Chewing-gum Mentos Pure Fresh  Fresh Chloro sans sucres - 100g","p":2.89,"u":"28,90 €/KG","img":"https://fd9-photos.leclercdrive.fr/image.ashx?id=2693434&use=l&cat=p&typeid=i","cat":304251},{"id":226484,"n":"Cookies Crunchy Kinder Pépites au cacao et lait - 136g","p":2.8,"u":"20,59 €/KG","img":"https://fd9-photos.leclercdrive.fr/image.ashx?id=2691995&use=l&cat=p&typeid=i","cat":325066},{"id":226509,"n":"Pavé de thon Alcabore L'Atelier Poissonnerie - 120g","p":3.99,"u":"33,25 €/KG","img":"https://fd9-photos.leclercdrive.fr/image.ashx?id=2714453&use=l&cat=p&typeid=i","cat":284342},{"id":226514,"n":"Filet de cabillaud Fish & Chips L'Atelier Poissonnerie - 200g","p":3.89,"u":"19,45 €/KG","img":"https://fd9-photos.leclercdrive.fr/image.ashx?id=2714456&use=l&cat=p&typeid=i","cat":284344},{"id":226591,"n":"Glace cone Extreme  Lemon cheesecake  x6 - 426g","p":3.88,"u":"9,11 €/KG","img":"https://fd9-photos.leclercdrive.fr/image.ashx?id=2732950&use=l&cat=p&typeid=i","cat":284264},{"id":226596,"n":"Couches maxi Pampers Baby Dry T2 - x174","p":62.29,"u":"0,36 €/P","img":"https://fd9-photos.leclercdrive.fr/image.ashx?id=2693246&use=l&cat=p&typeid=i","cat":284737},{"id":226597,"n":"Couches maxi  Pampers  Baby Dry  T3 - x156p","p":62.29,"u":"0,40 €/P","img":"https://fd9-photos.leclercdrive.fr/image.ashx?id=2693249&use=l&cat=p&typeid=i","cat":284737},{"id":226636,"n":"Déodorant Homme Adidas Fresh Endurance - 150ml","p":3.24,"u":"21,60 €/L","img":"https://fd9-photos.leclercdrive.fr/image.ashx?id=2990772&use=l&cat=p&typeid=i","cat":284618},{"id":226646,"n":"Boisson Gazeuse Maison Perrier Forever Citron Vert 1L","p":0.93,"u":"0,93 €/L","img":"https://fd9-photos.leclercdrive.fr/image.ashx?id=2695103&use=l&cat=p&typeid=i","cat":284536},{"id":226657,"n":"Boisson Gazeuse Maison Perrier Forever Citron 1L","p":1.04,"u":"1,04 €/L","img":"https://fd9-photos.leclercdrive.fr/image.ashx?id=2887311&use=l&cat=p&typeid=i","cat":284536},{"id":226659,"n":"Boisson Gazeuse Maison Perrier Forever Orange 1L","p":0.93,"u":"0,93 €/L","img":"https://fd9-photos.leclercdrive.fr/image.ashx?id=2695106&use=l&cat=p&typeid=i","cat":284536},{"id":226661,"n":"Boisson Gazeuse Maison Perrier Forever Menthe 1L","p":0.93,"u":"0,93 €/L","img":"https://fd9-photos.leclercdrive.fr/image.ashx?id=2695112&use=l&cat=p&typeid=i","cat":284536},{"id":226663,"n":"Boisson Gazeuse Maison Perrier Forever Citron 6x50cl","p":3.61,"u":"1,20 €/L","img":"https://fd9-photos.leclercdrive.fr/image.ashx?id=2695100&use=l&cat=p&typeid=i","cat":284536},{"id":226664,"n":"Boisson Gazeuse Maison Perrier Forever Citron Vert 6x50cl","p":3.61,"u":"1,20 €/L","img":"https://fd9-photos.leclercdrive.fr/image.ashx?id=2695109&use=l&cat=p&typeid=i","cat":284536},{"id":226667,"n":"Boisson Gazeuse Maison Perrier Forever Citron 6x33cl","p":2.88,"u":"1,45 €/L","img":"https://fd9-photos.leclercdrive.fr/image.ashx?id=2878447&use=l&cat=p&typeid=i","cat":284536},{"id":226668,"n":"Boisson Gazeuse Maison Perrier Forever Citron Vert 6x33cl","p":2.88,"u":"1,45 €/L","img":"https://fd9-photos.leclercdrive.fr/image.ashx?id=2887308&use=l&cat=p&typeid=i","cat":284536},{"id":226674,"n":"Shampoing Nourrissant 2en1 Dop Cheveux secs ou frisés - 400ml","p":2.35,"u":"5,88 €/L","img":"https://fd9-photos.leclercdrive.fr/image.ashx?id=2704110&use=l&cat=p&typeid=i","cat":284606},{"id":226776,"n":"Thé noir fruits rouges Lipton 20 sachets - 30g","p":1.64,"u":"54,67 €/KG","img":"https://fd9-photos.leclercdrive.fr/image.ashx?id=2695359&use=l&cat=p&typeid=i","cat":293233},{"id":226778,"n":"Thé noir orange Lipton 20 sachets - 34g","p":2.46,"u":"72,35 €/KG","img":"https://fd9-photos.leclercdrive.fr/image.ashx?id=2695371&use=l&cat=p&typeid=i","cat":293233},{"id":226779,"n":"Thé noir citron Lipton 20 sachets - 34g","p":2.43,"u":"71,47 €/KG","img":"https://fd9-photos.leclercdrive.fr/image.ashx?id=2695365&use=l&cat=p&typeid=i","cat":293233},{"id":226781,"n":"Thé noir pêche mangue Lipton 20 sachets - 34g","p":2.41,"u":"70,88 €/KG","img":"https://fd9-photos.leclercdrive.fr/image.ashx?id=2695362&use=l&cat=p&typeid=i","cat":293233},{"id":226795,"n":"Glace mini cone Extreme Café x8 - 312g","p":4.2,"u":"13,46 €/KG","img":"https://fd9-photos.leclercdrive.fr/image.ashx?id=2694668&use=l&cat=p&typeid=i","cat":284264},{"id":226800,"n":"Parfum de linge billes Lenor Envolée d'air x41","p":9.84,"u":"19,88 €/KG","img":"https://fd9-photos.leclercdrive.fr/image.ashx?id=2857893&use=l&cat=p&typeid=i","cat":325302},{"id":226801,"n":"Parfum de linge billes Lenor  Jasmin Rose de mai x19 doses","p":7.58,"u":"32,26 €/KG","img":"https://fd9-photos.leclercdrive.fr/image.ashx?id=2841598&use=l&cat=p&typeid=i","cat":325302},{"id":226803,"n":"Adoucissant Lenor Fresh Soleil tropical x36 - 0.5L","p":6.43,"u":"12,76 €/L","img":"https://fd9-photos.leclercdrive.fr/image.ashx?id=2696163&use=l&cat=p&typeid=i","cat":284650},{"id":226808,"n":"Adoucissant Lenor Fresh air Rayons de soleil x36","p":5.28,"u":"10,48 €/L","img":"https://fd9-photos.leclercdrive.fr/image.ashx?id=2696445&use=l&cat=p&typeid=i","cat":284650},{"id":226811,"n":"Adoucissant Lenor Fresh air Solstice Boréal x36 - 0.5L","p":5.63,"u":"11,17 €/L","img":"https://fd9-photos.leclercdrive.fr/image.ashx?id=2696169&use=l&cat=p&typeid=i","cat":284650},{"id":226819,"n":"Dentifrice Sensodyne Soin gencives Triple action - 75ml","p":4.15,"u":"55,33 €/L","img":"https://fd9-photos.leclercdrive.fr/image.ashx?id=3000384&use=l&cat=p&typeid=i","cat":284612},{"id":226825,"n":"Dentifrice Sensodyne Répare & protège Novamin - 75ml","p":4.5,"u":"60,00 €/L","img":"https://fd9-photos.leclercdrive.fr/image.ashx?id=2694947&use=l&cat=p&typeid=i","cat":284612},{"id":226827,"n":"Nettoyant Machine Sun Lave Vaisselle 3 Doses","p":2.26,"u":"18,83 €/KG","img":"https://fd9-photos.leclercdrive.fr/image.ashx?id=2738710&use=l&cat=p&typeid=i","cat":284657},{"id":226829,"n":"Dentifrice Sensodyne Répare & protège extra fresh - 75ml","p":4.52,"u":"60,27 €/L","img":"https://fd9-photos.leclercdrive.fr/image.ashx?id=2694956&use=l&cat=p&typeid=i","cat":284612},{"id":226830,"n":"Dentifrice Sensodyne Répare & protège Blancheur - 75ml","p":4.49,"u":"59,87 €/L","img":"https://fd9-photos.leclercdrive.fr/image.ashx?id=2872955&use=l&cat=p&typeid=i","cat":284612},{"id":226856,"n":"P'tit onctueux pêche Nestlé sans sucres ajoutés - 4x90g","p":2.1,"u":"5,83 €/KG","img":"https://fd9-photos.leclercdrive.fr/image.ashx?id=2695124&use=l&cat=p&typeid=i","cat":312392},{"id":226876,"n":"P'tit brassé banane Nestlé mangue sans sucre - 4x90g","p":2.12,"u":"5,89 €/KG","img":"https://fd9-photos.leclercdrive.fr/image.ashx?id=2696133&use=l&cat=p&typeid=i","cat":312392},{"id":226882,"n":"Chocolat en poudre Nesquik 300g","p":2.87,"u":"9,57 €/KG","img":"https://fd9-photos.leclercdrive.fr/image.ashx?id=3005374&use=l&cat=p&typeid=i","cat":293235},{"id":226903,"n":"Boisson énergisante Maison Perrier mûre - 25cl","p":0.86,"u":"3,44 €/L","img":"https://fd9-photos.leclercdrive.fr/image.ashx?id=2696130&use=l&cat=p&typeid=i","cat":284533},{"id":226911,"n":"Bille au chocolat Maltesers 400g","p":5.64,"u":"14,10 €/KG","img":"https://fd9-photos.leclercdrive.fr/image.ashx?id=2976050&use=l&cat=p&typeid=i","cat":304238},{"id":226920,"n":"Bonbons Skittles  152g","p":1.37,"u":"9,01 €/KG","img":"https://fd9-photos.leclercdrive.fr/image.ashx?id=3008984&use=l&cat=p&typeid=i","cat":304250},{"id":226971,"n":"Sun Tablettes Lave-Vaisselle Tout en 1 Expert Plus x40","p":8.75,"u":"12,50 €/KG","img":"https://fd9-photos.leclercdrive.fr/image.ashx?id=2942012&use=l&cat=p&typeid=i","cat":284656},{"id":226972,"n":"Sun Tablettes Lave-Vaisselle Tout en 1 Regular Ecolabel x46","p":7.72,"u":"10,17 €/KG","img":"https://fd9-photos.leclercdrive.fr/image.ashx?id=3000902&use=l&cat=p&typeid=i","cat":284656},{"id":226975,"n":"Crème de douche Corine de Farme Soin nourrissant - Monoï 500ml","p":3.22,"u":"6,44 €/L","img":"https://fd9-photos.leclercdrive.fr/image.ashx?id=2696613&use=l&cat=p&typeid=i","cat":284594},{"id":227070,"n":"Thé glacé pétillant Lipton Ice Tea pêche - bouteille 1.25L","p":1.68,"u":"1,34 €/L","img":"https://fd9-photos.leclercdrive.fr/image.ashx?id=2887704&use=l&cat=p&typeid=i","cat":295019},{"id":227103,"n":"Adoucissant Liquide Jardins de fleurs 504ml x36","p":4.97,"u":"9,86 €/L","img":"https://fd9-photos.leclercdrive.fr/image.ashx?id=2698984&use=l&cat=p&typeid=i","cat":284650},{"id":227318,"n":"P'tite Céréale Nestlé Vanille - 415g","p":2.56,"u":"6,17 €/KG","img":"https://fd9-photos.leclercdrive.fr/image.ashx?id=2700773&use=l&cat=p&typeid=i","cat":312225},{"id":227320,"n":"Céréales Nesquik 675g","p":4.55,"u":"6,74 €/KG","img":"https://fd9-photos.leclercdrive.fr/image.ashx?id=2971434&use=l&cat=p&typeid=i","cat":309513},{"id":227323,"n":"Céréales Crunch Nestlé 675g","p":4.45,"u":"6,59 €/KG","img":"https://fd9-photos.leclercdrive.fr/image.ashx?id=2949085&use=l&cat=p&typeid=i","cat":309513},{"id":227325,"n":"P'tite céréales Nestlé Saveur biscuit - 415g","p":3.27,"u":"7,88 €/KG","img":"https://fd9-photos.leclercdrive.fr/image.ashx?id=2700776&use=l&cat=p&typeid=i","cat":312225},{"id":227329,"n":"P'tite céréale Nestlé 415g","p":3.19,"u":"7,69 €/KG","img":"https://fd9-photos.leclercdrive.fr/image.ashx?id=2700770&use=l&cat=p&typeid=i","cat":312225},{"id":227331,"n":"P'tite céréales Nestlé Cacao - 415g","p":2.56,"u":"6,17 €/KG","img":"https://fd9-photos.leclercdrive.fr/image.ashx?id=2700767&use=l&cat=p&typeid=i","cat":312225},{"id":227339,"n":"Capsules Nescafé Dolce Gusto  Lungo - x16","p":4.51,"u":"50,11 €/KG","img":"https://fd9-photos.leclercdrive.fr/image.ashx?id=2907716&use=l&cat=p&typeid=i","cat":293239},{"id":227341,"n":"Céréales Lion Nestlé 1.05kg","p":6.08,"u":"6,08 €/KG","img":"https://fd9-photos.leclercdrive.fr/image.ashx?id=2995433&use=l&cat=p&typeid=i","cat":309513},{"id":227352,"n":"Céréales Chocapic  645g","p":4.46,"u":"6,91 €/KG","img":"https://fd9-photos.leclercdrive.fr/image.ashx?id=2977732&use=l&cat=p&typeid=i","cat":309513},{"id":227366,"n":"Compote Charles & Alice Mangue avec morceaux - 4x95g","p":2.74,"u":"7,21 €/KG","img":"https://fd9-photos.leclercdrive.fr/image.ashx?id=2857350&use=l&cat=p&typeid=i","cat":284416},{"id":227367,"n":"Compote Charles & Alice Poire avec morceaux - 4x95g","p":2.69,"u":"7,08 €/KG","img":"https://fd9-photos.leclercdrive.fr/image.ashx?id=2857353&use=l&cat=p&typeid=i","cat":284416},{"id":227369,"n":"Compote Charles & Alice Pêche avec morceaux - 4x95g","p":2.59,"u":"6,82 €/KG","img":"https://fd9-photos.leclercdrive.fr/image.ashx?id=2962839&use=l&cat=p&typeid=i","cat":284416},{"id":227372,"n":"Céréales Lion 675g","p":4.47,"u":"6,62 €/KG","img":"https://fd9-photos.leclercdrive.fr/image.ashx?id=2997256&use=l&cat=p&typeid=i","cat":309513},{"id":227373,"n":"Gelée de viande Eco+ 12x100g","p":2.99,"u":"2,49 €/KG","img":"https://fd9-photos.leclercdrive.fr/image.ashx?id=2744216&use=l&cat=p&typeid=i","cat":285286},{"id":227374,"n":"Céréales Chocapic 375g","p":2.85,"u":"7,60 €/KG","img":"https://fd9-photos.leclercdrive.fr/image.ashx?id=2977408&use=l&cat=p&typeid=i","cat":309513},{"id":227375,"n":"Capsule Nescafé Farmers Origins  Brazil Int 8 - x10","p":2.32,"u":"52,73 €/KG","img":"https://fd9-photos.leclercdrive.fr/image.ashx?id=2952166&use=l&cat=p&typeid=i","cat":284749},{"id":227376,"n":"Croquette Friskies Vitafit  Boeuf - 3kg","p":7.22,"u":"2,41 €/KG","img":"https://fd9-photos.leclercdrive.fr/image.ashx?id=2986999&use=l&cat=p&typeid=i","cat":284672},{"id":227377,"n":"Croquette Friskies Vitafit Boeuf - 12kg","p":25.07,"img":"https://fd9-photos.leclercdrive.fr/image.ashx?id=2986984&use=l&cat=p&typeid=i","cat":284672},{"id":227378,"n":"Croquettes Friskies junior Poulet & legumes - 1.5kg","p":5.37,"u":"3,58 €/KG","img":"https://fd9-photos.leclercdrive.fr/image.ashx?id=2699612&use=l&cat=p&typeid=i","cat":284680},{"id":227381,"n":"Croquettes Friskies Vitafit Poulet & legumes - 3kg","p":7.22,"u":"2,41 €/KG","img":"https://fd9-photos.leclercdrive.fr/image.ashx?id=2986981&use=l&cat=p&typeid=i","cat":284672},{"id":227383,"n":"Lait infantile Hipp Biologique Bio Dès 10 mois Combiotic  800g","p":16.93,"u":"21,16 €/KG","img":"https://fd9-photos.leclercdrive.fr/image.ashx?id=2926834&use=l&cat=p&typeid=i","cat":290219},{"id":227391,"n":"Croquettes Friskies Saumon & legumes - 3 kg","p":10.22,"u":"3,41 €/KG","img":"https://fd9-photos.leclercdrive.fr/image.ashx?id=2940615&use=l&cat=p&typeid=i","cat":284680},{"id":227397,"n":"Croquettes Friskies  Dinde & legumes - 1.5kg","p":5.37,"u":"3,58 €/KG","img":"https://fd9-photos.leclercdrive.fr/image.ashx?id=2699621&use=l&cat=p&typeid=i","cat":284680},{"id":227400,"n":"Croquettes chat Friskies Saumon et legumes - 1.5 kg","p":5.39,"u":"3,59 €/KG","img":"https://fd9-photos.leclercdrive.fr/image.ashx?id=2940600&use=l&cat=p&typeid=i","cat":284680},{"id":227418,"n":"Gel détartrant WC Net Détartrant total - 750ml","p":2.56,"u":"3,41 €/L","img":"https://fd9-photos.leclercdrive.fr/image.ashx?id=2702118&use=l&cat=p&typeid=i","cat":284662},{"id":227419,"n":"Gel Energy WC Net Javel - Action immédiate 750ml","p":2.4,"u":"3,20 €/L","img":"https://fd9-photos.leclercdrive.fr/image.ashx?id=2791659&use=l&cat=p&typeid=i","cat":284662},{"id":227448,"n":"Céréales Crunch 375g","p":2.67,"u":"7,12 €/KG","img":"https://fd9-photos.leclercdrive.fr/image.ashx?id=2939760&use=l&cat=p&typeid=i","cat":309513},{"id":227506,"n":"Capsule Nescafé Farmers Origins  India Int 9 - x18","p":4.27,"u":"54,05 €/KG","img":"https://fd9-photos.leclercdrive.fr/image.ashx?id=2700791&use=l&cat=p&typeid=i","cat":284749},{"id":227507,"n":"Capsule Nescafé Farmers Origins  India Int 9 - x10","p":2.32,"u":"52,73 €/KG","img":"https://fd9-photos.leclercdrive.fr/image.ashx?id=2952169&use=l&cat=p&typeid=i","cat":284749},{"id":227512,"n":"Chips Savour  Sel de guerande - 120g","p":1.48,"u":"12,33 €/KG","img":"https://fd9-photos.leclercdrive.fr/image.ashx?id=2743828&use=l&cat=p&typeid=i","cat":284447},{"id":227516,"n":"Chips Savour Cheddar & Ciboulette - 120g","p":1.75,"u":"14,58 €/KG","img":"https://fd9-photos.leclercdrive.fr/image.ashx?id=2743819&use=l&cat=p&typeid=i","cat":284447},{"id":227520,"n":"Chips Lay's Sel & vinaigre - 130g","p":1.48,"u":"11,38 €/KG","img":"https://fd9-photos.leclercdrive.fr/image.ashx?id=3011161&use=l&cat=p&typeid=i","cat":284447},{"id":227528,"n":"Chips Lay's Poulet - 135g","p":1.25,"u":"9,26 €/KG","img":"https://fd9-photos.leclercdrive.fr/image.ashx?id=2995079&use=l&cat=p&typeid=i","cat":284447},{"id":227532,"n":"Chips Lay's Barbecue - 250g","p":2.04,"u":"8,16 €/KG","img":"https://fd9-photos.leclercdrive.fr/image.ashx?id=2994488&use=l&cat=p&typeid=i","cat":284447},{"id":227534,"n":"Chips Lay's Barbecue - 135g","p":1.16,"u":"8,59 €/KG","img":"https://fd9-photos.leclercdrive.fr/image.ashx?id=2994485&use=l&cat=p&typeid=i","cat":284447},{"id":227542,"n":"Croquettes pour chien Friskies Vitafit 12kg","p":25.67,"u":"2,14 €/KG","img":"https://fd9-photos.leclercdrive.fr/image.ashx?id=2986987&use=l&cat=p&typeid=i","cat":284672},{"id":227563,"n":"Serviettes Fuites urinaires  Always Discreet - Normal - x30","p":9.35,"u":"0,31 €/P","img":"https://fd9-photos.leclercdrive.fr/image.ashx?id=2700806&use=l&cat=p&typeid=i","cat":284628},{"id":227600,"n":"Croquettes chat Friskies Boeuf, poulet et légumes - 3kg","p":10.22,"u":"3,41 €/KG","img":"https://fd9-photos.leclercdrive.fr/image.ashx?id=2940603&use=l&cat=p&typeid=i","cat":284680},{"id":227602,"n":"Croquettes Friskies  Poulet & légumes  1,5 kg","p":5.5,"u":"3,67 €/KG","img":"https://fd9-photos.leclercdrive.fr/image.ashx?id=2701400&use=l&cat=p&typeid=i","cat":284680},{"id":227603,"n":"Croquettes chat stérilisé Friskies Agneau légumes - 1.5kg","p":5.57,"u":"3,71 €/KG","img":"https://fd9-photos.leclercdrive.fr/image.ashx?id=2701064&use=l&cat=p&typeid=i","cat":284680},{"id":227608,"n":"Croquettes Friskies Junior  Poulet avec du lait - 3kg","p":8.68,"u":"2,89 €/KG","img":"https://fd9-photos.leclercdrive.fr/image.ashx?id=2986900&use=l&cat=p&typeid=i","cat":284672},{"id":227626,"n":"Barres chocolatées Mars  x7 - 315g","p":2.89,"u":"9,17 €/KG","img":"https://fd9-photos.leclercdrive.fr/image.ashx?id=2701043&use=l&cat=p&typeid=i","cat":284498},{"id":227629,"n":"Barres chocolatées Snickers x7 - 350g","p":3.29,"u":"9,40 €/KG","img":"https://fd9-photos.leclercdrive.fr/image.ashx?id=2701040&use=l&cat=p&typeid=i","cat":284498},{"id":227633,"n":"Barres chocolatées Twix  x10 -210g","p":2.25,"u":"10,71 €/KG","img":"https://fd9-photos.leclercdrive.fr/image.ashx?id=2980091&use=l&cat=p&typeid=i","cat":284498},{"id":227645,"n":"Barres Bounty chocolat & noix de coco x5 - 285g","p":2.77,"u":"9,72 €/KG","img":"https://fd9-photos.leclercdrive.fr/image.ashx?id=2701022&use=l&cat=p&typeid=i","cat":284498},{"id":227657,"n":"Soda Fanta Orange Sans Sucres  Canette - Pack 6x33cl","p":3.26,"u":"1,65 €/L","img":"https://fd9-photos.leclercdrive.fr/image.ashx?id=2701361&use=l&cat=p&typeid=i","cat":284532},{"id":227669,"n":"Boisson Gazeuse Maison Perrier Chic Roséllini 4x25cl","p":2.79,"u":"2,79 €/L","img":"https://fd9-photos.leclercdrive.fr/image.ashx?id=2701403&use=l&cat=p&typeid=i","cat":284536},{"id":227671,"n":"Bière aromatisée Desperados Tropical -  6X33cl","p":9.49,"u":"4,79 €/L","img":"https://fd9-photos.leclercdrive.fr/image.ashx?id=2701142&use=l&cat=p&typeid=i","cat":334878},{"id":227684,"n":"Barres chocolatées Twix x7 - 350g","p":3.22,"u":"9,20 €/KG","img":"https://fd9-photos.leclercdrive.fr/image.ashx?id=2701028&use=l&cat=p&typeid=i","cat":284498},{"id":227701,"n":"Chocolat Pâtissier Nestlé Dessert Blanc - 170g","p":3.03,"u":"17,82 €/KG","img":"https://fd9-photos.leclercdrive.fr/image.ashx?id=2895062&use=l&cat=p&typeid=i","cat":284957},{"id":227702,"n":"Fromage enfant La Vache qui rit Pik&Croq 8 portions - 280g","p":3.32,"u":"11,86 €/KG","img":"https://fd9-photos.leclercdrive.fr/image.ashx?id=2945436&use=l&cat=p&typeid=i","cat":314030},{"id":227718,"n":"Jambon cuit supérieur découenné L'Atelier Charcuterie x2 - 110g","p":1.93,"u":"17,55 €/KG","img":"https://fd9-photos.leclercdrive.fr/image.ashx?id=2907410&use=l&cat=p&typeid=i","cat":316009},{"id":227719,"n":"Jambon cuit supérieur découenné L'Atelier Charcuterie x4 - 220g","p":3.8,"u":"17,27 €/KG","img":"https://fd9-photos.leclercdrive.fr/image.ashx?id=2907413&use=l&cat=p&typeid=i","cat":316009},{"id":227723,"n":"Jambon cuit supérieur -25% sel L'Atelier Charcuterie x4 - 220g","p":4.57,"u":"20,77 €/KG","img":"https://fd9-photos.leclercdrive.fr/image.ashx?id=2909356&use=l&cat=p&typeid=i","cat":316009},{"id":227738,"n":"Capsule Nescafé Farmers Origins  Africas Int 10 - x10","p":2.32,"u":"52,73 €/KG","img":"https://fd9-photos.leclercdrive.fr/image.ashx?id=2952172&use=l&cat=p&typeid=i","cat":284749},{"id":227739,"n":"Capsule Nescafé Farmers Origins  Colombia Décaféiné Int 6 - x10","p":2.78,"u":"52,45 €/KG","img":"https://fd9-photos.leclercdrive.fr/image.ashx?id=2701977&use=l&cat=p&typeid=i","cat":284749},{"id":227740,"n":"Capsule Nescafé Farmers Origins  Brazil Int 8 - x18","p":4.44,"u":"56,20 €/KG","img":"https://fd9-photos.leclercdrive.fr/image.ashx?id=3001521&use=l&cat=p&typeid=i","cat":284749},{"id":227743,"n":"Capsule Nescafé Farmers Origins  Colombia Int 6 - x18","p":4.77,"u":"60,38 €/KG","img":"https://fd9-photos.leclercdrive.fr/image.ashx?id=2701971&use=l&cat=p&typeid=i","cat":284749},{"id":227745,"n":"Lait Combiotic Hipp Bio jusqu' à 6mois 800g","p":19.3,"u":"24,13 €/KG","img":"https://fd9-photos.leclercdrive.fr/image.ashx?id=2926843&use=l&cat=p&typeid=i","cat":284726},{"id":227769,"n":"Profiteroles Equador Caramel - 4x90g","p":2.69,"u":"7,47 €/KG","img":"https://fd9-photos.leclercdrive.fr/image.ashx?id=2701100&use=l&cat=p&typeid=i","cat":284419},{"id":227818,"n":"Fromage enfant La Vache qui rit Pik&Croq 5 portions - 175g","p":2.39,"u":"13,66 €/KG","img":"https://fd9-photos.leclercdrive.fr/image.ashx?id=2945433&use=l&cat=p&typeid=i","cat":314030},{"id":227820,"n":"Fromage enfant La Vache qui rit Original 8P à tartiner - 128g","p":1.92,"u":"15,00 €/KG","img":"https://fd9-photos.leclercdrive.fr/image.ashx?id=2945439&use=l&cat=p&typeid=i","cat":314030},{"id":227823,"n":"Chips Lay's Emmental - 135g","p":1.3,"u":"9,63 €/KG","img":"https://fd9-photos.leclercdrive.fr/image.ashx?id=3011155&use=l&cat=p&typeid=i","cat":284447},{"id":227831,"n":"Spray Nettoyant Menager Cif  Anti-calcaire Universel 750 ml","p":2.19,"u":"2,92 €/L","img":"https://fd9-photos.leclercdrive.fr/image.ashx?id=2890520&use=l&cat=p&typeid=i","cat":325362},{"id":227884,"n":"Bâtonnet Magnum White choco Cookie - x3 - 222g","p":2.61,"u":"11,76 €/KG","img":"https://fd9-photos.leclercdrive.fr/image.ashx?id=2793071&use=l&cat=p&typeid=i","cat":284265},{"id":227894,"n":"Bâtonnet Magnum Caramel salé Amandes x3 - 222g","p":2.91,"u":"13,11 €/KG","img":"https://fd9-photos.leclercdrive.fr/image.ashx?id=2793038&use=l&cat=p&typeid=i","cat":284265},{"id":227900,"n":"Glace Bâtonnet MAGNUM Chocolat Blanc 4x100ml","p":3.14,"u":"10,68 €/KG","img":"https://fd9-photos.leclercdrive.fr/image.ashx?id=3011944&use=l&cat=p&typeid=i","cat":284265},{"id":227901,"n":"Bâtonnet Magnum Fraise et blanc - x4 - 324g","p":3.43,"u":"10,59 €/KG","img":"https://fd9-photos.leclercdrive.fr/image.ashx?id=3009293&use=l&cat=p&typeid=i","cat":284265},{"id":227902,"n":"Batonnets glace Magnum Chocolat Blanc Amande x4 - 300g","p":3.4,"u":"11,33 €/KG","img":"https://fd9-photos.leclercdrive.fr/image.ashx?id=3009296&use=l&cat=p&typeid=i","cat":284265},{"id":227905,"n":"Bâtonnet Magnum Chocolat blanc x8 - 588g","p":5.92,"u":"10,07 €/KG","img":"https://fd9-photos.leclercdrive.fr/image.ashx?id=2805663&use=l&cat=p&typeid=i","cat":284265},{"id":227908,"n":"Mini bâtonnet Magnum Chocolat blanc Amande x6 - 257g","p":3.73,"u":"14,51 €/KG","img":"https://fd9-photos.leclercdrive.fr/image.ashx?id=2849367&use=l&cat=p&typeid=i","cat":284265},{"id":227910,"n":"Adoucissant liquide Lenor Envolée d'air - 82D - 1.72L","p":8.3,"u":"4,82 €/L","img":"https://fd9-photos.leclercdrive.fr/image.ashx?id=2703290&use=l&cat=p&typeid=i","cat":284650},{"id":228013,"n":"Saucisson Saint Agaûne 120g","p":3.57,"u":"29,75 €/KG","img":"https://fd9-photos.leclercdrive.fr/image.ashx?id=2960933&use=l&cat=p&typeid=i","cat":316006},{"id":228102,"n":"Thé glacé Lipton Ice Tea Pêche Sans sucres - bouteille 1.75l","p":2.04,"u":"1,17 €/L","img":"https://fd9-photos.leclercdrive.fr/image.ashx?id=2857060&use=l&cat=p&typeid=i","cat":295019},{"id":228103,"n":"Thé glacé Lipton Ice Tea Pêche Zéro sucres - canettes 6x33cl","p":3.32,"u":"1,68 €/L","img":"https://fd9-photos.leclercdrive.fr/image.ashx?id=2959442&use=l&cat=p&typeid=i","cat":295019},{"id":228192,"n":"Coca-cola sans sucre Sans caféine  - 6x20cl","p":3.66,"u":"3,05 €/L","img":"https://fd9-photos.leclercdrive.fr/image.ashx?id=3009062&use=l&cat=p&typeid=i","cat":284530},{"id":228194,"n":"Thé glacé Oasis Ice Tea Saveur Mangue Passion - 1,5L","p":1.85,"u":"1,23 €/L","img":"https://fd9-photos.leclercdrive.fr/image.ashx?id=2705040&use=l&cat=p&typeid=i","cat":295019},{"id":228196,"n":"Sirop Frucci  Pêche - 1.3L","p":3.99,"u":"3,07 €/L","img":"https://fd9-photos.leclercdrive.fr/image.ashx?id=2898047&use=l&cat=p&typeid=i","cat":295020},{"id":228198,"n":"Sirop Frucci Grenadine - 1.3L","p":3.28,"u":"2,52 €/L","img":"https://fd9-photos.leclercdrive.fr/image.ashx?id=2909921&use=l&cat=p&typeid=i","cat":295020},{"id":228199,"n":"Sirop Frucci Menthe - 1.3L","p":3.02,"u":"2,32 €/L","img":"https://fd9-photos.leclercdrive.fr/image.ashx?id=2898038&use=l&cat=p&typeid=i","cat":295020},{"id":228205,"n":"Nettoyant ménager AJAX Air frais coquelicots - 1.25L","p":2.28,"u":"1,82 €/L","img":"https://fd9-photos.leclercdrive.fr/image.ashx?id=2944473&use=l&cat=p&typeid=i","cat":284907},{"id":228279,"n":"Ratatouille cuisinée Cassegrain À la provençale - 3x380g","p":8.69,"u":"7,62 €/KG","img":"https://fd9-photos.leclercdrive.fr/image.ashx?id=2962119&use=l&cat=p&typeid=i","cat":312612},{"id":228353,"n":"Shampoing Hydratant 2en1 Dop Lait végétal - 400ml","p":2.33,"u":"5,83 €/L","img":"https://fd9-photos.leclercdrive.fr/image.ashx?id=2707398&use=l&cat=p&typeid=i","cat":284606},{"id":228395,"n":"Boisson gazeuse Liptonic Thé glacé citron vert - 6x33cl","p":4.13,"u":"2,09 €/L","img":"https://fd9-photos.leclercdrive.fr/image.ashx?id=2706915&use=l&cat=p&typeid=i","cat":295019},{"id":228396,"n":"Thé glacé Lipton Ice Tea Pêche - 6x33cl","p":3.18,"u":"1,61 €/L","img":"https://fd9-photos.leclercdrive.fr/image.ashx?id=2852471&use=l&cat=p&typeid=i","cat":295019},{"id":228461,"n":"Spray Nettoyant Menager Cif  Cleanboost Technology - 750 ml","p":2.23,"u":"2,97 €/L","img":"https://fd9-photos.leclercdrive.fr/image.ashx?id=2866214&use=l&cat=p&typeid=i","cat":325357},{"id":228462,"n":"Spray Nettoyant 5-en-1 Cif Cuisine & Salle de Bain 750ml","p":2.05,"u":"2,73 €/L","img":"https://fd9-photos.leclercdrive.fr/image.ashx?id=2999336&use=l&cat=p&typeid=i","cat":325357},{"id":228463,"n":"Liquide vaisselle mini Paic Citron - 500ml","p":1.33,"u":"2,66 €/L","img":"https://fd9-photos.leclercdrive.fr/image.ashx?id=2708020&use=l&cat=p&typeid=i","cat":284655},{"id":228464,"n":"Recharge Adoucissant Soupline Grand Air - 1L - x45","p":3.48,"u":"3,48 €/L","img":"https://fd9-photos.leclercdrive.fr/image.ashx?id=2860598&use=l&cat=p&typeid=i","cat":284650},{"id":228465,"n":"Nettoyant ménager Ajax Fête des fleurs muguets 1.25L","p":2.75,"u":"2,20 €/L","img":"https://fd9-photos.leclercdrive.fr/image.ashx?id=2926072&use=l&cat=p&typeid=i","cat":284907},{"id":228466,"n":"Liquide vaisselle et mains Paic Citron - 500ml","p":2.15,"u":"4,30 €/L","img":"https://fd9-photos.leclercdrive.fr/image.ashx?id=2708038&use=l&cat=p&typeid=i","cat":284655},{"id":228467,"n":"Spray nettoyant ménager Ajax Salle de bain - 500ml","p":2.77,"u":"5,54 €/L","img":"https://fd9-photos.leclercdrive.fr/image.ashx?id=2708041&use=l&cat=p&typeid=i","cat":325357},{"id":228469,"n":"Perles de linge Soupline Grand Air - 230g","p":6.09,"u":"26,48 €/KG","img":"https://fd9-photos.leclercdrive.fr/image.ashx?id=2708032&use=l&cat=p&typeid=i","cat":325302},{"id":228484,"n":"Gel Douche Dove Hydratant 450ml","p":3.94,"u":"8,76 €/L","img":"https://fd9-photos.leclercdrive.fr/image.ashx?id=2993499&use=l&cat=p&typeid=i","cat":284594},{"id":228499,"n":"Lessive liquide X-tra Total 4 en 1 x63 - 2.835L","p":8.85,"u":"3,12 €/L","img":"https://fd9-photos.leclercdrive.fr/image.ashx?id=2921561&use=l&cat=p&typeid=i","cat":284640},{"id":228501,"n":"Lessive liquide X-tra Total Savon de Marseille x63  -2.835L","p":9.06,"u":"3,20 €/L","img":"https://fd9-photos.leclercdrive.fr/image.ashx?id=2921564&use=l&cat=p&typeid=i","cat":284640},{"id":228502,"n":"Lessive liquide X-tra Total Déo fraîcheur x57 - 2.565L","p":8.47,"u":"3,30 €/L","img":"https://fd9-photos.leclercdrive.fr/image.ashx?id=2708564&use=l&cat=p&typeid=i","cat":284640},{"id":228503,"n":"Recharge lessive Maison Verte Huiles essentielles x33 -1.485L","p":6.9,"u":"4,65 €/L","img":"https://fd9-photos.leclercdrive.fr/image.ashx?id=2890625&use=l&cat=p&typeid=i","cat":284644},{"id":228504,"n":"Liquide vaisselle Mir vinaigre Framboise dégraissant  - 450ml","p":1.28,"u":"2,84 €/L","img":"https://fd9-photos.leclercdrive.fr/image.ashx?id=2979725&use=l&cat=p&typeid=i","cat":284655},{"id":228509,"n":"Lessive liquide Mir Laine Textile délicat x27 - 1.35L","p":5.94,"u":"4,40 €/L","img":"https://fd9-photos.leclercdrive.fr/image.ashx?id=2890118&use=l&cat=p&typeid=i","cat":284644},{"id":228510,"n":"Lessive liquide Super Croix X-tra Bora Bora x42 - 1.89L","p":7.7,"u":"4,07 €/L","img":"https://fd9-photos.leclercdrive.fr/image.ashx?id=2876263&use=l&cat=p&typeid=i","cat":284640},{"id":228541,"n":"Sirop Teisseire  Menthe verte - 1,30L","p":5.23,"u":"4,02 €/L","img":"https://fd9-photos.leclercdrive.fr/image.ashx?id=2709094&use=l&cat=p&typeid=i","cat":295020},{"id":228631,"n":"Soda Coca-Cola Sans Sucres Canette - Pack 6x20CL","p":3.47,"u":"2,89 €/L","img":"https://fd9-photos.leclercdrive.fr/image.ashx?id=2709352&use=l&cat=p&typeid=i","cat":284530},{"id":228776,"n":"Beurre tendre doux Président  60% MG - 200g","p":1.87,"u":"9,35 €/KG","img":"https://fd9-photos.leclercdrive.fr/image.ashx?id=2710529&use=l&cat=p&typeid=i","cat":284379},{"id":228932,"n":"Lait croissance Guigoz Optipro 3 - 6x500ml","p":9.11,"u":"3,04 €/L","img":"https://fd9-photos.leclercdrive.fr/image.ashx?id=2712139&use=l&cat=p&typeid=i","cat":284728},{"id":228957,"n":"Dessert P'tit brassé  Mini banane - 300g","p":1.89,"u":"6,30 €/KG","img":"https://fd9-photos.leclercdrive.fr/image.ashx?id=2958203&use=l&cat=p&typeid=i","cat":312392},{"id":228976,"n":"Infusion Saveurs du soir Lipton Grand sud - 32g","p":1.19,"u":"37,19 €/KG","img":"https://fd9-photos.leclercdrive.fr/image.ashx?id=2718741&use=l&cat=p&typeid=i","cat":293234},{"id":228992,"n":"Thé vert Lipton Bio  x20 - 28g","p":2.71,"u":"96,79 €/KG","img":"https://fd9-photos.leclercdrive.fr/image.ashx?id=2739405&use=l&cat=p&typeid=i","cat":293233},{"id":229002,"n":"Chips Tuiles Pringles HOT Flamin' Cheese - 160g","p":2.0,"u":"12,50 €/KG","img":"https://fd9-photos.leclercdrive.fr/image.ashx?id=2927609&use=l&cat=p&typeid=i","cat":287899},{"id":229109,"n":"Capsule Nescafé Farmers Origins Intensité 7 - x10 - 44g","p":2.82,"u":"64,09 €/KG","img":"https://fd9-photos.leclercdrive.fr/image.ashx?id=2714585&use=l&cat=p&typeid=i","cat":284749},{"id":229144,"n":"Margarine doux St-Hubert L'Original - 250g","p":2.02,"u":"8,08 €/KG","img":"https://fd9-photos.leclercdrive.fr/image.ashx?id=2978032&use=l&cat=p&typeid=i","cat":315229},{"id":229224,"n":"Glace pâte à tartiner Nutella 230g","p":3.85,"u":"16,74 €/KG","img":"https://fd9-photos.leclercdrive.fr/image.ashx?id=2905672&use=l&cat=p&typeid=i","cat":284725},{"id":229242,"n":"Gazpacho menthe Florette  750ml","p":2.99,"u":"3,99 €/L","img":"https://fd9-photos.leclercdrive.fr/image.ashx?id=2875099&use=l&cat=p&typeid=i","cat":284355},{"id":229289,"n":"Glace Carte d'Or Chocolat Noir - 374g","p":3.03,"u":"8,10 €/KG","img":"https://fd9-photos.leclercdrive.fr/image.ashx?id=2849370&use=l&cat=p&typeid=i","cat":284263},{"id":229397,"n":"Sorbet La Laitière Fraise - 558g","p":3.56,"u":"6,38 €/KG","img":"https://fd9-photos.leclercdrive.fr/image.ashx?id=3000018&use=l&cat=p&typeid=i","cat":284263},{"id":229487,"n":"Margarine ProActiv Expert Tartine et gourmet -Doux - 450g","p":5.11,"u":"11,36 €/KG","img":"https://fd9-photos.leclercdrive.fr/image.ashx?id=2972601&use=l&cat=p&typeid=i","cat":315229},{"id":229513,"n":"Soda 7UP Citron/citron vert zéro -6x33cl","p":3.43,"u":"1,73 €/L","img":"https://fd9-photos.leclercdrive.fr/image.ashx?id=2717553&use=l&cat=p&typeid=i","cat":284531},{"id":229517,"n":"Soda au cola Pepsi Zéro sucres Le lot de 6x33cl canettes","p":2.53,"u":"1,28 €/L","img":"https://fd9-photos.leclercdrive.fr/image.ashx?id=2773391&use=l&cat=p&typeid=i","cat":284530},{"id":229523,"n":"Thé glacé Lipton Ice Tea Pêche Le lot de 12x33cl canettes","p":6.31,"u":"1,59 €/L","img":"https://fd9-photos.leclercdrive.fr/image.ashx?id=2717550&use=l&cat=p&typeid=i","cat":295019},{"id":229524,"n":"Thé glacé pétillant Lipton Ice Tea pêche - canettes 6x33cl","p":3.66,"u":"1,85 €/L","img":"https://fd9-photos.leclercdrive.fr/image.ashx?id=2900833&use=l&cat=p&typeid=i","cat":295019},{"id":229549,"n":"Salade & Cie Sodebo Portofino Thon Mozzarella - 320g","p":3.9,"u":"12,19 €/KG","img":"https://fd9-photos.leclercdrive.fr/image.ashx?id=2740601&use=l&cat=p&typeid=i","cat":333657},{"id":229593,"n":"Tablettes lave-vaisselle Visior Tout en 1 citron x45 - 765g","p":5.79,"u":"7,57 €/KG","img":"https://fd9-photos.leclercdrive.fr/image.ashx?id=2954905&use=l&cat=p&typeid=i","cat":284656},{"id":229601,"n":"Miel d'acacia de Bourgogne Nos Région ont du Talent 375g","p":6.99,"u":"18,64 €/KG","img":"https://fd9-photos.leclercdrive.fr/image.ashx?id=2771441&use=l&cat=p&typeid=i","cat":287643},{"id":229879,"n":"Apéritif Campari 25% vol - 70cl","p":16.37,"u":"23,39 €/L","img":"https://fd9-photos.leclercdrive.fr/image.ashx?id=3009155&use=l&cat=p&typeid=i","cat":286032},{"id":229898,"n":"Pain de mie nature Harrys Sandwich Tranches épaisses 550g","p":1.99,"u":"3,62 €/KG","img":"https://fd9-photos.leclercdrive.fr/image.ashx?id=2962455&use=l&cat=p&typeid=i","cat":284477},{"id":229921,"n":"Pain de mie céréales Harrys Sandwich Sans sucre ajouté 550g","p":1.87,"u":"3,40 €/KG","img":"https://fd9-photos.leclercdrive.fr/image.ashx?id=2962452&use=l&cat=p&typeid=i","cat":284477},{"id":229960,"n":"Bâtonnets Yeti Super Mario  Superfruit x6 - 360g","p":3.96,"u":"11,00 €/KG","img":"https://fd9-photos.leclercdrive.fr/image.ashx?id=2733850&use=l&cat=p&typeid=i","cat":285250},{"id":229982,"n":"Coulommiers Eco+ 320g","p":1.78,"u":"5,56 €/KG","img":"https://fd9-photos.leclercdrive.fr/image.ashx?id=2726824&use=l&cat=p&typeid=i","cat":314033},{"id":230145,"n":"Tablette Chocolat Pur Via  Caramel pointe de sel - 100g","p":2.78,"u":"27,80 €/KG","img":"https://fd9-photos.leclercdrive.fr/image.ashx?id=2789946&use=l&cat=p&typeid=i","cat":284497},{"id":230167,"n":"Lessive liquide X-tra Total  Ecopack  x41 - 1.845L","p":6.49,"u":"3,52 €/L","img":"https://fd9-photos.leclercdrive.fr/image.ashx?id=2890124&use=l&cat=p&typeid=i","cat":284640},{"id":230171,"n":"Bière Picon 1L","p":10.3,"u":"10,30 €/L","img":"https://fd9-photos.leclercdrive.fr/image.ashx?id=2720908&use=l&cat=p&typeid=i","cat":334872},{"id":230174,"n":"Bière blonde Fischer Tradition 6% - 66cl","p":1.91,"u":"2,89 €/L","img":"https://fd9-photos.leclercdrive.fr/image.ashx?id=3008128&use=l&cat=p&typeid=i","cat":334873},{"id":230198,"n":"Gel nettoyant WC La Croix Ultra WC - 750ml","p":1.39,"u":"1,85 €/L","img":"https://fd9-photos.leclercdrive.fr/image.ashx?id=2721531&use=l&cat=p&typeid=i","cat":284662},{"id":230318,"n":"Talc boîte poudreuse Felce Azzurra - 200g","p":2.29,"u":"11,45 €/KG","img":"https://fd9-photos.leclercdrive.fr/image.ashx?id=2938935&use=l&cat=p&typeid=i","cat":284741},{"id":230761,"n":"Beurre doux Paysan Breton 250g","p":2.99,"u":"11,96 €/KG","img":"https://fd9-photos.leclercdrive.fr/image.ashx?id=2959460&use=l&cat=p&typeid=i","cat":284379},{"id":230827,"n":"Crackers Belin Minizza  Tomate 95g","p":1.48,"u":"15,58 €/KG","img":"https://fd9-photos.leclercdrive.fr/image.ashx?id=3005317&use=l&cat=p&typeid=i","cat":297000},{"id":230830,"n":"Crackers Belin Monaco Emmental 110g","p":1.24,"u":"11,27 €/KG","img":"https://fd9-photos.leclercdrive.fr/image.ashx?id=3002228&use=l&cat=p&typeid=i","cat":297000},{"id":230863,"n":"Crackers Monaco Belin Emmental  170g","p":1.64,"u":"9,65 €/KG","img":"https://fd9-photos.leclercdrive.fr/image.ashx?id=3002231&use=l&cat=p&typeid=i","cat":297000},{"id":231048,"n":"Yaourts brassés bio pêche Les 2 Vaches - 4x115g","p":2.01,"u":"4,37 €/KG","img":"https://fd9-photos.leclercdrive.fr/image.ashx?id=2725714&use=l&cat=p&typeid=i","cat":284410},{"id":231095,"n":"Mayonnaise de Dijon Amora 605g","p":3.43,"u":"5,67 €/KG","img":"https://fd9-photos.leclercdrive.fr/image.ashx?id=2877292&use=l&cat=p&typeid=i","cat":298295},{"id":231186,"n":"Dentifrice Signal - Blancheur Extra-Fraîcheur - 3x75ml","p":6.09,"u":"27,07 €/L","img":"https://fd9-photos.leclercdrive.fr/image.ashx?id=2743703&use=l&cat=p&typeid=i","cat":284612},{"id":231187,"n":"Dentifrice Signal - Intense Extra-Fraîcheur - 3x75ml","p":5.97,"u":"26,53 €/L","img":"https://fd9-photos.leclercdrive.fr/image.ashx?id=2743706&use=l&cat=p&typeid=i","cat":284612},{"id":231188,"n":"Dentifrice Signal - 1 Semaine Système Blancheur - 3x75ml","p":5.31,"u":"23,60 €/L","img":"https://fd9-photos.leclercdrive.fr/image.ashx?id=2740919&use=l&cat=p&typeid=i","cat":284612},{"id":231190,"n":"Signal - Eclat Brillance Système Blancheur - 3x75ml","p":6.62,"u":"29,42 €/L","img":"https://fd9-photos.leclercdrive.fr/image.ashx?id=2743700&use=l&cat=p&typeid=i","cat":284612},{"id":231205,"n":"Lessive liquide X-tra Total  Déo fraîcheur givré x40 - 1.80L","p":7.54,"u":"4,19 €/L","img":"https://fd9-photos.leclercdrive.fr/image.ashx?id=2936131&use=l&cat=p&typeid=i","cat":284640},{"id":231282,"n":"Chips Street food Vico  Saveur tzatziki - 120g","p":1.25,"u":"10,42 €/KG","img":"https://fd9-photos.leclercdrive.fr/image.ashx?id=2985192&use=l&cat=p&typeid=i","cat":284447},{"id":231287,"n":"Coeur de laitue Florette 125g","p":1.35,"u":"10,80 €/KG","img":"https://fd9-photos.leclercdrive.fr/image.ashx?id=2750003&use=l&cat=p&typeid=i","cat":284353},{"id":231368,"n":"Capsules café L'Or Espresso Supremo N°10 x30","p":9.32,"u":"59,74 €/KG","img":"https://fd9-photos.leclercdrive.fr/image.ashx?id=2788052&use=l&cat=p&typeid=i","cat":284749},{"id":231369,"n":"Capsules café L'Or Espresso Splendente N°7 x30","p":9.03,"u":"57,88 €/KG","img":"https://fd9-photos.leclercdrive.fr/image.ashx?id=2728846&use=l&cat=p&typeid=i","cat":284749},{"id":231370,"n":"Capsules café L'Or Espresso Ristretto N°11 x30","p":9.16,"u":"58,72 €/KG","img":"https://fd9-photos.leclercdrive.fr/image.ashx?id=2728843&use=l&cat=p&typeid=i","cat":284749},{"id":231371,"n":"Capsules café L'Or Espresso Forza N°9 x30","p":9.14,"u":"58,59 €/KG","img":"https://fd9-photos.leclercdrive.fr/image.ashx?id=3000468&use=l&cat=p&typeid=i","cat":284749},{"id":231372,"n":"Capsules café L'Or Espresso Delizioso N°5 x30","p":9.16,"u":"58,72 €/KG","img":"https://fd9-photos.leclercdrive.fr/image.ashx?id=2851345&use=l&cat=p&typeid=i","cat":284749},{"id":231375,"n":"Fromage Carré Eco+ 25%MG - 200g","p":1.56,"u":"7,80 €/KG","img":"https://fd9-photos.leclercdrive.fr/image.ashx?id=2728047&use=l&cat=p&typeid=i","cat":314033},{"id":231412,"n":"Bière blonde 1664 5.5% - 28x25cl","p":16.73,"u":"2,39 €/L","img":"https://fd9-photos.leclercdrive.fr/image.ashx?id=2728384&use=l&cat=p&typeid=i","cat":334873},{"id":231570,"n":"Badoit bulles de fruits rouges 1l","p":1.29,"u":"1,29 €/L","img":"https://fd9-photos.leclercdrive.fr/image.ashx?id=2964676&use=l&cat=p&typeid=i","cat":284536},{"id":231656,"n":"Liquide vaisselle Mir  Dégraissant Secrets Japon-675ml","p":1.35,"u":"2,00 €/L","img":"https://fd9-photos.leclercdrive.fr/image.ashx?id=2740571&use=l&cat=p&typeid=i","cat":284655},{"id":231657,"n":"Tablettes lave-vaisselle Finish Power Plus - x35","p":8.01,"u":"14,30 €/KG","img":"https://fd9-photos.leclercdrive.fr/image.ashx?id=2749431&use=l&cat=p&typeid=i","cat":284656},{"id":231658,"n":"Lessive liquide X-tra Total  4 en 1 propreté x85 - 3.825L","p":13.39,"u":"3,50 €/L","img":"https://fd9-photos.leclercdrive.fr/image.ashx?id=2740568&use=l&cat=p&typeid=i","cat":284640},{"id":231694,"n":"Crème corps Mixa Réparatrice Peau sensibles  - 150ml","p":3.44,"u":"22,93 €/L","img":"https://fd9-photos.leclercdrive.fr/image.ashx?id=2892199&use=l&cat=p&typeid=i","cat":325350},{"id":231700,"n":"Lingette désinfectantes St Marc Anti-bactériennes - x126","p":3.99,"img":"https://fd9-photos.leclercdrive.fr/image.ashx?id=2740781&use=l&cat=p&typeid=i","cat":325358},{"id":231704,"n":"Lessive multi-usages St Marc  à la Résine de pin - 1,4kg","p":4.65,"u":"3,32 €/KG","img":"https://fd9-photos.leclercdrive.fr/image.ashx?id=2884645&use=l&cat=p&typeid=i","cat":325365},{"id":231708,"n":"Capsules lave-vaisselle Finish  Quantum - x46","p":9.4,"u":"19,67 €/KG","img":"https://fd9-photos.leclercdrive.fr/image.ashx?id=2749440&use=l&cat=p&typeid=i","cat":284656},{"id":231709,"n":"Capsules lave-vaisselle Finish Ultimate Plus Citron - x35","p":9.4,"u":"22,01 €/KG","img":"https://fd9-photos.leclercdrive.fr/image.ashx?id=2749437&use=l&cat=p&typeid=i","cat":284656},{"id":231710,"n":"Capsules lave-vaisselle Finish Ultimate Plus - x35","p":9.84,"u":"23,04 €/KG","img":"https://fd9-photos.leclercdrive.fr/image.ashx?id=2749434&use=l&cat=p&typeid=i","cat":284656},{"id":231713,"n":"Spray nettoyant Cillit Bang Expert crasse & calcaire 750ml","p":3.64,"u":"4,85 €/L","img":"https://fd9-photos.leclercdrive.fr/image.ashx?id=2839755&use=l&cat=p&typeid=i","cat":325362},{"id":231714,"n":"Spray nettoyant Cillit Bang  Expert Anti-moisissures - 750ml","p":3.64,"u":"4,85 €/L","img":"https://fd9-photos.leclercdrive.fr/image.ashx?id=2790114&use=l&cat=p&typeid=i","cat":325357},{"id":231715,"n":"Spray nettoyant Cillit Bang  Expert Javel - 750ml","p":3.64,"u":"4,85 €/L","img":"https://fd9-photos.leclercdrive.fr/image.ashx?id=2793653&use=l&cat=p&typeid=i","cat":325357},{"id":231717,"n":"ST MARC Liquide Nettoyant Multi Usages Côtes Bretonnes - 1L","p":2.43,"u":"2,43 €/L","img":"https://fd9-photos.leclercdrive.fr/image.ashx?id=2859074&use=l&cat=p&typeid=i","cat":284907},{"id":231718,"n":"Nettoyant liquide St Marc Multi usages Forêt des Landes - 1L","p":2.36,"u":"2,36 €/L","img":"https://fd9-photos.leclercdrive.fr/image.ashx?id=2844208&use=l&cat=p&typeid=i","cat":284907},{"id":231719,"n":"Lessive capsules Super Croix X-tra Bora Bora x28  - 336g","p":7.99,"u":"23,78 €/KG","img":"https://fd9-photos.leclercdrive.fr/image.ashx?id=2876284&use=l&cat=p&typeid=i","cat":284641},{"id":232022,"n":"Lessive capsules Super Croix  X-tra Japon x28 - 336g","p":8.65,"u":"25,74 €/KG","img":"https://fd9-photos.leclercdrive.fr/image.ashx?id=2876278&use=l&cat=p&typeid=i","cat":284641},{"id":232130,"n":"Lessive liquide Super Croix  X-tra Bora Bora x63 - 2.835L","p":11.4,"u":"4,02 €/L","img":"https://fd9-photos.leclercdrive.fr/image.ashx?id=2876269&use=l&cat=p&typeid=i","cat":284640},{"id":232186,"n":"Liquide vaisselle Mir  Dégraissant orange - 450ml","p":1.66,"u":"3,69 €/L","img":"https://fd9-photos.leclercdrive.fr/image.ashx?id=2874907&use=l&cat=p&typeid=i","cat":284655},{"id":232195,"n":"Liquide vaisselle Mir  Peau sensible aloe vera - 450ml","p":1.46,"u":"3,24 €/L","img":"https://fd9-photos.leclercdrive.fr/image.ashx?id=2874904&use=l&cat=p&typeid=i","cat":284655},{"id":232302,"n":"Dentifrice Signal Professionnel Soin complet - 75ml","p":3.99,"u":"53,20 €/L","img":"https://fd9-photos.leclercdrive.fr/image.ashx?id=2903878&use=l&cat=p&typeid=i","cat":284612},{"id":232309,"n":"Bloc WC Fresh Disc Canard Citron vert - 1x36ml","p":3.05,"img":"https://fd9-photos.leclercdrive.fr/image.ashx?id=2745769&use=l&cat=p&typeid=i","cat":284662},{"id":232318,"n":"Tablette lave-vaisselle Sun Tout-en-1 - x86 - 1.419kg","p":14.78,"u":"10,42 €/KG","img":"https://fd9-photos.leclercdrive.fr/image.ashx?id=3000899&use=l&cat=p&typeid=i","cat":284656},{"id":232321,"n":"Lessive capsules Tout-en-1 Skip Soin complet - x24 - 506.4g","p":11.75,"u":"23,22 €/KG","img":"https://fd9-photos.leclercdrive.fr/image.ashx?id=2773931&use=l&cat=p&typeid=i","cat":284641},{"id":232341,"n":"Bloc WC Canard Fresh Disc Fraîcheur marine - 36ml","p":2.64,"img":"https://fd9-photos.leclercdrive.fr/image.ashx?id=2747691&use=l&cat=p&typeid=i","cat":284662},{"id":232347,"n":"Perles de linge Soupline Coco - 230g","p":5.97,"u":"25,96 €/KG","img":"https://fd9-photos.leclercdrive.fr/image.ashx?id=2945829&use=l&cat=p&typeid=i","cat":325302},{"id":232353,"n":"Désodorisant diffuseur Airwick  huile essentielle Vanille -20ml","p":7.09,"img":"https://fd9-photos.leclercdrive.fr/image.ashx?id=2963481&use=l&cat=p&typeid=i","cat":311629},{"id":232356,"n":"Gel douche Sanex Zéro Family - Pompe - 700ml","p":5.65,"u":"8,07 €/L","img":"https://fd9-photos.leclercdrive.fr/image.ashx?id=2745859&use=l&cat=p&typeid=i","cat":284594},{"id":232357,"n":"Recharge Gel douche Sanex Zéro - Peaux sensibles - 500ml","p":3.32,"u":"6,64 €/L","img":"https://fd9-photos.leclercdrive.fr/image.ashx?id=2745856&use=l&cat=p&typeid=i","cat":284594},{"id":232358,"n":"Gel lavant désinfectant Sanytol Purifiant - 500ml","p":5.34,"u":"10,68 €/L","img":"https://fd9-photos.leclercdrive.fr/image.ashx?id=2904664&use=l&cat=p&typeid=i","cat":284597},{"id":232518,"n":"Pâtes Barilla Stelline - 500g","p":1.28,"u":"2,56 €/KG","img":"https://fd9-photos.leclercdrive.fr/image.ashx?id=2748662&use=l&cat=p&typeid=i","cat":284427},{"id":232519,"n":"Pâtes Barilla Risoni - 500g","p":1.27,"u":"2,54 €/KG","img":"https://fd9-photos.leclercdrive.fr/image.ashx?id=2748665&use=l&cat=p&typeid=i","cat":284427},{"id":232520,"n":"Pâtes Barilla Ditalini Rigati - 500g","p":1.27,"u":"2,54 €/KG","img":"https://fd9-photos.leclercdrive.fr/image.ashx?id=2748668&use=l&cat=p&typeid=i","cat":284427},{"id":232773,"n":"Boisson lactée chocolatée  Nesquik Shake - 240ml","p":1.53,"u":"6,38 €/L","img":"https://fd9-photos.leclercdrive.fr/image.ashx?id=2749536&use=l&cat=p&typeid=i","cat":295246},{"id":232839,"n":"Gel déboucheur Destop  Turbo 5 min - 4 doses - 1L","p":7.17,"u":"7,17 €/L","img":"https://fd9-photos.leclercdrive.fr/image.ashx?id=2976032&use=l&cat=p&typeid=i","cat":284908},{"id":232840,"n":"Gel déboucheur Destop  Turbo 5 min - 2 doses - 500ml","p":4.19,"u":"8,38 €/L","img":"https://fd9-photos.leclercdrive.fr/image.ashx?id=2976029&use=l&cat=p&typeid=i","cat":284908},{"id":232858,"n":"L'Onctueux Rians Caramel beurre salé - 2x90g","p":2.31,"u":"12,83 €/KG","img":"https://fd9-photos.leclercdrive.fr/image.ashx?id=2750438&use=l&cat=p&typeid=i","cat":285041},{"id":232961,"n":"Gel douche Sanex Zéro% Sensitive Pompe - 700ml","p":5.67,"u":"8,10 €/L","img":"https://fd9-photos.leclercdrive.fr/image.ashx?id=2751384&use=l&cat=p&typeid=i","cat":284594},{"id":232979,"n":"Bougie Glade Aromatherapy  Orange & Néroli - x1","p":6.8,"img":"https://fd9-photos.leclercdrive.fr/image.ashx?id=2867725&use=l&cat=p&typeid=i","cat":284666},{"id":232982,"n":"Bougie Glade Vanille - 112g","p":3.91,"img":"https://fd9-photos.leclercdrive.fr/image.ashx?id=2751285&use=l&cat=p&typeid=i","cat":284666},{"id":232985,"n":"Bougie Glade Honey & Chocolate - x1","p":3.91,"img":"https://fd9-photos.leclercdrive.fr/image.ashx?id=2865437&use=l&cat=p&typeid=i","cat":284666},{"id":232986,"n":"Bougie Glade Anti-tabac - 112g","p":3.91,"img":"https://fd9-photos.leclercdrive.fr/image.ashx?id=2751276&use=l&cat=p&typeid=i","cat":284666},{"id":232989,"n":"Spray nettoyant Cillit Bang  Expert Dégraissant - 750ml","p":3.64,"img":"https://fd9-photos.leclercdrive.fr/image.ashx?id=2751222&use=l&cat=p&typeid=i","cat":325357},{"id":233137,"n":"Masque cheveux Fructis Réparateur - Papaye - 320ml","p":5.8,"u":"18,13 €/L","img":"https://fd9-photos.leclercdrive.fr/image.ashx?id=2754036&use=l&cat=p&typeid=i","cat":284608},{"id":233151,"n":"Masque cheveux fructis Nourrissant - Banana - 320ml","p":5.8,"u":"18,13 €/L","img":"https://fd9-photos.leclercdrive.fr/image.ashx?id=2754042&use=l&cat=p&typeid=i","cat":284608},{"id":233153,"n":"Masque cheveux Fructis Nutrition Beurre de cacao 320ml","p":5.8,"u":"18,13 €/L","img":"https://fd9-photos.leclercdrive.fr/image.ashx?id=2788763&use=l&cat=p&typeid=i","cat":284608},{"id":233154,"n":"Masque cheveux Fructis Hydratant - Aloe Vera - 320ml","p":5.8,"u":"18,13 €/L","img":"https://fd9-photos.leclercdrive.fr/image.ashx?id=2754048&use=l&cat=p&typeid=i","cat":284608},{"id":233179,"n":"Chips Tuiles Pringles HOT Mexican Chili & Lime - 160g","p":1.95,"u":"12,19 €/KG","img":"https://fd9-photos.leclercdrive.fr/image.ashx?id=2753244&use=l&cat=p&typeid=i","cat":284447},{"id":233182,"n":"Jambon persillé du Morvan 350g","p":6.39,"u":"18,26 €/KG","img":"https://fd9-photos.leclercdrive.fr/image.ashx?id=2795108&use=l&cat=p&typeid=i","cat":305149},{"id":233186,"n":"Terrine pur porc échalottes Morvan - 180g","p":3.24,"u":"18,00 €/KG","img":"https://fd9-photos.leclercdrive.fr/image.ashx?id=2811005&use=l&cat=p&typeid=i","cat":305149},{"id":233187,"n":"Véritable terrine pur porc Morvan - 180g","p":3.2,"u":"17,78 €/KG","img":"https://fd9-photos.leclercdrive.fr/image.ashx?id=2795102&use=l&cat=p&typeid=i","cat":305149},{"id":233204,"n":"Guimauves Chocours Copains copines 600g","p":5.19,"u":"8,65 €/KG","img":"https://fd9-photos.leclercdrive.fr/image.ashx?id=2934778&use=l&cat=p&typeid=i","cat":304250},{"id":233280,"n":"Nouilles Tables du Monde Boeuf - 3x65g","p":1.25,"u":"6,41 €/KG","img":"https://fd9-photos.leclercdrive.fr/image.ashx?id=2752545&use=l&cat=p&typeid=i","cat":288992},{"id":233376,"n":"Yaourt nature Activia 0% Bifidus - 12x125g","p":4.19,"u":"2,79 €/KG","img":"https://fd9-photos.leclercdrive.fr/image.ashx?id=2755264&use=l&cat=p&typeid=i","cat":284409},{"id":233443,"n":"Escalopes de dinde Eco+ x5 - 600g","p":5.98,"u":"9,97 €/KG","img":"https://fd9-photos.leclercdrive.fr/image.ashx?id=2759187&use=l&cat=p&typeid=i","cat":284337},{"id":233473,"n":"Bière blonde Leffe Prestige 124 8,5% - 75cl","p":3.71,"u":"4,95 €/L","img":"https://fd9-photos.leclercdrive.fr/image.ashx?id=2755816&use=l&cat=p&typeid=i","cat":334852},{"id":233545,"n":"Salade façon savoyarde Bonduelle 250g","p":2.62,"u":"10,48 €/KG","img":"https://fd9-photos.leclercdrive.fr/image.ashx?id=2893624&use=l&cat=p&typeid=i","cat":333657},{"id":233623,"n":"Baume corps Le Petit Marseillais - Monoï - 380ml","p":7.09,"u":"18,66 €/L","img":"https://fd9-photos.leclercdrive.fr/image.ashx?id=2908171&use=l&cat=p&typeid=i","cat":325350},{"id":233624,"n":"Baume corps Le Petit Marseillais - Coco - 380ml","p":6.19,"u":"16,29 €/L","img":"https://fd9-photos.leclercdrive.fr/image.ashx?id=2758105&use=l&cat=p&typeid=i","cat":325350},{"id":233625,"n":"Gommage corps Le Petit Marseillais - Coco - 150ml","p":5.1,"u":"34,00 €/L","img":"https://fd9-photos.leclercdrive.fr/image.ashx?id=2758108&use=l&cat=p&typeid=i","cat":325375},{"id":233627,"n":"Gel douche Le Petit Marseillais Verveine Bio & citron Bio 650ml","p":3.79,"u":"5,83 €/L","img":"https://fd9-photos.leclercdrive.fr/image.ashx?id=2758114&use=l&cat=p&typeid=i","cat":284594},{"id":233628,"n":"Gel douche Le Petit Marseillais Pin & Criste marine Bio 650ml","p":4.84,"u":"7,45 €/L","img":"https://fd9-photos.leclercdrive.fr/image.ashx?id=2758117&use=l&cat=p&typeid=i","cat":284594},{"id":233630,"n":"Shampooing Le Petit Marseillais Nutrition - 300ml","p":1.93,"u":"6,43 €/L","img":"https://fd9-photos.leclercdrive.fr/image.ashx?id=2758093&use=l&cat=p&typeid=i","cat":284606},{"id":233645,"n":"Café Soluble Starbucks Caramel Latte 5 sticks - 115g","p":2.95,"u":"25,65 €/KG","img":"https://fd9-photos.leclercdrive.fr/image.ashx?id=2766099&use=l&cat=p&typeid=i","cat":284843},{"id":233646,"n":"Café Soluble Starbucks White Mocha 5 sticks - 120g","p":3.06,"u":"25,50 €/KG","img":"https://fd9-photos.leclercdrive.fr/image.ashx?id=2758463&use=l&cat=p&typeid=i","cat":284843},{"id":233729,"n":"Lessive liquide Skip Cycle  Court Efficacité Express x54","p":13.89,"u":"6,43 €/L","img":"https://fd9-photos.leclercdrive.fr/image.ashx?id=2843553&use=l&cat=p&typeid=i","cat":284640},{"id":233730,"n":"Lessive liquide Skip Cycle Court Couleur Protect x54","p":13.89,"u":"6,43 €/L","img":"https://fd9-photos.leclercdrive.fr/image.ashx?id=2842168&use=l&cat=p&typeid=i","cat":284640},{"id":233731,"n":"Lessive liquide Skip Cycle  Court Odeur Control x54","p":13.89,"u":"6,43 €/L","img":"https://fd9-photos.leclercdrive.fr/image.ashx?id=2788253&use=l&cat=p&typeid=i","cat":284640},{"id":233770,"n":"Pavé d'Affinois Léger 175g","p":2.25,"u":"12,86 €/KG","img":"https://fd9-photos.leclercdrive.fr/image.ashx?id=3002063&use=l&cat=p&typeid=i","cat":314033},{"id":233771,"n":"Pavé d'Affinois Bleu 180g","p":2.77,"u":"15,39 €/KG","img":"https://fd9-photos.leclercdrive.fr/image.ashx?id=3002084&use=l&cat=p&typeid=i","cat":314032},{"id":233874,"n":"Boisson Alpro café avoine 750ml","p":1.89,"u":"2,52 €/L","img":"https://fd9-photos.leclercdrive.fr/image.ashx?id=2975416&use=l&cat=p&typeid=i","cat":313736},{"id":233875,"n":"Boisson Alpro café amande 750ml","p":1.9,"u":"2,53 €/L","img":"https://fd9-photos.leclercdrive.fr/image.ashx?id=2814181&use=l&cat=p&typeid=i","cat":313736},{"id":233886,"n":"Dosettes café Senseo Cappuccino x8","p":3.04,"u":"33,04 €/KG","img":"https://fd9-photos.leclercdrive.fr/image.ashx?id=2760187&use=l&cat=p&typeid=i","cat":293238},{"id":233947,"n":"Lessive capsules 3en1 Omo Rose & Lilas Blanc - 502g x29","p":6.47,"u":"12,89 €/KG","img":"https://fd9-photos.leclercdrive.fr/image.ashx?id=2841610&use=l&cat=p&typeid=i","cat":284641},{"id":233953,"n":"Lessive liquide Skip Cycle  Court Efficacité Express x37","p":10.28,"u":"6,95 €/L","img":"https://fd9-photos.leclercdrive.fr/image.ashx?id=2910240&use=l&cat=p&typeid=i","cat":284640},{"id":233955,"n":"Lessive liquide Skip Cycle Court Odeur Control x37","p":10.51,"u":"7,10 €/L","img":"https://fd9-photos.leclercdrive.fr/image.ashx?id=2927735&use=l&cat=p&typeid=i","cat":284640},{"id":233963,"n":"Lessive liquide Skip Cycle Court Couleur Protect x37","p":10.3,"u":"6,96 €/L","img":"https://fd9-photos.leclercdrive.fr/image.ashx?id=2910246&use=l&cat=p&typeid=i","cat":284640},{"id":234150,"n":"Crème de douche Cadum Douceur velours - 450ml","p":3.01,"u":"6,69 €/L","img":"https://fd9-photos.leclercdrive.fr/image.ashx?id=2802518&use=l&cat=p&typeid=i","cat":284594},{"id":234155,"n":"Déodorant bille femme Ushuaïa Grenade açores - 50ml","p":2.55,"u":"51,00 €/L","img":"https://fd9-photos.leclercdrive.fr/image.ashx?id=2789092&use=l&cat=p&typeid=i","cat":284595},{"id":234156,"n":"Déodorant bille Ushuaïa Vanille - 50ml","p":2.55,"u":"51,00 €/L","img":"https://fd9-photos.leclercdrive.fr/image.ashx?id=2769023&use=l&cat=p&typeid=i","cat":284595},{"id":234157,"n":"Déodorant spray Ushuaïa Grenade - 200ml","p":2.53,"u":"12,65 €/L","img":"https://fd9-photos.leclercdrive.fr/image.ashx?id=2769026&use=l&cat=p&typeid=i","cat":284595},{"id":234158,"n":"Déodorant spray Ushuaïa Orchidée - 200ml","p":2.53,"u":"12,65 €/L","img":"https://fd9-photos.leclercdrive.fr/image.ashx?id=2769029&use=l&cat=p&typeid=i","cat":284595},{"id":234159,"n":"Déodorant spray Ushuaïa Vanille - 200ml","p":2.53,"u":"12,65 €/L","img":"https://fd9-photos.leclercdrive.fr/image.ashx?id=2769032&use=l&cat=p&typeid=i","cat":284595},{"id":234163,"n":"Déodorant compressé Narta Resixyl Physio - 100ml","p":5.5,"u":"55,00 €/L","img":"https://fd9-photos.leclercdrive.fr/image.ashx?id=2778401&use=l&cat=p&typeid=i","cat":284595},{"id":234164,"n":"Déodorant compressé homme Narta Resixyl Physio - 100ml","p":5.95,"u":"59,50 €/L","img":"https://fd9-photos.leclercdrive.fr/image.ashx?id=2769041&use=l&cat=p&typeid=i","cat":284596},{"id":234166,"n":"Déodorant spray homme Narta Resixyl Physio - 200ml","p":4.95,"u":"24,75 €/L","img":"https://fd9-photos.leclercdrive.fr/image.ashx?id=2769044&use=l&cat=p&typeid=i","cat":284596},{"id":234293,"n":"Le Pur bœuf Charal 18%MG Façon bouchère 8x100g","p":12.2,"u":"15,25 €/KG","img":"https://fd9-photos.leclercdrive.fr/image.ashx?id=2763205&use=l&cat=p&typeid=i","cat":319778},{"id":234370,"n":"Cornichons Croq'Vert  Amora Extra-fins aux épices 210g","p":1.95,"u":"9,29 €/KG","img":"https://fd9-photos.leclercdrive.fr/image.ashx?id=2770671&use=l&cat=p&typeid=i","cat":284458},{"id":234372,"n":"Dessert brassé végétal Andros Fruits exotiques - 6x100g","p":3.05,"u":"5,08 €/KG","img":"https://fd9-photos.leclercdrive.fr/image.ashx?id=2855981&use=l&cat=p&typeid=i","cat":316071},{"id":234373,"n":"Dessert brassé végétal Andros Fruits du Verger - 6x100g","p":3.16,"u":"5,27 €/KG","img":"https://fd9-photos.leclercdrive.fr/image.ashx?id=2855984&use=l&cat=p&typeid=i","cat":316071},{"id":234375,"n":"Nouilles Tables du Monde Poulet - 3x65g","p":1.39,"u":"7,13 €/KG","img":"https://fd9-photos.leclercdrive.fr/image.ashx?id=2763045&use=l&cat=p&typeid=i","cat":288992},{"id":234378,"n":"Bâtonnets Magnum Wonder Chocolat blanc caramélisé 208g","p":2.92,"u":"14,04 €/KG","img":"https://fd9-photos.leclercdrive.fr/image.ashx?id=2764044&use=l&cat=p&typeid=i","cat":284265},{"id":234379,"n":"Bâtonnets Magnum Euphoria Pink limonade x3 - 208g","p":3.11,"u":"14,95 €/KG","img":"https://fd9-photos.leclercdrive.fr/image.ashx?id=2788121&use=l&cat=p&typeid=i","cat":284265},{"id":234380,"n":"Bâtonnets Magnum Chill Blueberry cookie x3 - 210g","p":3.22,"u":"15,33 €/KG","img":"https://fd9-photos.leclercdrive.fr/image.ashx?id=2764041&use=l&cat=p&typeid=i","cat":284265},{"id":234597,"n":"Glaces Twister Mini Tropical 8 bâtonnets - 348g","p":3.61,"u":"10,37 €/KG","img":"https://fd9-photos.leclercdrive.fr/image.ashx?id=3009317&use=l&cat=p&typeid=i","cat":285250},{"id":234601,"n":"Plateau de crevettes cocktail L'Atelier Poissonnerie - 130g","p":4.69,"u":"36,08 €/KG","img":"https://fd9-photos.leclercdrive.fr/image.ashx?id=2917903&use=l&cat=p&typeid=i","cat":284343},{"id":234606,"n":"Skyr Siggi's  Noisette - 2x140g","p":2.17,"u":"7,75 €/KG","img":"https://fd9-photos.leclercdrive.fr/image.ashx?id=3007963&use=l&cat=p&typeid=i","cat":315000},{"id":234772,"n":"Compote Charles & Alice Pomme rhubarbe 4x97g","p":1.78,"u":"4,59 €/KG","img":"https://fd9-photos.leclercdrive.fr/image.ashx?id=2936905&use=l&cat=p&typeid=i","cat":284416},{"id":234860,"n":"Fromage Mini Caprice Des Dieux Filet de 4 Portions - 200g","p":3.54,"u":"17,70 €/KG","img":"https://fd9-photos.leclercdrive.fr/image.ashx?id=2768933&use=l&cat=p&typeid=i","cat":314033},{"id":234869,"n":"Gâteau moelleux Chocalin Harrys Cacao et Chocolat X10 - 350G","p":3.4,"u":"9,71 €/KG","img":"https://fd9-photos.leclercdrive.fr/image.ashx?id=2962464&use=l&cat=p&typeid=i","cat":284495},{"id":234870,"n":"Gâteaux Choco Mousse Harrys Fourrés au chocolat  X8 - 280G","p":2.81,"u":"10,04 €/KG","img":"https://fd9-photos.leclercdrive.fr/image.ashx?id=2985069&use=l&cat=p&typeid=i","cat":284495},{"id":234876,"n":"Purée de tomates Heinz - 520g","p":1.22,"u":"2,35 €/KG","img":"https://fd9-photos.leclercdrive.fr/image.ashx?id=2926999&use=l&cat=p&typeid=i","cat":288384},{"id":234904,"n":"Risotto aux champignons Florette 2x175g","p":2.99,"u":"8,54 €/KG","img":"https://fd9-photos.leclercdrive.fr/image.ashx?id=2768993&use=l&cat=p&typeid=i","cat":333665},{"id":235029,"n":"Feuille de chêne rouge Florette - 150g","p":1.89,"u":"12,60 €/KG","img":"https://fd9-photos.leclercdrive.fr/image.ashx?id=2786501&use=l&cat=p&typeid=i","cat":284353},{"id":235051,"n":"Repas bébé Blédichef 12 mois  Risotto épinards Kiri - 230g","p":2.44,"u":"10,61 €/KG","img":"https://fd9-photos.leclercdrive.fr/image.ashx?id=2852375&use=l&cat=p&typeid=i","cat":312237},{"id":235065,"n":"Repas bébé Blédichef 15 mois  Pâtes poireaux et kiri -250g","p":2.04,"u":"8,16 €/KG","img":"https://fd9-photos.leclercdrive.fr/image.ashx?id=2928420&use=l&cat=p&typeid=i","cat":312238},{"id":235066,"n":"Repas bébé Blédichef 12 mois Potirons et panais -2x230g","p":3.79,"u":"8,24 €/KG","img":"https://fd9-photos.leclercdrive.fr/image.ashx?id=2935780&use=l&cat=p&typeid=i","cat":312237},{"id":235068,"n":"Repas bébé Blédichef 15 mois Lasagne bolognaise -230g","p":2.84,"u":"12,35 €/KG","img":"https://fd9-photos.leclercdrive.fr/image.ashx?id=2975098&use=l&cat=p&typeid=i","cat":312238},{"id":235069,"n":"Repas bébé Blédichef 15 mois Lasagnes légumes -230g","p":2.81,"u":"12,22 €/KG","img":"https://fd9-photos.leclercdrive.fr/image.ashx?id=2865632&use=l&cat=p&typeid=i","cat":312238},{"id":235070,"n":"Repas bébé Blédichef 15 mois Lasagne épinards merlu -230g","p":3.28,"u":"14,26 €/KG","img":"https://fd9-photos.leclercdrive.fr/image.ashx?id=2865635&use=l&cat=p&typeid=i","cat":312238},{"id":235071,"n":"Aubergines compotées & blé  Cassegrain - 375g","p":3.35,"u":"8,93 €/KG","img":"https://fd9-photos.leclercdrive.fr/image.ashx?id=2970840&use=l&cat=p&typeid=i","cat":312612},{"id":235072,"n":"Légumes du soleil et épautre  Cassegrain - 375g","p":3.58,"u":"9,55 €/KG","img":"https://fd9-photos.leclercdrive.fr/image.ashx?id=2953456&use=l&cat=p&typeid=i","cat":312612},{"id":235078,"n":"Repas bébé Blédichef 15 mois Carottes lentilles corail -200g","p":2.44,"u":"12,20 €/KG","img":"https://fd9-photos.leclercdrive.fr/image.ashx?id=2866304&use=l&cat=p&typeid=i","cat":312238},{"id":235079,"n":"Lait infantile Hipp Biologique Bio Dès 6 mois Combiotic  800g","p":17.75,"u":"22,19 €/KG","img":"https://fd9-photos.leclercdrive.fr/image.ashx?id=2926828&use=l&cat=p&typeid=i","cat":284727},{"id":235080,"n":"Plat cuisiné William Saurin  Blanquette volaille - 320g","p":3.8,"u":"11,88 €/KG","img":"https://fd9-photos.leclercdrive.fr/image.ashx?id=2966017&use=l&cat=p&typeid=i","cat":284953},{"id":235081,"n":"Plat cuisiné William Saurin Trio gourmand boeuf - 320g","p":3.84,"u":"12,00 €/KG","img":"https://fd9-photos.leclercdrive.fr/image.ashx?id=2986386&use=l&cat=p&typeid=i","cat":284953},{"id":235083,"n":"Plat cuisiné William Saurin Trio gourmand poulet pesto 320g","p":3.86,"u":"12,06 €/KG","img":"https://fd9-photos.leclercdrive.fr/image.ashx?id=2986383&use=l&cat=p&typeid=i","cat":284953},{"id":235084,"n":"Plat cuisiné William Saurin Trio gourmand 320g","p":3.82,"u":"11,94 €/KG","img":"https://fd9-photos.leclercdrive.fr/image.ashx?id=2986380&use=l&cat=p&typeid=i","cat":284953},{"id":235132,"n":"Meule de Savoie Nos Régions ont du Talent 200g","p":2.99,"u":"14,95 €/KG","img":"https://fd9-photos.leclercdrive.fr/image.ashx?id=2775706&use=l&cat=p&typeid=i","cat":329184},{"id":235240,"n":"Pâte à tartiner Andros Be Nut's Beurre cacahuète crémeux - 525g","p":4.99,"u":"9,50 €/KG","img":"https://fd9-photos.leclercdrive.fr/image.ashx?id=2985357&use=l&cat=p&typeid=i","cat":284481},{"id":235243,"n":"Pate à tartiner Bonne Maman Cacahuète et cacao - 350g","p":3.54,"u":"10,11 €/KG","img":"https://fd9-photos.leclercdrive.fr/image.ashx?id=2986663&use=l&cat=p&typeid=i","cat":284481},{"id":235247,"n":"M&M's Peanut x5 180g","p":1.97,"u":"10,94 €/KG","img":"https://fd9-photos.leclercdrive.fr/image.ashx?id=3009011&use=l&cat=p&typeid=i","cat":304238},{"id":235260,"n":"Pâte Lotus Biscoff Speculoos Creamy - 410g","p":3.74,"u":"9,12 €/KG","img":"https://fd9-photos.leclercdrive.fr/image.ashx?id=2776208&use=l&cat=p&typeid=i","cat":284481},{"id":235325,"n":"Riz au lait La Laitière Chocolat - 4x115g","p":1.79,"u":"3,89 €/KG","img":"https://fd9-photos.leclercdrive.fr/image.ashx?id=2780728&use=l&cat=p&typeid=i","cat":284418},{"id":235349,"n":"Sucre glace Daddy 500g","p":1.75,"u":"3,50 €/KG","img":"https://fd9-photos.leclercdrive.fr/image.ashx?id=2975864&use=l&cat=p&typeid=i","cat":284502},{"id":235364,"n":"Friandises chat Whiskas  Poulet et fromage - 60g","p":1.13,"u":"18,83 €/KG","img":"https://fd9-photos.leclercdrive.fr/image.ashx?id=2976851&use=l&cat=p&typeid=i","cat":285285},{"id":235405,"n":"Friandises chat temptations Whiskas saveur saumon - 60g","p":1.11,"u":"18,50 €/KG","img":"https://fd9-photos.leclercdrive.fr/image.ashx?id=2976854&use=l&cat=p&typeid=i","cat":285285},{"id":235414,"n":"Lait en poudre Modilac Actigest LF+1 Bébé 0-6 mois - 800g","p":21.49,"u":"26,86 €/KG","img":"https://fd9-photos.leclercdrive.fr/image.ashx?id=2981184&use=l&cat=p&typeid=i","cat":284726},{"id":235459,"n":"Goûter moelleux Tendrissime Cacao Noisette x8 - 264g","p":3.32,"u":"12,58 €/KG","img":"https://fd9-photos.leclercdrive.fr/image.ashx?id=2962461&use=l&cat=p&typeid=i","cat":284495},{"id":235624,"n":"Fromage blanc Gervita  Vanille - 4x100g","p":2.33,"u":"5,83 €/KG","img":"https://fd9-photos.leclercdrive.fr/image.ashx?id=2780106&use=l&cat=p&typeid=i","cat":284409},{"id":235655,"n":"Cassonade Saint Louis Equitable - 650g","p":2.45,"u":"3,77 €/KG","img":"https://fd9-photos.leclercdrive.fr/image.ashx?id=2780214&use=l&cat=p&typeid=i","cat":284502},{"id":235671,"n":"Fromage chaud Le Braison 240g","p":5.76,"u":"24,00 €/KG","img":"https://fd9-photos.leclercdrive.fr/image.ashx?id=2970771&use=l&cat=p&typeid=i","cat":314037},{"id":235685,"n":"Lait bébé en poudre Calisma Gallia Croissance 12 mois 830g","p":10.54,"u":"12,70 €/KG","img":"https://fd9-photos.leclercdrive.fr/image.ashx?id=2794274&use=l&cat=p&typeid=i","cat":290219},{"id":235786,"n":"Tablette lave-vaisselle Visior Tout-en-un - x45 - 765g","p":5.27,"u":"6,89 €/KG","img":"https://fd9-photos.leclercdrive.fr/image.ashx?id=2954902&use=l&cat=p&typeid=i","cat":284656},{"id":235793,"n":"Dentifrice Junior Signal Menthe douce - 6-13 ans 75ml","p":2.89,"u":"38,53 €/L","img":"https://fd9-photos.leclercdrive.fr/image.ashx?id=2993502&use=l&cat=p&typeid=i","cat":288898},{"id":235838,"n":"Lessive capsules Skip Tout en 1 Odeur Control+ - 759.6g x36","p":13.59,"u":"17,88 €/KG","img":"https://fd9-photos.leclercdrive.fr/image.ashx?id=3000893&use=l&cat=p&typeid=i","cat":284641},{"id":235841,"n":"Lessive capsules Tout-en-1 Skip Skip - 506.4g x24","p":9.99,"u":"19,74 €/KG","img":"https://fd9-photos.leclercdrive.fr/image.ashx?id=2781756&use=l&cat=p&typeid=i","cat":284641},{"id":235870,"n":"Chocolat Côte d'Or selection 187g","p":6.75,"u":"36,10 €/KG","img":"https://fd9-photos.leclercdrive.fr/image.ashx?id=2916453&use=l&cat=p&typeid=i","cat":327595},{"id":235914,"n":"Aubergines Cuisinées Cassegrain A la Provençale 3x375g","p":8.69,"u":"7,72 €/KG","img":"https://fd9-photos.leclercdrive.fr/image.ashx?id=2926305&use=l&cat=p&typeid=i","cat":312612},{"id":235926,"n":"Fromage pour raclette Pochat & Fils - des ours - 250g","p":5.75,"u":"23,00 €/KG","img":"https://fd9-photos.leclercdrive.fr/image.ashx?id=2781456&use=l&cat=p&typeid=i","cat":314037},{"id":235927,"n":"Fromage pour raclette Pochat & Fils - Au chèvre - 250g","p":5.48,"u":"21,92 €/KG","img":"https://fd9-photos.leclercdrive.fr/image.ashx?id=2781459&use=l&cat=p&typeid=i","cat":314037},{"id":236050,"n":"Lait bébé en poudre Calisma Gallia Junior Dès 18 mois 830g","p":10.56,"u":"12,72 €/KG","img":"https://fd9-photos.leclercdrive.fr/image.ashx?id=2907860&use=l&cat=p&typeid=i","cat":290219},{"id":236083,"n":"Boisson Monster Energy zero Ultra rosa - 50cl","p":1.6,"u":"3,20 €/L","img":"https://fd9-photos.leclercdrive.fr/image.ashx?id=2784465&use=l&cat=p&typeid=i","cat":284533},{"id":236096,"n":"Fromage Fouetté Saint Agur  130g","p":2.58,"u":"19,85 €/KG","img":"https://fd9-photos.leclercdrive.fr/image.ashx?id=2784818&use=l&cat=p&typeid=i","cat":314029},{"id":236119,"n":"Rôti farci saumon et St-Jacques Rolmer - 450g","p":8.9,"u":"19,78 €/KG","img":"https://fd9-photos.leclercdrive.fr/image.ashx?id=3011431&use=l&cat=p&typeid=i","cat":285094},{"id":236263,"n":"Clémentines Panier du Primeur 1.5kg","p":2.99,"u":"1,99 €/KG","img":"https://fd9-photos.leclercdrive.fr/image.ashx?id=2784606&use=l&cat=p&typeid=i","cat":284356},{"id":236266,"n":"Boisson Monster Energy zero Ultra peachy keen - 50cl","p":1.59,"u":"3,18 €/L","img":"https://fd9-photos.leclercdrive.fr/image.ashx?id=2789116&use=l&cat=p&typeid=i","cat":284533},{"id":236809,"n":"Pavé de saumon Eco+ 2x110g","p":4.99,"u":"22,68 €/KG","img":"https://fd9-photos.leclercdrive.fr/image.ashx?id=2796330&use=l&cat=p&typeid=i","cat":284342},{"id":236810,"n":"Pavé de saumon Eco+ 4x110g","p":8.99,"u":"20,43 €/KG","img":"https://fd9-photos.leclercdrive.fr/image.ashx?id=2796333&use=l&cat=p&typeid=i","cat":284342},{"id":237038,"n":"Bouchées Raffaello x12 -120g","p":5.69,"u":"47,42 €/KG","img":"https://fd9-photos.leclercdrive.fr/image.ashx?id=2945011&use=l&cat=p&typeid=i","cat":284499},{"id":237039,"n":"Bouchées Mon Chéri Liqueur cerise x12 - 126g","p":5.69,"u":"45,16 €/KG","img":"https://fd9-photos.leclercdrive.fr/image.ashx?id=2945014&use=l&cat=p&typeid=i","cat":284499},{"id":237040,"n":"Boîte Grand assortiment Ferrero Chocolat - x20 - 197g","p":10.07,"u":"51,12 €/KG","img":"https://fd9-photos.leclercdrive.fr/image.ashx?id=2909251&use=l&cat=p&typeid=i","cat":327595},{"id":237056,"n":"Chocolat Ferrero Collection Grand assortiment x42 - 441g","p":16.99,"u":"38,53 €/KG","img":"https://fd9-photos.leclercdrive.fr/image.ashx?id=2940540&use=l&cat=p&typeid=i","cat":327595},{"id":237132,"n":"L'escargot chocolat Lanvin Trio Lait Blanc Noir - 362g","p":13.49,"u":"37,27 €/KG","img":"https://fd9-photos.leclercdrive.fr/image.ashx?id=2966146&use=l&cat=p&typeid=i","cat":327595},{"id":237843,"n":"Paupiettes de porc Bigard Chèvre cendré Miel - 375g","p":5.76,"u":"15,36 €/KG","img":"https://fd9-photos.leclercdrive.fr/image.ashx?id=2796803&use=l&cat=p&typeid=i","cat":284331},{"id":237940,"n":"Pâtes Barilla Fusilloni  Al Bronzo - 500g","p":1.97,"u":"3,94 €/KG","img":"https://fd9-photos.leclercdrive.fr/image.ashx?id=2797906&use=l&cat=p&typeid=i","cat":284427},{"id":237947,"n":"Pâtes Barilla Mezzi Rigatoni Al Bronzo - 500g","p":1.99,"u":"3,98 €/KG","img":"https://fd9-photos.leclercdrive.fr/image.ashx?id=2798680&use=l&cat=p&typeid=i","cat":284427},{"id":237948,"n":"Pâtes Barilla Fusilli  Al Bronzo - 500g","p":1.99,"u":"3,98 €/KG","img":"https://fd9-photos.leclercdrive.fr/image.ashx?id=2798689&use=l&cat=p&typeid=i","cat":284427},{"id":237949,"n":"Pâtes Barilla Penne Rigate Al Bronzo - 500g","p":1.98,"u":"3,96 €/KG","img":"https://fd9-photos.leclercdrive.fr/image.ashx?id=2798677&use=l&cat=p&typeid=i","cat":284427},{"id":237950,"n":"Pâtes Barilla Linguine  Al Bronzo - 500g","p":1.98,"u":"3,96 €/KG","img":"https://fd9-photos.leclercdrive.fr/image.ashx?id=2798683&use=l&cat=p&typeid=i","cat":284427},{"id":238049,"n":"Glace en pot Ben & Jerry's Spectacu-love - 392g","p":4.43,"u":"11,30 €/KG","img":"https://fd9-photos.leclercdrive.fr/image.ashx?id=2910937&use=l&cat=p&typeid=i","cat":284725},{"id":238056,"n":"Pâtes Barilla Spaghettoni  Al Bronzo - 500g","p":1.98,"u":"3,96 €/KG","img":"https://fd9-photos.leclercdrive.fr/image.ashx?id=2798686&use=l&cat=p&typeid=i","cat":284427},{"id":238073,"n":"Soda Coca-Cola Sans Sucres Bouteille - Pack 6x50CL","p":5.6,"u":"1,87 €/L","img":"https://fd9-photos.leclercdrive.fr/image.ashx?id=2860532&use=l&cat=p&typeid=i","cat":284530},{"id":238162,"n":"Jambon de Bayonne Labeyrie Affiné 12 mois 6 tranches -120g","p":4.23,"u":"35,25 €/KG","img":"https://fd9-photos.leclercdrive.fr/image.ashx?id=2829715&use=l&cat=p&typeid=i","cat":316007},{"id":238313,"n":"Nouilles Tables du Monde Curry - 3x65g","p":1.39,"u":"7,13 €/KG","img":"https://fd9-photos.leclercdrive.fr/image.ashx?id=2799850&use=l&cat=p&typeid=i","cat":288992},{"id":238370,"n":"Truite fumée des Pyrénées  4 tranches 120g","p":5.47,"u":"45,58 €/KG","img":"https://fd9-photos.leclercdrive.fr/image.ashx?id=2990679&use=l&cat=p&typeid=i","cat":285188},{"id":238530,"n":"Ravioli Lustucru Selection  4 fromages - 310g","p":1.95,"u":"6,29 €/KG","img":"https://fd9-photos.leclercdrive.fr/image.ashx?id=2962524&use=l&cat=p&typeid=i","cat":333682},{"id":238567,"n":"Masque cheveux Fructis Garnier Longueur & glow Ananas - 320ml","p":6.37,"u":"19,91 €/L","img":"https://fd9-photos.leclercdrive.fr/image.ashx?id=2802129&use=l&cat=p&typeid=i","cat":284608},{"id":238755,"n":"Crème légère fluide UHT 25% Président - 50cl","p":2.72,"u":"5,44 €/L","img":"https://fd9-photos.leclercdrive.fr/image.ashx?id=2996584&use=l&cat=p&typeid=i","cat":284381},{"id":238758,"n":"Crème légère fluide UHT 12% Bridélice - 50cl","p":1.88,"u":"3,76 €/L","img":"https://fd9-photos.leclercdrive.fr/image.ashx?id=2994470&use=l&cat=p&typeid=i","cat":284381},{"id":238790,"n":"Mini croustis Bonduelle Indian curry 240g","p":2.96,"u":"12,33 €/KG","img":"https://fd9-photos.leclercdrive.fr/image.ashx?id=2974578&use=l&cat=p&typeid=i","cat":284254},{"id":238796,"n":"Menus Gourmands Viande en  gelée Tous mes Amis - 48x100g","p":13.95,"u":"2,91 €/KG","img":"https://fd9-photos.leclercdrive.fr/image.ashx?id=2820007&use=l&cat=p&typeid=i","cat":285286},{"id":238872,"n":"Quinoa facile Lustucru 300g","p":1.67,"u":"5,57 €/KG","img":"https://fd9-photos.leclercdrive.fr/image.ashx?id=2804565&use=l&cat=p&typeid=i","cat":284429},{"id":238910,"n":"Yaourt protéiné Skyr Yoplait Lit au caramel 0%mg - 4x120g","p":3.28,"u":"6,83 €/KG","img":"https://fd9-photos.leclercdrive.fr/image.ashx?id=2973751&use=l&cat=p&typeid=i","cat":315000},{"id":239059,"n":"Foie gras canard Labeyrie Entier - 190g","p":30.14,"u":"158,63 €/KG","img":"https://fd9-photos.leclercdrive.fr/image.ashx?id=2805147&use=l&cat=p&typeid=i","cat":316008},{"id":239061,"n":"Foie gras canard Labeyrie Poivre de Sichuan - 200g","p":18.37,"u":"91,85 €/KG","img":"https://fd9-photos.leclercdrive.fr/image.ashx?id=2805141&use=l&cat=p&typeid=i","cat":316008},{"id":239076,"n":"Foie gras de canard Larnaudie Entier - 160g","p":29.24,"u":"182,75 €/KG","img":"https://fd9-photos.leclercdrive.fr/image.ashx?id=2918637&use=l&cat=p&typeid=i","cat":316008},{"id":239101,"n":"Riz Thaï Taureau Ailé 1kg","p":2.98,"u":"2,98 €/KG","img":"https://fd9-photos.leclercdrive.fr/image.ashx?id=2805558&use=l&cat=p&typeid=i","cat":284428},{"id":239209,"n":"Eponge Spontex Gratt & Flex - x2","p":1.78,"u":"0,89 €/PRT","img":"https://fd9-photos.leclercdrive.fr/image.ashx?id=2805399&use=l&cat=p&typeid=i","cat":284667},{"id":239217,"n":"Lingettes Décolor Stop  Anti-décoloration x40","p":5.11,"u":"0,13 €/P","img":"https://fd9-photos.leclercdrive.fr/image.ashx?id=2976785&use=l&cat=p&typeid=i","cat":290450},{"id":239226,"n":"Adoucissant recharge Soupline à diluer Grand Air - 600ml","p":2.2,"u":"3,67 €/L","img":"https://fd9-photos.leclercdrive.fr/image.ashx?id=2957314&use=l&cat=p&typeid=i","cat":284650},{"id":239228,"n":"Adoucissant recharge Soupline à diluer Moment Magique-600ml","p":3.01,"u":"5,02 €/L","img":"https://fd9-photos.leclercdrive.fr/image.ashx?id=2863027&use=l&cat=p&typeid=i","cat":284650},{"id":239232,"n":"Dentifrice Colgate Active Blancheur - 75ml","p":2.92,"u":"38,93 €/L","img":"https://fd9-photos.leclercdrive.fr/image.ashx?id=2814623&use=l&cat=p&typeid=i","cat":284612},{"id":239233,"n":"Dentifrice Colgate Soin complet - 75ml","p":2.23,"u":"29,73 €/L","img":"https://fd9-photos.leclercdrive.fr/image.ashx?id=2836196&use=l&cat=p&typeid=i","cat":284612},{"id":239234,"n":"Dentifrice Colgate Total Résistance de l'émail 75ml","p":2.97,"u":"39,60 €/L","img":"https://fd9-photos.leclercdrive.fr/image.ashx?id=2832578&use=l&cat=p&typeid=i","cat":284612},{"id":239371,"n":"Capsules café L'Or Espresso Supremo N°10 x50","p":14.6,"u":"56,15 €/KG","img":"https://fd9-photos.leclercdrive.fr/image.ashx?id=3000480&use=l&cat=p&typeid=i","cat":284749},{"id":239478,"n":"Burger Géant Jacquet Nature x4 - 330g","p":1.09,"u":"3,30 €/KG","img":"https://fd9-photos.leclercdrive.fr/image.ashx?id=3010981&use=l&cat=p&typeid=i","cat":325067},{"id":239508,"n":"Préparation maison Vahiné Muffins chocolat noisettes 330g","p":3.5,"u":"10,61 €/KG","img":"https://fd9-photos.leclercdrive.fr/image.ashx?id=2806964&use=l&cat=p&typeid=i","cat":284505},{"id":239509,"n":"Préparation maison Vahiné Gâteau 3en1 chocolat  280g","p":2.66,"u":"9,50 €/KG","img":"https://fd9-photos.leclercdrive.fr/image.ashx?id=2806961&use=l&cat=p&typeid=i","cat":284505},{"id":239883,"n":"Velouté Eco+ Poireaux pomme de terre","p":0.87,"u":"0,87 €/L","img":"https://fd9-photos.leclercdrive.fr/image.ashx?id=2808724&use=l&cat=p&typeid=i","cat":284462},{"id":239905,"n":"Nouilles Tables du Monde Legumes - 3x65g","p":1.39,"u":"7,13 €/KG","img":"https://fd9-photos.leclercdrive.fr/image.ashx?id=2808727&use=l&cat=p&typeid=i","cat":288992},{"id":240338,"n":"Laque Elnett Fixation normale  200ml","p":5.95,"u":"29,75 €/L","img":"https://fd9-photos.leclercdrive.fr/image.ashx?id=2814064&use=l&cat=p&typeid=i","cat":284609},{"id":240425,"n":"Soda à l'orange Orangina 1,5L","p":1.97,"u":"1,31 €/L","img":"https://fd9-photos.leclercdrive.fr/image.ashx?id=2946499&use=l&cat=p&typeid=i","cat":284532},{"id":240427,"n":"Soda à l'orange Orangina 12x33cl","p":7.4,"u":"1,87 €/L","img":"https://fd9-photos.leclercdrive.fr/image.ashx?id=2946505&use=l&cat=p&typeid=i","cat":284532},{"id":240428,"n":"Soda à l'orange Orangina 6x33cl","p":3.7,"u":"1,87 €/L","img":"https://fd9-photos.leclercdrive.fr/image.ashx?id=2946502&use=l&cat=p&typeid=i","cat":284532},{"id":240482,"n":"Riz basmati Lustucru 10min - 5x180g","p":3.16,"u":"3,51 €/KG","img":"https://fd9-photos.leclercdrive.fr/image.ashx?id=2814163&use=l&cat=p&typeid=i","cat":284428},{"id":240751,"n":"Spaghetti Barilla Quadrati Al bronzo - 500g","p":1.99,"u":"3,98 €/KG","img":"https://fd9-photos.leclercdrive.fr/image.ashx?id=2815145&use=l&cat=p&typeid=i","cat":284427},{"id":240848,"n":"Girolles sauvages entières L'Origine du Goût 300g","p":4.85,"u":"16,17 €/KG","img":"https://fd9-photos.leclercdrive.fr/image.ashx?id=2814713&use=l&cat=p&typeid=i","cat":319805},{"id":240852,"n":"Cèpes morceaux L'Origine du Goût 300g","p":4.05,"u":"13,50 €/KG","img":"https://fd9-photos.leclercdrive.fr/image.ashx?id=2814917&use=l&cat=p&typeid=i","cat":319805},{"id":240876,"n":"Yaourt à la Grecque Eco+ Nature - 4x125g","p":0.98,"u":"1,96 €/KG","img":"https://fd9-photos.leclercdrive.fr/image.ashx?id=2814854&use=l&cat=p&typeid=i","cat":284409},{"id":240919,"n":"Morilles sauvages entières L'Origine du Goût 150g","p":5.99,"u":"39,93 €/KG","img":"https://fd9-photos.leclercdrive.fr/image.ashx?id=2814968&use=l&cat=p&typeid=i","cat":319805},{"id":241099,"n":"Nouilles asiatiques Maggi Pad Thai - 128g","p":1.95,"u":"15,23 €/KG","img":"https://fd9-photos.leclercdrive.fr/image.ashx?id=2899776&use=l&cat=p&typeid=i","cat":288992},{"id":241210,"n":"Dentifrice Enfants Signal  Super Mario - Fruité - 75ml","p":2.15,"u":"28,67 €/L","img":"https://fd9-photos.leclercdrive.fr/image.ashx?id=2993173&use=l&cat=p&typeid=i","cat":288898},{"id":241489,"n":"Thon au naturel Petit Navire x3 - 112g","p":6.19,"u":"55,27 €/KG","img":"https://fd9-photos.leclercdrive.fr/image.ashx?id=2887491&use=l&cat=p&typeid=i","cat":303867},{"id":241497,"n":"Foie gras de canard Pierre de Chaumeyrac 150g","p":13.9,"u":"92,67 €/KG","img":"https://fd9-photos.leclercdrive.fr/image.ashx?id=2817226&use=l&cat=p&typeid=i","cat":316008},{"id":241499,"n":"Bloc foie gras de canard  Pierre de Chaumeyrac 2x40g","p":5.95,"u":"74,38 €/KG","img":"https://fd9-photos.leclercdrive.fr/image.ashx?id=2817235&use=l&cat=p&typeid=i","cat":316008},{"id":241500,"n":"Mousse foie gras de canard Eco+ 2x40g","p":3.35,"u":"41,88 €/KG","img":"https://fd9-photos.leclercdrive.fr/image.ashx?id=2817223&use=l&cat=p&typeid=i","cat":316008},{"id":241812,"n":"Gourde bébé Blédina - 10 mois Multifruits - 8x85g","p":7.97,"u":"11,72 €/KG","img":"https://fd9-photos.leclercdrive.fr/image.ashx?id=2826642&use=l&cat=p&typeid=i","cat":312393},{"id":242218,"n":"Lingettes Mixa bébé au lait x80","p":2.67,"u":"0,03 €/P","img":"https://fd9-photos.leclercdrive.fr/image.ashx?id=2828079&use=l&cat=p&typeid=i","cat":284738},{"id":242220,"n":"Lingettes Mixa bébé  eau minérale x48","p":3.23,"u":"0,07 €/P","img":"https://fd9-photos.leclercdrive.fr/image.ashx?id=2828082&use=l&cat=p&typeid=i","cat":284738},{"id":242222,"n":"Lingettes Mixa bébé  eau nettoyante x80","p":3.45,"u":"0,04 €/P","img":"https://fd9-photos.leclercdrive.fr/image.ashx?id=2828085&use=l&cat=p&typeid=i","cat":284738},{"id":242226,"n":"Déodorant Mixa Anti-transpirant 48h","p":2.69,"u":"53,80 €/L","img":"https://fd9-photos.leclercdrive.fr/image.ashx?id=2869116&use=l&cat=p&typeid=i","cat":284595},{"id":242258,"n":"Laque Elnett 300ml","p":8.16,"u":"27,20 €/L","img":"https://fd9-photos.leclercdrive.fr/image.ashx?id=2828019&use=l&cat=p&typeid=i","cat":284609},{"id":242259,"n":"Laque Elnett fixation forte 300ml","p":7.85,"u":"26,17 €/L","img":"https://fd9-photos.leclercdrive.fr/image.ashx?id=2828016&use=l&cat=p&typeid=i","cat":284609},{"id":242261,"n":"Laque Elnett Fixation normale 400ml","p":10.04,"u":"25,10 €/L","img":"https://fd9-photos.leclercdrive.fr/image.ashx?id=2828025&use=l&cat=p&typeid=i","cat":284609},{"id":242262,"n":"Laque Elnett Fixation forte 400ml","p":9.73,"u":"24,33 €/L","img":"https://fd9-photos.leclercdrive.fr/image.ashx?id=2828022&use=l&cat=p&typeid=i","cat":284609},{"id":242606,"n":"Foie gras Jean Larnaudie Entier du Sud Ouest - 200g","p":36.07,"u":"180,35 €/KG","img":"https://fd9-photos.leclercdrive.fr/image.ashx?id=2915844&use=l&cat=p&typeid=i","cat":316008},{"id":242706,"n":"Crème dessert Danette Praliné - 4x125g","p":1.64,"u":"3,28 €/KG","img":"https://fd9-photos.leclercdrive.fr/image.ashx?id=2918556&use=l&cat=p&typeid=i","cat":285041},{"id":242707,"n":"Crème dessert Danette Petit-beurre chocolat 4x125g","p":1.56,"u":"3,12 €/KG","img":"https://fd9-photos.leclercdrive.fr/image.ashx?id=2928414&use=l&cat=p&typeid=i","cat":285041},{"id":242710,"n":"Yaourt à boire Myrtille Hipro 300g","p":2.14,"u":"7,13 €/KG","img":"https://fd9-photos.leclercdrive.fr/image.ashx?id=2826573&use=l&cat=p&typeid=i","cat":284415},{"id":242719,"n":"Yaourt protéiné Hipro Fraise - 2x160g","p":2.24,"u":"7,00 €/KG","img":"https://fd9-photos.leclercdrive.fr/image.ashx?id=2945418&use=l&cat=p&typeid=i","cat":315000},{"id":242899,"n":"Soda à l'orange Orangina 4x1.5L","p":8.58,"u":"1,43 €/L","img":"https://fd9-photos.leclercdrive.fr/image.ashx?id=2825598&use=l&cat=p&typeid=i","cat":284532},{"id":243706,"n":"Boisson energisante X-tense  Tropical - 50cl","p":0.98,"u":"1,96 €/L","img":"https://fd9-photos.leclercdrive.fr/image.ashx?id=2956795&use=l&cat=p&typeid=i","cat":284533},{"id":243962,"n":"Lingettes Decolor Stop Protection couleurs - x22","p":4.02,"img":"https://fd9-photos.leclercdrive.fr/image.ashx?id=2890127&use=l&cat=p&typeid=i","cat":290450},{"id":243995,"n":"Croutons saveur ail Pasquier 80g","p":0.98,"u":"12,25 €/KG","img":"https://fd9-photos.leclercdrive.fr/image.ashx?id=2834458&use=l&cat=p&typeid=i","cat":284464},{"id":243996,"n":"Croutons nature Pasquier 80g","p":0.98,"u":"12,25 €/KG","img":"https://fd9-photos.leclercdrive.fr/image.ashx?id=2834461&use=l&cat=p&typeid=i","cat":284464},{"id":244218,"n":"Croquettes Friskies chat adulte Thon Légumes - 3kg","p":8.65,"u":"2,88 €/KG","img":"https://fd9-photos.leclercdrive.fr/image.ashx?id=2835148&use=l&cat=p&typeid=i","cat":284680},{"id":244229,"n":"Croquettes Friskies chat adulte Lapin Poulet Légumes - 1.5kg","p":4.6,"u":"3,07 €/KG","img":"https://fd9-photos.leclercdrive.fr/image.ashx?id=2835160&use=l&cat=p&typeid=i","cat":284680},{"id":244230,"n":"Croquettes Friskies chat adulte Poulet Légumes - 3kg","p":8.5,"u":"2,83 €/KG","img":"https://fd9-photos.leclercdrive.fr/image.ashx?id=2835151&use=l&cat=p&typeid=i","cat":284680},{"id":244234,"n":"Croquettes Friskies chat adulte Saumon Légumes - 1.5kg","p":4.6,"u":"3,07 €/KG","img":"https://fd9-photos.leclercdrive.fr/image.ashx?id=2860586&use=l&cat=p&typeid=i","cat":284680},{"id":244235,"n":"Croquettes Friskies chat adulte  Boeuf Poulet Légumes - 1.5kg","p":4.66,"u":"3,11 €/KG","img":"https://fd9-photos.leclercdrive.fr/image.ashx?id=2835154&use=l&cat=p&typeid=i","cat":284680},{"id":244661,"n":"Riz Basmati Lustucru Selection  10 min - 450g","p":2.2,"u":"4,89 €/KG","img":"https://fd9-photos.leclercdrive.fr/image.ashx?id=2836732&use=l&cat=p&typeid=i","cat":284428},{"id":245062,"n":"Compotée d'aubergines & blé Cassegrain - 2x375g","p":6.98,"u":"9,31 €/KG","img":"https://fd9-photos.leclercdrive.fr/image.ashx?id=2970843&use=l&cat=p&typeid=i","cat":312612},{"id":245075,"n":"Nouilles instantanées Maggi  sauce Teriyaki - 128g","p":1.95,"u":"15,23 €/KG","img":"https://fd9-photos.leclercdrive.fr/image.ashx?id=2837625&use=l&cat=p&typeid=i","cat":288992},{"id":245076,"n":"Nouilles instantanées Maggi sauce Teriyaki - 75g","p":1.95,"u":"26,00 €/KG","img":"https://fd9-photos.leclercdrive.fr/image.ashx?id=2842966&use=l&cat=p&typeid=i","cat":288992},{"id":245078,"n":"Nouilles instantanées Maggi sauce poulet sésame - 75g","p":1.96,"u":"26,13 €/KG","img":"https://fd9-photos.leclercdrive.fr/image.ashx?id=2842963&use=l&cat=p&typeid=i","cat":288992},{"id":245082,"n":"Nouilles instantanées Maggi sauce sweet chili - 75g","p":1.95,"u":"26,00 €/KG","img":"https://fd9-photos.leclercdrive.fr/image.ashx?id=2842960&use=l&cat=p&typeid=i","cat":288992},{"id":245085,"n":"Sauce aigre douce Maggi  pour poulet - 355g","p":3.65,"u":"10,28 €/KG","img":"https://fd9-photos.leclercdrive.fr/image.ashx?id=2947231&use=l&cat=p&typeid=i","cat":288992},{"id":245259,"n":"Lessive liquide Skip Couleur protect 2x37 - 2.96L","p":19.48,"u":"6,58 €/L","img":"https://fd9-photos.leclercdrive.fr/image.ashx?id=2838443&use=l&cat=p&typeid=i","cat":284640},{"id":245356,"n":"Cordon bleu de saumon sauvage Gimbert Ocean - 920g","p":16.45,"u":"17,88 €/KG","img":"https://fd9-photos.leclercdrive.fr/image.ashx?id=2979905&use=l&cat=p&typeid=i","cat":319788},{"id":245579,"n":"Sauce Pesto vert crémeux  Panzani - 190g","p":2.21,"u":"11,63 €/KG","img":"https://fd9-photos.leclercdrive.fr/image.ashx?id=2873838&use=l&cat=p&typeid=i","cat":299047},{"id":245580,"n":"Sauce Arrabbiata Panzani 400g","p":2.29,"u":"5,73 €/KG","img":"https://fd9-photos.leclercdrive.fr/image.ashx?id=2880694&use=l&cat=p&typeid=i","cat":299047},{"id":245582,"n":"Sauce Pesto Panzani poivrons ricotta - 190g","p":2.13,"u":"11,21 €/KG","img":"https://fd9-photos.leclercdrive.fr/image.ashx?id=2873835&use=l&cat=p&typeid=i","cat":299047},{"id":245606,"n":"Tablettes lave-vaisselle Sun 1,15kg - x70","p":13.49,"u":"0,12 €/KG","img":"https://fd9-photos.leclercdrive.fr/image.ashx?id=2840641&use=l&cat=p&typeid=i","cat":284657},{"id":245929,"n":"Tablette chocolat KitKat Caramel salé - 99g","p":2.35,"u":"23,74 €/KG","img":"https://fd9-photos.leclercdrive.fr/image.ashx?id=2990868&use=l&cat=p&typeid=i","cat":284497},{"id":245930,"n":"Tablette KitKat  Double chocolat - 99g","p":2.34,"u":"23,64 €/KG","img":"https://fd9-photos.leclercdrive.fr/image.ashx?id=2990865&use=l&cat=p&typeid=i","cat":284497},{"id":245931,"n":"Tablette chocolat KitKat  Noisette - 99g","p":2.34,"u":"23,64 €/KG","img":"https://fd9-photos.leclercdrive.fr/image.ashx?id=2871046&use=l&cat=p&typeid=i","cat":284497},{"id":245973,"n":"Tablettes lave-vaisselle Sun Tout en 1  citron x70 - 1.15kg","p":13.02,"u":"11,27 €/KG","img":"https://fd9-photos.leclercdrive.fr/image.ashx?id=2842171&use=l&cat=p&typeid=i","cat":284657},{"id":246201,"n":"Pâtes penné rigaté Eco+ 1kg","p":1.1,"u":"1,10 €/KG","img":"https://fd9-photos.leclercdrive.fr/image.ashx?id=2856736&use=l&cat=p&typeid=i","cat":284427},{"id":246210,"n":"Rillettes Bordeau Chesnel Pur Porc -25% de sel - 220g","p":2.63,"u":"11,95 €/KG","img":"https://fd9-photos.leclercdrive.fr/image.ashx?id=2843908&use=l&cat=p&typeid=i","cat":316008},{"id":246216,"n":"Coupelles Douceurs du Verger Pomme Fraise - 4x100g","p":1.23,"u":"3,08 €/KG","img":"https://fd9-photos.leclercdrive.fr/image.ashx?id=2878741&use=l&cat=p&typeid=i","cat":284508},{"id":246217,"n":"Gourdes Douceur du Verger Pommes Fraises abricot 4x90g","p":1.6,"u":"4,44 €/KG","img":"https://fd9-photos.leclercdrive.fr/image.ashx?id=2934781&use=l&cat=p&typeid=i","cat":284508},{"id":246261,"n":"Shampooing Elseve Hyaluronique - 400ml","p":6.09,"u":"15,23 €/L","img":"https://fd9-photos.leclercdrive.fr/image.ashx?id=2844181&use=l&cat=p&typeid=i","cat":284606},{"id":246272,"n":"Shampooing Elseve Hyaluronique Pure - 250ml","p":4.43,"u":"17,72 €/L","img":"https://fd9-photos.leclercdrive.fr/image.ashx?id=2981593&use=l&cat=p&typeid=i","cat":284606},{"id":246318,"n":"Tablette de chocolat Equador Blond caramel amandes - 100g","p":1.69,"u":"16,90 €/KG","img":"https://fd9-photos.leclercdrive.fr/image.ashx?id=2843824&use=l&cat=p&typeid=i","cat":284497},{"id":246331,"n":"Saumon Purina One Mini 85g","p":4.14,"u":"4,87 €/KG","img":"https://fd9-photos.leclercdrive.fr/image.ashx?id=2844484&use=l&cat=p&typeid=i","cat":294526},{"id":246638,"n":"Riz parfumé Taureau Ailé 1kg","p":2.88,"u":"2,88 €/KG","img":"https://fd9-photos.leclercdrive.fr/image.ashx?id=2846739&use=l&cat=p&typeid=i","cat":284428},{"id":246901,"n":"Gésiers de canard confit  Le Gaulois - 180g","p":2.71,"u":"15,06 €/KG","img":"https://fd9-photos.leclercdrive.fr/image.ashx?id=2921271&use=l&cat=p&typeid=i","cat":284715},{"id":247058,"n":"Les Mini Galettes Saint Michel Emmental - 100g","p":1.95,"u":"19,50 €/KG","img":"https://fd9-photos.leclercdrive.fr/image.ashx?id=2936278&use=l&cat=p&typeid=i","cat":297000},{"id":247059,"n":"Les minis galettes Saint Michel Comté - 100g","p":1.95,"u":"19,50 €/KG","img":"https://fd9-photos.leclercdrive.fr/image.ashx?id=2936281&use=l&cat=p&typeid=i","cat":297000},{"id":247060,"n":"Les Minis Galettes Saint Michel Tomates herbes de provence 100g","p":1.85,"u":"18,50 €/KG","img":"https://fd9-photos.leclercdrive.fr/image.ashx?id=2936284&use=l&cat=p&typeid=i","cat":297000},{"id":247061,"n":"Les minis pesto Saint Michel madeleines moelleuses  100g","p":1.95,"u":"19,50 €/KG","img":"https://fd9-photos.leclercdrive.fr/image.ashx?id=2936302&use=l&cat=p&typeid=i","cat":297000},{"id":247096,"n":"Pad Thai Jardin Bio bio 220g","p":2.6,"u":"11,82 €/KG","img":"https://fd9-photos.leclercdrive.fr/image.ashx?id=2849935&use=l&cat=p&typeid=i","cat":284953},{"id":247143,"n":"Mini madeleines Saint Michel Provencale - 100g","p":1.94,"u":"19,40 €/KG","img":"https://fd9-photos.leclercdrive.fr/image.ashx?id=2936305&use=l&cat=p&typeid=i","cat":297000},{"id":247261,"n":"Shampooing Elsève Colorvive - 300ml","p":3.95,"u":"13,17 €/L","img":"https://fd9-photos.leclercdrive.fr/image.ashx?id=2850614&use=l&cat=p&typeid=i","cat":284606},{"id":247262,"n":"Shampooing Elsève Hyaluronique - 250ml","p":4.18,"u":"16,72 €/L","img":"https://fd9-photos.leclercdrive.fr/image.ashx?id=2869095&use=l&cat=p&typeid=i","cat":284606},{"id":247263,"n":"Shampooing Elsève Total repair 5 - 300ml","p":4.18,"u":"13,93 €/L","img":"https://fd9-photos.leclercdrive.fr/image.ashx?id=2850617&use=l&cat=p&typeid=i","cat":284606},{"id":247264,"n":"Shampooing Elseve Huile extraordinaire - 250ml","p":4.18,"u":"16,72 €/L","img":"https://fd9-photos.leclercdrive.fr/image.ashx?id=2868690&use=l&cat=p&typeid=i","cat":284606},{"id":247265,"n":"Shampooing Elseve Dream long - 250ml","p":4.45,"u":"17,80 €/L","img":"https://fd9-photos.leclercdrive.fr/image.ashx?id=2850623&use=l&cat=p&typeid=i","cat":284606},{"id":247269,"n":"Shampooing Elseve Nutri gloss - 300ml","p":3.82,"u":"12,73 €/L","img":"https://fd9-photos.leclercdrive.fr/image.ashx?id=2869089&use=l&cat=p&typeid=i","cat":284606},{"id":247270,"n":"Shampooing Elseve Multi-vitaminé - 300ml","p":4.18,"u":"13,93 €/L","img":"https://fd9-photos.leclercdrive.fr/image.ashx?id=2850629&use=l&cat=p&typeid=i","cat":284606},{"id":247271,"n":"Après-shampooing Elseve Color vive - 250ml","p":3.95,"u":"15,80 €/L","img":"https://fd9-photos.leclercdrive.fr/image.ashx?id=2850632&use=l&cat=p&typeid=i","cat":284607},{"id":247273,"n":"Démélant Elseve Hyaluronique Booster hydratation 72h - 200ml","p":4.22,"u":"21,10 €/L","img":"https://fd9-photos.leclercdrive.fr/image.ashx?id=2869092&use=l&cat=p&typeid=i","cat":284607},{"id":247274,"n":"Après-Shampooing Elseve Dream Long - 200ml","p":4.18,"u":"20,90 €/L","img":"https://fd9-photos.leclercdrive.fr/image.ashx?id=2850638&use=l&cat=p&typeid=i","cat":284607},{"id":247275,"n":"Après-shampooing Elseve Nutri gloss - 250ml","p":3.95,"u":"15,80 €/L","img":"https://fd9-photos.leclercdrive.fr/image.ashx?id=2850641&use=l&cat=p&typeid=i","cat":284607},{"id":247865,"n":"Shampooing Elsève Color vive  500ml","p":5.53,"u":"11,06 €/L","img":"https://fd9-photos.leclercdrive.fr/image.ashx?id=2853964&use=l&cat=p&typeid=i","cat":284606},{"id":247866,"n":"Shampooing Elsève Full resist  250ml","p":3.69,"u":"14,76 €/L","img":"https://fd9-photos.leclercdrive.fr/image.ashx?id=2853967&use=l&cat=p&typeid=i","cat":284606},{"id":247867,"n":"Shampooing Elsève Huile  extraordinaire Coco - 250ml","p":4.09,"u":"16,36 €/L","img":"https://fd9-photos.leclercdrive.fr/image.ashx?id=2853970&use=l&cat=p&typeid=i","cat":284606},{"id":247869,"n":"Shampooing Elsève Huile  extraordinaire amla -250ml","p":3.69,"u":"14,76 €/L","img":"https://fd9-photos.leclercdrive.fr/image.ashx?id=2853973&use=l&cat=p&typeid=i","cat":284606},{"id":247871,"n":"Shampooing Elsève  Liss intense -300ml","p":3.95,"u":"13,17 €/L","img":"https://fd9-photos.leclercdrive.fr/image.ashx?id=2853976&use=l&cat=p&typeid=i","cat":284606},{"id":247874,"n":"Savon liquide Le Naturel  Extra pur de Marseille -500ml","p":2.67,"u":"5,34 €/L","img":"https://fd9-photos.leclercdrive.fr/image.ashx?id=2869119&use=l&cat=p&typeid=i","cat":284597},{"id":247878,"n":"Savon liquide Le Natural  Recharge Savon de Marseille -1l","p":4.73,"u":"4,73 €/L","img":"https://fd9-photos.leclercdrive.fr/image.ashx?id=2869122&use=l&cat=p&typeid=i","cat":284597},{"id":247882,"n":"Shampooing Elsève  Antipelliculaire - 300ml","p":3.84,"u":"12,80 €/L","img":"https://fd9-photos.leclercdrive.fr/image.ashx?id=2853982&use=l&cat=p&typeid=i","cat":284606},{"id":248345,"n":"Bandes de cire visage Veet Peaux sensibles - x16","p":4.8,"img":"https://fd9-photos.leclercdrive.fr/image.ashx?id=2901668&use=l&cat=p&typeid=i","cat":325351},{"id":248544,"n":"Ananas Extra Sweet 1p","p":1.99,"img":"https://fd9-photos.leclercdrive.fr/image.ashx?id=2856700&use=l&cat=p&typeid=i","cat":284356},{"id":248546,"n":"Feuille de chêne blonde 1p","p":1.19,"img":"https://fd9-photos.leclercdrive.fr/image.ashx?id=1633646&use=l&cat=p&typeid=i","cat":284352},{"id":248587,"n":"Chou-fleur blanc 1p","p":1.49,"img":"https://fd9-photos.leclercdrive.fr/image.ashx?id=1631991&use=l&cat=p&typeid=i","cat":284352},{"id":248597,"n":"Mangue 1p","p":1.29,"img":"https://fd9-photos.leclercdrive.fr/image.ashx?id=1636371&use=l&cat=p&typeid=i","cat":284356},{"id":249019,"n":"Lessive liquide Xéor Savon de Marseille - 2.2L","p":3.89,"u":"1,77 €/L","img":"https://fd9-photos.leclercdrive.fr/image.ashx?id=2901500&use=l&cat=p&typeid=i","cat":284640},{"id":249021,"n":"Lessive liquide Xéor Savon de Marseille - 1.2L","p":2.12,"u":"1,77 €/L","img":"https://fd9-photos.leclercdrive.fr/image.ashx?id=2901503&use=l&cat=p&typeid=i","cat":284640},{"id":249173,"n":"Riz basmati Taureau Ailé 1kg","p":3.63,"u":"3,63 €/KG","img":"https://fd9-photos.leclercdrive.fr/image.ashx?id=2860457&use=l&cat=p&typeid=i","cat":284428},{"id":249956,"n":"Perles de linge Soupline  Grand air - 460g","p":10.6,"img":"https://fd9-photos.leclercdrive.fr/image.ashx?id=2861833&use=l&cat=p&typeid=i","cat":284650},{"id":249957,"n":"Risotto aux champignons Knorr 175g","p":2.29,"u":"13,09 €/KG","img":"https://fd9-photos.leclercdrive.fr/image.ashx?id=2938349&use=l&cat=p&typeid=i","cat":284428},{"id":249958,"n":"Risotto classique Knorr 12min - 175g","p":2.3,"u":"13,14 €/KG","img":"https://fd9-photos.leclercdrive.fr/image.ashx?id=3011956&use=l&cat=p&typeid=i","cat":284428},{"id":249961,"n":"Risotto aux asperges Knorr 12min - 175g","p":2.18,"u":"12,46 €/KG","img":"https://fd9-photos.leclercdrive.fr/image.ashx?id=2964255&use=l&cat=p&typeid=i","cat":284428},{"id":249962,"n":"Risotto pointe de safran Knorr 12min - 175g","p":1.88,"u":"10,74 €/KG","img":"https://fd9-photos.leclercdrive.fr/image.ashx?id=2918116&use=l&cat=p&typeid=i","cat":284428},{"id":249993,"n":"Adoucissant Soupline Concentré Grand air - 880ml","p":3.99,"u":"4,53 €/L","img":"https://fd9-photos.leclercdrive.fr/image.ashx?id=2863920&use=l&cat=p&typeid=i","cat":284650},{"id":249994,"n":"Adoucissant Soupline  Hypoallergenique - 880ml","p":4.99,"u":"5,67 €/L","img":"https://fd9-photos.leclercdrive.fr/image.ashx?id=2863923&use=l&cat=p&typeid=i","cat":284650},{"id":250139,"n":"Miel de ronce Rucher du Morvan- 500g","p":11.38,"u":"22,76 €/KG","img":"https://fd9-photos.leclercdrive.fr/image.ashx?id=2864621&use=l&cat=p&typeid=i","cat":287643},{"id":250141,"n":"Pain d'épices Bio Ruchers du Morvan - 500g","p":9.39,"u":"18,78 €/KG","img":"https://fd9-photos.leclercdrive.fr/image.ashx?id=2870656&use=l&cat=p&typeid=i","cat":284493},{"id":250142,"n":"Pain d'épices Bio Ruchers du Morvan - 250g","p":6.01,"u":"24,04 €/KG","img":"https://fd9-photos.leclercdrive.fr/image.ashx?id=2870653&use=l&cat=p&typeid=i","cat":284493},{"id":250154,"n":"Gnocchetti poulet Marie Crème parmesan - 300g","p":4.16,"u":"13,87 €/KG","img":"https://fd9-photos.leclercdrive.fr/image.ashx?id=2863440&use=l&cat=p&typeid=i","cat":333665},{"id":250158,"n":"Crème hydratante So Bio Etic Booster d'éclat Bio 50ml","p":10.11,"u":"202,20 €/L","img":"https://fd9-photos.leclercdrive.fr/image.ashx?id=2863581&use=l&cat=p&typeid=i","cat":325350},{"id":250160,"n":"Sérum hydratation So Bio Etic Booster d'éclat Bio30ml","p":11.86,"u":"395,33 €/L","img":"https://fd9-photos.leclercdrive.fr/image.ashx?id=2863578&use=l&cat=p&typeid=i","cat":325345},{"id":250187,"n":"Crème douceur nuit So Bio Etic Régénérante - Anesse Bio 50ml","p":12.67,"u":"253,40 €/L","img":"https://fd9-photos.leclercdrive.fr/image.ashx?id=2863587&use=l&cat=p&typeid=i","cat":325345},{"id":250407,"n":"Huile végétale So Bio Etic Ricin Bio équitable - 100ml","p":9.77,"u":"97,70 €/L","img":"https://fd9-photos.leclercdrive.fr/image.ashx?id=2864107&use=l&cat=p&typeid=i","cat":284608},{"id":250409,"n":"Eau micellaire So Bio Etic Peaux sensibles Bio - 300ml","p":4.14,"u":"13,80 €/L","img":"https://fd9-photos.leclercdrive.fr/image.ashx?id=2864098&use=l&cat=p&typeid=i","cat":284603},{"id":250435,"n":"Adoucissant concentré Soupline Ultra Vanille - 835ml","p":4.97,"u":"5,95 €/L","img":"https://fd9-photos.leclercdrive.fr/image.ashx?id=2864221&use=l&cat=p&typeid=i","cat":284650},{"id":250802,"n":"Haricots verts Bonduelle Beurre cuits à la vapeur 3x440g","p":6.84,"u":"5,18 €/KG","img":"https://fd9-photos.leclercdrive.fr/image.ashx?id=2864378&use=l&cat=p&typeid=i","cat":312606},{"id":251263,"n":"Mouchoirs Lotus Compact Etuis - x40 étuis","p":5.55,"u":"0,02 €/P","img":"https://fd9-photos.leclercdrive.fr/image.ashx?id=2867199&use=l&cat=p&typeid=i","cat":284638},{"id":251522,"n":"Boisson énergisante Celsius Pêche - 35,5cl","p":1.45,"u":"4,08 €/L","img":"https://fd9-photos.leclercdrive.fr/image.ashx?id=2905021&use=l&cat=p&typeid=i","cat":284533},{"id":251996,"n":"Perles de linge Soupline Adoucissant - Vanille - 230g","p":8.42,"u":"36,61 €/KG","img":"https://fd9-photos.leclercdrive.fr/image.ashx?id=2868608&use=l&cat=p&typeid=i","cat":284650},{"id":252006,"n":"Nettoyant visage Revitalift Hydratant et lissant - 150ml","p":7.2,"u":"48,00 €/L","img":"https://fd9-photos.leclercdrive.fr/image.ashx?id=2874006&use=l&cat=p&typeid=i","cat":284603},{"id":252009,"n":"Lessive liquide Skip Active clean - x40 - 1.68L","p":10.45,"u":"6,22 €/L","img":"https://fd9-photos.leclercdrive.fr/image.ashx?id=2908393&use=l&cat=p&typeid=i","cat":284640},{"id":252010,"n":"Lessive liquide Skip Fraîcheur intense - x40 - 1.68L","p":11.57,"u":"6,89 €/L","img":"https://fd9-photos.leclercdrive.fr/image.ashx?id=2940657&use=l&cat=p&typeid=i","cat":284640},{"id":252119,"n":"Gel moussant purifiant L'Oréal Men Expert - 260ml","p":13.11,"u":"50,42 €/L","img":"https://fd9-photos.leclercdrive.fr/image.ashx?id=2874012&use=l&cat=p&typeid=i","cat":284622},{"id":252125,"n":"Soin hydratant L'Oréal Matifiant - SPF30 - 40ml","p":13.11,"u":"327,75 €/L","img":"https://fd9-photos.leclercdrive.fr/image.ashx?id=3008785&use=l&cat=p&typeid=i","cat":284622},{"id":252127,"n":"Sérum anti-imperfection L'oréal Men expert - 30ml","p":15.44,"u":"514,67 €/L","img":"https://fd9-photos.leclercdrive.fr/image.ashx?id=2874021&use=l&cat=p&typeid=i","cat":284622},{"id":252128,"n":"Spray nettoyant multi-usage CIF Infinite+Clean Protection 280ml","p":4.25,"u":"15,18 €/MT","img":"https://fd9-photos.leclercdrive.fr/image.ashx?id=2948543&use=l&cat=p&typeid=i","cat":325357},{"id":252129,"n":"Spray nettoyant multi-usage Cif  Infinite+Clean Brillance-280ml","p":4.25,"u":"15,18 €/L","img":"https://fd9-photos.leclercdrive.fr/image.ashx?id=2872234&use=l&cat=p&typeid=i","cat":325357},{"id":252133,"n":"Spray nettoyant multi-usage CIF Infinite+Clean 280ml","p":4.25,"u":"15,18 €/L","img":"https://fd9-photos.leclercdrive.fr/image.ashx?id=2948546&use=l&cat=p&typeid=i","cat":325357},{"id":252134,"n":"Recharge Spray nettoyant CIF Infinite+Clean Protection 590ml","p":4.98,"u":"8,44 €/L","img":"https://fd9-photos.leclercdrive.fr/image.ashx?id=2948549&use=l&cat=p&typeid=i","cat":325357},{"id":252136,"n":"Recharge Spray nettoyant CIF Infinite+Clean Brillance 590ml","p":5.0,"u":"8,47 €/L","img":"https://fd9-photos.leclercdrive.fr/image.ashx?id=2940675&use=l&cat=p&typeid=i","cat":325357},{"id":252137,"n":"Recharge Spray nettoyant CIF Infinite+Clean 590ml","p":4.71,"u":"7,98 €/L","img":"https://fd9-photos.leclercdrive.fr/image.ashx?id=2974066&use=l&cat=p&typeid=i","cat":325357},{"id":252302,"n":"Coeurs fondants caramel  Côté Table x2 - 180g","p":2.74,"u":"15,22 €/KG","img":"https://fd9-photos.leclercdrive.fr/image.ashx?id=2869305&use=l&cat=p&typeid=i","cat":284267},{"id":252569,"n":"Terrine de lièvre  Terrines du Morvan - 180g","p":2.99,"u":"16,61 €/KG","img":"https://fd9-photos.leclercdrive.fr/image.ashx?id=2870518&use=l&cat=p&typeid=i","cat":305149},{"id":252646,"n":"Sushi box evasion Mowi 14 pièces","p":4.36,"u":"0,31 €/P","img":"https://fd9-photos.leclercdrive.fr/image.ashx?id=2990817&use=l&cat=p&typeid=i","cat":316035},{"id":252647,"n":"Sushi box express Mowi 7 pièces","p":3.0,"u":"0,43 €/P","img":"https://fd9-photos.leclercdrive.fr/image.ashx?id=2990814&use=l&cat=p&typeid=i","cat":286791},{"id":252648,"n":"Sushi plateau dégustation Mowi 18 pièces","p":6.82,"u":"0,38 €/P","img":"https://fd9-photos.leclercdrive.fr/image.ashx?id=2990829&use=l&cat=p&typeid=i","cat":316035},{"id":252649,"n":"Plateau Sushi party Mowi 32 pièces","p":13.67,"u":"0,43 €/P","img":"https://fd9-photos.leclercdrive.fr/image.ashx?id=2990826&use=l&cat=p&typeid=i","cat":316035},{"id":253339,"n":"Croque Monsieur Herta Chèvre jambon - 310g","p":3.49,"u":"11,26 €/KG","img":"https://fd9-photos.leclercdrive.fr/image.ashx?id=2877745&use=l&cat=p&typeid=i","cat":333671},{"id":253342,"n":"Croque-Monsieur Herta  Maxi Montagnard x2 - 310g","p":3.22,"u":"10,39 €/KG","img":"https://fd9-photos.leclercdrive.fr/image.ashx?id=2877748&use=l&cat=p&typeid=i","cat":333671},{"id":253523,"n":"Brosse à dents Petit Dentamyl 2-6 ans - Rose Vert Bleu x3","p":1.47,"u":"0,49 €/P","img":"https://fd9-photos.leclercdrive.fr/image.ashx?id=2872790&use=l&cat=p&typeid=i","cat":288897},{"id":253571,"n":"Bols Mots d'Enfants - 2x200g  Tomates, pâtes et boeuf dès 8M","p":2.39,"u":"5,98 €/KG","img":"https://fd9-photos.leclercdrive.fr/image.ashx?id=2892358&use=l&cat=p&typeid=i","cat":312236},{"id":253575,"n":"Bols Mots d'Enfants - 2x200g  Parmentier de cabillaud dès 8M","p":2.09,"u":"5,23 €/KG","img":"https://fd9-photos.leclercdrive.fr/image.ashx?id=2892361&use=l&cat=p&typeid=i","cat":312236},{"id":253581,"n":"Bols Mots d'Enfants - 2x200g  Purée de légumes dès 8M","p":1.69,"u":"4,23 €/KG","img":"https://fd9-photos.leclercdrive.fr/image.ashx?id=2892364&use=l&cat=p&typeid=i","cat":312236},{"id":253678,"n":"Assiette Mots d'Enfants - 230g Spaghetti bolognaise dès 12M","p":1.39,"u":"6,04 €/KG","img":"https://fd9-photos.leclercdrive.fr/image.ashx?id=2898050&use=l&cat=p&typeid=i","cat":312237},{"id":253679,"n":"Assiette Mots d'Enfants - 230g Hachis parmentier dès 12M","p":1.39,"u":"6,04 €/KG","img":"https://fd9-photos.leclercdrive.fr/image.ashx?id=2892370&use=l&cat=p&typeid=i","cat":312237},{"id":253682,"n":"Assiette Mots d'Enfants - 230g Légumes et macaroni dès 12M","p":1.39,"u":"6,04 €/KG","img":"https://fd9-photos.leclercdrive.fr/image.ashx?id=2892373&use=l&cat=p&typeid=i","cat":312237},{"id":253683,"n":"Assiette Mots d'Enfants - 250g Pommes de terre, poulet dès 15M","p":1.59,"u":"6,36 €/KG","img":"https://fd9-photos.leclercdrive.fr/image.ashx?id=2898053&use=l&cat=p&typeid=i","cat":312238},{"id":253684,"n":"Assiette Mots d'Enfants - 250g Pâtes, tomate et jambon dès 15M","p":1.59,"u":"6,36 €/KG","img":"https://fd9-photos.leclercdrive.fr/image.ashx?id=2892376&use=l&cat=p&typeid=i","cat":312238},{"id":253687,"n":"Assiette Mots d'Enfants - 250g Légumes et patate douce dès 15M","p":1.59,"u":"6,36 €/KG","img":"https://fd9-photos.leclercdrive.fr/image.ashx?id=2892388&use=l&cat=p&typeid=i","cat":312238},{"id":253689,"n":"Assiette Mots d'Enfants - 250g Pdt, fondue de poireaux dès 15M","p":1.59,"u":"6,36 €/KG","img":"https://fd9-photos.leclercdrive.fr/image.ashx?id=2892379&use=l&cat=p&typeid=i","cat":312238},{"id":253691,"n":"Assiette Mots d'Enfants - 250g Pâtes boeuf bourguignon dès 18M","p":1.69,"u":"6,76 €/KG","img":"https://fd9-photos.leclercdrive.fr/image.ashx?id=2892382&use=l&cat=p&typeid=i","cat":312238},{"id":253694,"n":"Assiette Mots d'Enfants - 250g Blanquette de volaille dès 18M","p":1.69,"u":"6,76 €/KG","img":"https://fd9-photos.leclercdrive.fr/image.ashx?id=2898056&use=l&cat=p&typeid=i","cat":312238},{"id":253698,"n":"Assiette Mots d'Enfants - 250g Carottes pâtes épinards dès 18M","p":1.69,"u":"6,76 €/KG","img":"https://fd9-photos.leclercdrive.fr/image.ashx?id=2898059&use=l&cat=p&typeid=i","cat":312238},{"id":253699,"n":"Assiette Mots d'Enfants - 250g Ratatouille et boulgour dès 18M","p":1.69,"u":"6,76 €/KG","img":"https://fd9-photos.leclercdrive.fr/image.ashx?id=2892385&use=l&cat=p&typeid=i","cat":312238},{"id":253976,"n":"Sushi box Mowi 7 pièces","p":2.59,"u":"0,37 €/P","img":"https://fd9-photos.leclercdrive.fr/image.ashx?id=2990820&use=l&cat=p&typeid=i","cat":286791},{"id":254050,"n":"Bière Desperados Sunlight citron citron vert 3x33cl","p":3.94,"u":"3,98 €/L","img":"https://fd9-photos.leclercdrive.fr/image.ashx?id=2977987&use=l&cat=p&typeid=i","cat":334878},{"id":254336,"n":"Truite fumée Landvika 4 tranches - 100g","p":3.51,"u":"35,10 €/KG","img":"https://fd9-photos.leclercdrive.fr/image.ashx?id=2876593&use=l&cat=p&typeid=i","cat":285188},{"id":254888,"n":"Monster Rio punch 50cl","p":1.6,"u":"3,20 €/L","img":"https://fd9-photos.leclercdrive.fr/image.ashx?id=2877067&use=l&cat=p&typeid=i","cat":284533},{"id":254941,"n":"Bâtonnets Häagen-Dazs Cracking Macadamia x3 - 201g","p":3.71,"u":"18,46 €/KG","img":"https://fd9-photos.leclercdrive.fr/image.ashx?id=2876599&use=l&cat=p&typeid=i","cat":284265},{"id":254943,"n":"Bâtonnets Häagen-Dazs Salted Caramel x3 - 204g","p":3.77,"u":"18,48 €/KG","img":"https://fd9-photos.leclercdrive.fr/image.ashx?id=2876608&use=l&cat=p&typeid=i","cat":284265},{"id":254944,"n":"Bâtonnets Häagen-Dazs  Cookies & Cream x3 - 192g","p":3.84,"u":"20,00 €/KG","img":"https://fd9-photos.leclercdrive.fr/image.ashx?id=2876602&use=l&cat=p&typeid=i","cat":284265},{"id":254949,"n":"Bâtonnets Häagen-Dazs Smooth Vanilla x3 - 192g","p":3.57,"u":"18,59 €/KG","img":"https://fd9-photos.leclercdrive.fr/image.ashx?id=2876605&use=l&cat=p&typeid=i","cat":284265},{"id":255191,"n":"Préservatif Durex Nude - XL - x10","p":9.28,"img":"https://fd9-photos.leclercdrive.fr/image.ashx?id=2901677&use=l&cat=p&typeid=i","cat":284631},{"id":255197,"n":"Préservatifs Durex Classic jeans - x12","p":5.23,"img":"https://fd9-photos.leclercdrive.fr/image.ashx?id=2878792&use=l&cat=p&typeid=i","cat":284631},{"id":255199,"n":"Préservatifs Durex Classic Jeans - XL - x12","p":5.23,"img":"https://fd9-photos.leclercdrive.fr/image.ashx?id=2964983&use=l&cat=p&typeid=i","cat":284631},{"id":255201,"n":"Liègeois au chocolat La Fermière 2x120g","p":2.82,"u":"11,75 €/KG","img":"https://fd9-photos.leclercdrive.fr/image.ashx?id=2878951&use=l&cat=p&typeid=i","cat":285042},{"id":255203,"n":"Liègeois au café La Fermière 2x120g","p":2.75,"u":"11,46 €/KG","img":"https://fd9-photos.leclercdrive.fr/image.ashx?id=2878954&use=l&cat=p&typeid=i","cat":285042},{"id":255353,"n":"Laque Syoss Tenue Ultra Max hold - 300ml","p":3.15,"u":"10,50 €/L","img":"https://fd9-photos.leclercdrive.fr/image.ashx?id=2878831&use=l&cat=p&typeid=i","cat":284609},{"id":255356,"n":"Laque Syoss Volume - 300ml","p":3.15,"u":"10,50 €/L","img":"https://fd9-photos.leclercdrive.fr/image.ashx?id=2878834&use=l&cat=p&typeid=i","cat":284609},{"id":255718,"n":"Saumon fumé Petit Navire Norvège 2 tranches 65g","p":3.99,"u":"61,38 €/KG","img":"https://fd9-photos.leclercdrive.fr/image.ashx?id=2880489&use=l&cat=p&typeid=i","cat":285188},{"id":255719,"n":"Saumon fumé Petit Navire Écosse 2 tranches 65g","p":3.64,"u":"56,00 €/KG","img":"https://fd9-photos.leclercdrive.fr/image.ashx?id=2880492&use=l&cat=p&typeid=i","cat":285188},{"id":255926,"n":"Parmentier à la truite Maison  Briau - 550 g","p":7.89,"u":"14,35 €/KG","img":"https://fd9-photos.leclercdrive.fr/image.ashx?id=2881927&use=l&cat=p&typeid=i","cat":285094},{"id":255969,"n":"Déodorant spray homme Axe Provocation - 200ml","p":3.7,"u":"18,50 €/L","img":"https://fd9-photos.leclercdrive.fr/image.ashx?id=2881542&use=l&cat=p&typeid=i","cat":284618},{"id":256536,"n":"Nectar Bio Pressade Pomme - 6x20cl","p":2.68,"u":"2,23 €/L","img":"https://fd9-photos.leclercdrive.fr/image.ashx?id=2882752&use=l&cat=p&typeid=i","cat":284522},{"id":256780,"n":"Déodorant spray femme Ushuaïa Orchidée - 2x200ml","p":5.35,"u":"13,38 €/L","img":"https://fd9-photos.leclercdrive.fr/image.ashx?id=2883089&use=l&cat=p&typeid=i","cat":284595},{"id":257074,"n":"Gnocchi à poêler Lustucru Extra jambon fromage 300g","p":2.2,"u":"7,33 €/KG","img":"https://fd9-photos.leclercdrive.fr/image.ashx?id=2884387&use=l&cat=p&typeid=i","cat":333682},{"id":257076,"n":"Gnocchi à poêler Lustucru Extra fromage 300g","p":2.14,"u":"7,13 €/KG","img":"https://fd9-photos.leclercdrive.fr/image.ashx?id=2886013&use=l&cat=p&typeid=i","cat":333682},{"id":257171,"n":"Pizza Crousti-Fine Marie Tomate mozzarella - 400g","p":3.22,"u":"8,05 €/KG","img":"https://fd9-photos.leclercdrive.fr/image.ashx?id=2996737&use=l&cat=p&typeid=i","cat":284256},{"id":257172,"n":"Pizza Crousti-Fine Marie Chorizo paprika - 400g","p":3.37,"u":"8,43 €/KG","img":"https://fd9-photos.leclercdrive.fr/image.ashx?id=2996731&use=l&cat=p&typeid=i","cat":284256},{"id":257201,"n":"Préservatifs Durex Intensity - x10","p":11.33,"img":"https://fd9-photos.leclercdrive.fr/image.ashx?id=2962035&use=l&cat=p&typeid=i","cat":284631},{"id":257202,"n":"Préservatifs Durex Intensity XL - x10","p":10.83,"img":"https://fd9-photos.leclercdrive.fr/image.ashx?id=2964670&use=l&cat=p&typeid=i","cat":284631},{"id":257208,"n":"Lessive liquide Xeor Fraîcheur - x44 lavages - 2.2L","p":3.89,"u":"1,77 €/L","img":"https://fd9-photos.leclercdrive.fr/image.ashx?id=2901494&use=l&cat=p&typeid=i","cat":284640},{"id":257214,"n":"Capsules lave-vaisselle Finish Quantum Citron - x30 - 312g","p":7.45,"u":"23,88 €/KG","img":"https://fd9-photos.leclercdrive.fr/image.ashx?id=2926618&use=l&cat=p&typeid=i","cat":284656},{"id":257215,"n":"Capsules lave-vaisselle Finish Quantum - x30 - 312g","p":6.99,"u":"22,40 €/KG","img":"https://fd9-photos.leclercdrive.fr/image.ashx?id=2884627&use=l&cat=p&typeid=i","cat":284656},{"id":257218,"n":"Capsules lave-vaisselle Finish Ultimate - x26 - 335g","p":7.1,"u":"21,19 €/KG","img":"https://fd9-photos.leclercdrive.fr/image.ashx?id=2884633&use=l&cat=p&typeid=i","cat":284656},{"id":257220,"n":"Gel lave-vaisselle Finish Power - 900ml","p":7.34,"u":"8,16 €/L","img":"https://fd9-photos.leclercdrive.fr/image.ashx?id=2884639&use=l&cat=p&typeid=i","cat":284656},{"id":257231,"n":"Désinfectant linge Sanytol Stop Odeurs Fleurs Blanches 1L","p":6.09,"u":"6,09 €/L","img":"https://fd9-photos.leclercdrive.fr/image.ashx?id=2884312&use=l&cat=p&typeid=i","cat":290451},{"id":257232,"n":"Capsules Lave-Vaisselle SUN  Pro-Expert Regular 38 lavages","p":8.3,"u":"14,56 €/KG","img":"https://fd9-photos.leclercdrive.fr/image.ashx?id=2907728&use=l&cat=p&typeid=i","cat":284656},{"id":257233,"n":"Tablettes lave-vaisselle Uni Vert - Tout-en-1 - x45 - 720g","p":6.57,"u":"9,13 €/KG","img":"https://fd9-photos.leclercdrive.fr/image.ashx?id=3015132&use=l&cat=p&typeid=i","cat":284656},{"id":257236,"n":"Tablettes lave-vaisselle Uni Vert - Classiques - x45 - 450g","p":6.27,"u":"13,93 €/KG","img":"https://fd9-photos.leclercdrive.fr/image.ashx?id=3015135&use=l&cat=p&typeid=i","cat":284656},{"id":257240,"n":"Déodorant homme Adidas Sport fresh - 150ml","p":2.95,"u":"19,67 €/L","img":"https://fd9-photos.leclercdrive.fr/image.ashx?id=2884606&use=l&cat=p&typeid=i","cat":284618},{"id":257241,"n":"Déodorant homme Adidas Invisible - 150ml","p":3.09,"u":"20,60 €/L","img":"https://fd9-photos.leclercdrive.fr/image.ashx?id=2884609&use=l&cat=p&typeid=i","cat":284618},{"id":257249,"n":"Liquide vaisselle Paic Intense Anti-calcaire - 500ml","p":3.25,"u":"6,50 €/L","img":"https://fd9-photos.leclercdrive.fr/image.ashx?id=2884897&use=l&cat=p&typeid=i","cat":284655},{"id":257251,"n":"Capsules Lave-Vaisselle SUN  Pro-Expert Citron 38 lavages","p":8.3,"u":"14,56 €/KG","img":"https://fd9-photos.leclercdrive.fr/image.ashx?id=2991039&use=l&cat=p&typeid=i","cat":284656},{"id":257277,"n":"Bâtonnets surimi moelleux Fleury Michon x12 - 180g","p":1.8,"u":"10,00 €/KG","img":"https://fd9-photos.leclercdrive.fr/image.ashx?id=2936920&use=l&cat=p&typeid=i","cat":285189},{"id":257279,"n":"Bâtonnets surimi moelleux  Fleury Michon x24 - 360g","p":3.25,"u":"9,03 €/KG","img":"https://fd9-photos.leclercdrive.fr/image.ashx?id=2936926&use=l&cat=p&typeid=i","cat":285189},{"id":257280,"n":"Bâtonnets surimi moelleux Fleury Michon x30 - 450g","p":3.8,"u":"8,44 €/KG","img":"https://fd9-photos.leclercdrive.fr/image.ashx?id=2936929&use=l&cat=p&typeid=i","cat":285189},{"id":257322,"n":"Nectar Bio Pressade Orange - 1.5L","p":2.49,"u":"1,66 €/L","img":"https://fd9-photos.leclercdrive.fr/image.ashx?id=2885357&use=l&cat=p&typeid=i","cat":284521},{"id":257902,"n":"Céréales All-Bran Kellogg's Fibre plus - 500g","p":3.87,"u":"7,74 €/KG","img":"https://fd9-photos.leclercdrive.fr/image.ashx?id=2885643&use=l&cat=p&typeid=i","cat":309512},{"id":258141,"n":"Pâtes Panzani  grandes coquillettes - 500g","p":1.63,"u":"3,26 €/KG","img":"https://fd9-photos.leclercdrive.fr/image.ashx?id=2887536&use=l&cat=p&typeid=i","cat":284427},{"id":258144,"n":"Pâtes Panzani rigatoni - 500g","p":1.63,"u":"3,26 €/KG","img":"https://fd9-photos.leclercdrive.fr/image.ashx?id=2887533&use=l&cat=p&typeid=i","cat":284427},{"id":258146,"n":"Pâtes Panzani penne rigate - 500g","p":1.88,"u":"3,76 €/KG","img":"https://fd9-photos.leclercdrive.fr/image.ashx?id=2887539&use=l&cat=p&typeid=i","cat":284427},{"id":258149,"n":"Pâtes Panzani  linguine - 500g","p":1.83,"u":"3,66 €/KG","img":"https://fd9-photos.leclercdrive.fr/image.ashx?id=2887542&use=l&cat=p&typeid=i","cat":284427},{"id":258154,"n":"Glace à l'eau Pirulo  mangue x5 - 350g","p":3.01,"u":"8,60 €/KG","img":"https://fd9-photos.leclercdrive.fr/image.ashx?id=2888184&use=l&cat=p&typeid=i","cat":285250},{"id":258295,"n":"Croissants fourrés Nutella  x4 - 340g","p":4.51,"u":"13,26 €/KG","img":"https://fd9-photos.leclercdrive.fr/image.ashx?id=2899749&use=l&cat=p&typeid=i","cat":284267},{"id":258310,"n":"Blanquette William Saurin Veau et riz - 285g","p":2.95,"u":"10,35 €/KG","img":"https://fd9-photos.leclercdrive.fr/image.ashx?id=2906286&use=l&cat=p&typeid=i","cat":284953},{"id":258312,"n":"Bourguignon William Saurin Boeuf - 300g","p":2.79,"u":"9,30 €/KG","img":"https://fd9-photos.leclercdrive.fr/image.ashx?id=2906289&use=l&cat=p&typeid=i","cat":284953},{"id":258313,"n":"Bières Desperados Sunlight  cerise/grenade 4° - 3x33cl","p":3.85,"u":"3,89 €/L","img":"https://fd9-photos.leclercdrive.fr/image.ashx?id=2899401&use=l&cat=p&typeid=i","cat":334878},{"id":258314,"n":"Hachis William Saurin Parmentier pur boeuf - 300g","p":2.94,"u":"9,80 €/KG","img":"https://fd9-photos.leclercdrive.fr/image.ashx?id=2906292&use=l&cat=p&typeid=i","cat":284953},{"id":258321,"n":"Dentifrice soin Elmex Sensitive expert - 75ml","p":5.74,"u":"76,53 €/L","img":"https://fd9-photos.leclercdrive.fr/image.ashx?id=2888205&use=l&cat=p&typeid=i","cat":284612},{"id":258337,"n":"Ravioles tomates basilic  de Provence Saint Jean - 250g","p":3.45,"u":"13,80 €/KG","img":"https://fd9-photos.leclercdrive.fr/image.ashx?id=2887761&use=l&cat=p&typeid=i","cat":333682},{"id":258339,"n":"Glace Kinder Bueno Cônes noisettes x6 - 372g","p":6.45,"u":"17,34 €/KG","img":"https://fd9-photos.leclercdrive.fr/image.ashx?id=2891334&use=l&cat=p&typeid=i","cat":284264},{"id":258340,"n":"Glace Kinder Bueno White Cônes noisettes x6 - 372g","p":6.47,"u":"17,39 €/KG","img":"https://fd9-photos.leclercdrive.fr/image.ashx?id=2890814&use=l&cat=p&typeid=i","cat":284264},{"id":258343,"n":"Crêpes Nutella  x6 - 240g","p":4.77,"u":"19,88 €/KG","img":"https://fd9-photos.leclercdrive.fr/image.ashx?id=2899761&use=l&cat=p&typeid=i","cat":284267},{"id":258347,"n":"Donuts Nutella x4 - 240g","p":4.82,"u":"20,08 €/KG","img":"https://fd9-photos.leclercdrive.fr/image.ashx?id=2889916&use=l&cat=p&typeid=i","cat":284267},{"id":258363,"n":"Bières Softiz Sans alcool  Saveur citron - 6x27,5cl","p":3.08,"u":"1,87 €/L","img":"https://fd9-photos.leclercdrive.fr/image.ashx?id=2887431&use=l&cat=p&typeid=i","cat":334877},{"id":258366,"n":"Bières Softiz Sans alcool  Saveur mojito - 6x27,5cl","p":3.02,"u":"1,83 €/L","img":"https://fd9-photos.leclercdrive.fr/image.ashx?id=2887428&use=l&cat=p&typeid=i","cat":334877},{"id":258387,"n":"Bières Desperados Sunlight  mangue/passion 4° - 3x33cl","p":3.85,"u":"3,89 €/L","img":"https://fd9-photos.leclercdrive.fr/image.ashx?id=2977990&use=l&cat=p&typeid=i","cat":334878},{"id":258606,"n":"Soda Fanta Orange  Bouteille - 1.25L","p":1.66,"u":"1,33 €/L","img":"https://fd9-photos.leclercdrive.fr/image.ashx?id=2924752&use=l&cat=p&typeid=i","cat":284532},{"id":259178,"n":"Déodorant stick Ice fresh  Homme 24h Mennen -60ml","p":4.41,"u":"73,50 €/L","img":"https://fd9-photos.leclercdrive.fr/image.ashx?id=2904260&use=l&cat=p&typeid=i","cat":284618},{"id":259184,"n":"Préservatifs Durex Classic Jeans - x20","p":7.01,"img":"https://fd9-photos.leclercdrive.fr/image.ashx?id=2892433&use=l&cat=p&typeid=i","cat":284631},{"id":259193,"n":"Recharge savon mains Rainett  Senses - Aloe vera - 500ml","p":2.75,"u":"5,50 €/L","img":"https://fd9-photos.leclercdrive.fr/image.ashx?id=2988656&use=l&cat=p&typeid=i","cat":284597},{"id":259249,"n":"Bière aromatisée Somersby Pomme 4,5° - 3x27,5cl","p":3.9,"u":"4,73 €/L","img":"https://fd9-photos.leclercdrive.fr/image.ashx?id=2892460&use=l&cat=p&typeid=i","cat":334878},{"id":259250,"n":"Bière aromatisée Somersby Citron Yuzu 4,5° - 3x27,5cl","p":3.8,"u":"4,61 €/L","img":"https://fd9-photos.leclercdrive.fr/image.ashx?id=2892463&use=l&cat=p&typeid=i","cat":334878},{"id":259253,"n":"Bière aromatisée Somersby Framboise 4,5° - 3x27,5cl","p":3.83,"u":"4,64 €/L","img":"https://fd9-photos.leclercdrive.fr/image.ashx?id=2892466&use=l&cat=p&typeid=i","cat":334878},{"id":259323,"n":"Burger Jacquet brioché Ultra moelleux x4 - 250g","p":1.79,"u":"7,16 €/KG","img":"https://fd9-photos.leclercdrive.fr/image.ashx?id=3010984&use=l&cat=p&typeid=i","cat":325067},{"id":259632,"n":"Nectar Bio Pressade Pomme - 1.5L","p":2.13,"u":"1,42 €/L","img":"https://fd9-photos.leclercdrive.fr/image.ashx?id=2892586&use=l&cat=p&typeid=i","cat":284522},{"id":260041,"n":"Boisson aux fruits Oasis Citron vert - 2L","p":2.56,"u":"1,28 €/L","img":"https://fd9-photos.leclercdrive.fr/image.ashx?id=2893639&use=l&cat=p&typeid=i","cat":295018},{"id":260255,"n":"36 capsules Absolu  Tout en 1 dégraissant SUN","p":10.1,"u":"0,28 €/P","img":"https://fd9-photos.leclercdrive.fr/image.ashx?id=2905723&use=l&cat=p&typeid=i","cat":284656},{"id":260256,"n":"36 capsules Absolu  Tout en 1 Brillance SUN","p":11.99,"u":"0,33 €/P","img":"https://fd9-photos.leclercdrive.fr/image.ashx?id=2905720&use=l&cat=p&typeid=i","cat":284656},{"id":260327,"n":"Rice Box Sodebo  Kefta de bœuf riz - 330g","p":3.6,"u":"10,91 €/KG","img":"https://fd9-photos.leclercdrive.fr/image.ashx?id=2894233&use=l&cat=p&typeid=i","cat":334983},{"id":260330,"n":"Rice Box Sodebo  Poulet curry riz - 330g","p":3.59,"u":"10,88 €/KG","img":"https://fd9-photos.leclercdrive.fr/image.ashx?id=2894227&use=l&cat=p&typeid=i","cat":334983},{"id":261200,"n":"Cônes Magnum noisette  4x90g","p":4.91,"u":"18,88 €/KG","img":"https://fd9-photos.leclercdrive.fr/image.ashx?id=2896453&use=l&cat=p&typeid=i","cat":284264},{"id":261216,"n":"Cônes Magnum mangue  4x90ml","p":4.72,"u":"18,15 €/KG","img":"https://fd9-photos.leclercdrive.fr/image.ashx?id=2896450&use=l&cat=p&typeid=i","cat":284264},{"id":261292,"n":"Chewing-gum Hollywood  Menthe Verte sans sucres - 70g","p":2.15,"u":"30,71 €/KG","img":"https://fd9-photos.leclercdrive.fr/image.ashx?id=2987053&use=l&cat=p&typeid=i","cat":304251},{"id":261298,"n":"Chewing-gum Hollywood Menthe  Fraîche sans sucres - 70g","p":2.38,"u":"34,00 €/KG","img":"https://fd9-photos.leclercdrive.fr/image.ashx?id=2987050&use=l&cat=p&typeid=i","cat":304251},{"id":261305,"n":"Chewing-gum Hollywood 2Fresh  Menthe Forte sans sucres 66g","p":1.68,"u":"25,45 €/KG","img":"https://fd9-photos.leclercdrive.fr/image.ashx?id=3011962&use=l&cat=p&typeid=i","cat":304251},{"id":261307,"n":"Chewing-gum Hollywood 2Fresh  Menthe Verte sans sucres -  66g","p":1.68,"u":"25,45 €/KG","img":"https://fd9-photos.leclercdrive.fr/image.ashx?id=3011959&use=l&cat=p&typeid=i","cat":304251},{"id":261486,"n":"Maxi croquettes adulte Pedigree volaille - 12kg","p":31.8,"u":"2,65 €/KG","img":"https://fd9-photos.leclercdrive.fr/image.ashx?id=2897288&use=l&cat=p&typeid=i","cat":284672},{"id":261502,"n":"Bonbons Tic Tac  Chlorophylle - x100 - 49g","p":2.16,"u":"44,08 €/KG","img":"https://fd9-photos.leclercdrive.fr/image.ashx?id=2903791&use=l&cat=p&typeid=i","cat":304256},{"id":261505,"n":"Chocolat Tablette d'Or Lait caramelisées - 180g","p":2.49,"u":"13,83 €/KG","img":"https://fd9-photos.leclercdrive.fr/image.ashx?id=2896837&use=l&cat=p&typeid=i","cat":284497},{"id":261891,"n":"Sucre en buchettes Daddy Boite distributrice - 480g","p":2.5,"u":"5,21 €/KG","img":"https://fd9-photos.leclercdrive.fr/image.ashx?id=2903065&use=l&cat=p&typeid=i","cat":284502},{"id":261974,"n":"Coca-Cola Cherry 18+2 offertes - 20x33cl","p":11.8,"u":"1,79 €/L","img":"https://fd9-photos.leclercdrive.fr/image.ashx?id=2903716&use=l&cat=p&typeid=i","cat":284530},{"id":263009,"n":"Bières Softiz Framboise Sans alcool  6x27,5cl","p":3.19,"u":"1,93 €/L","img":"https://fd9-photos.leclercdrive.fr/image.ashx?id=2899935&use=l&cat=p&typeid=i","cat":334877},{"id":263116,"n":"Mini bâtonnet Magnum  Double Noisette 6x55ml","p":4.62,"u":"14,00 €/L","img":"https://fd9-photos.leclercdrive.fr/image.ashx?id=2901190&use=l&cat=p&typeid=i","cat":284265},{"id":263132,"n":"Glace Bonbon Dessert Magnum Gold Caramel Billionaire 168g","p":4.24,"u":"25,24 €/KG","img":"https://fd9-photos.leclercdrive.fr/image.ashx?id=3009320&use=l&cat=p&typeid=i","cat":284266},{"id":263328,"n":"Bonbons Lutti Bubblizz Piquants - 300g","p":1.77,"u":"5,90 €/KG","img":"https://fd9-photos.leclercdrive.fr/image.ashx?id=2900983&use=l&cat=p&typeid=i","cat":304250},{"id":263336,"n":"Yaourt à boire Actimel Nature sans sucres - 8x100g","p":2.98,"u":"3,73 €/KG","img":"https://fd9-photos.leclercdrive.fr/image.ashx?id=2901638&use=l&cat=p&typeid=i","cat":284415},{"id":263698,"n":"Bière Softiz  Agrumes 6x27,5cl","p":3.33,"u":"2,02 €/L","img":"https://fd9-photos.leclercdrive.fr/image.ashx?id=2902529&use=l&cat=p&typeid=i","cat":334877},{"id":263702,"n":"Glace cône Extreme Salted caramel - 6x71g","p":3.62,"u":"8,50 €/KG","img":"https://fd9-photos.leclercdrive.fr/image.ashx?id=2904185&use=l&cat=p&typeid=i","cat":284264},{"id":263712,"n":"Truite fumée Landvika 6 tranches 140g","p":4.99,"u":"35,64 €/KG","img":"https://fd9-photos.leclercdrive.fr/image.ashx?id=2904206&use=l&cat=p&typeid=i","cat":285188},{"id":264373,"n":"P'tit Savane Tornado Brossard Roulés à la fraise - x7 - 175g","p":1.91,"u":"10,91 €/KG","img":"https://fd9-photos.leclercdrive.fr/image.ashx?id=2966089&use=l&cat=p&typeid=i","cat":284495},{"id":264392,"n":"Savane Brossard coeur choco Max de sensation - x6 - 180g","p":2.48,"u":"13,78 €/KG","img":"https://fd9-photos.leclercdrive.fr/image.ashx?id=2906502&use=l&cat=p&typeid=i","cat":284495},{"id":264431,"n":"Matière grasse végétale Flora Doux à tartiner - 250g","p":2.59,"u":"10,36 €/KG","img":"https://fd9-photos.leclercdrive.fr/image.ashx?id=2908381&use=l&cat=p&typeid=i","cat":315229},{"id":264432,"n":"Matière grasse végétale Flora Demi-sel à tartiner - 250g","p":2.46,"u":"9,84 €/KG","img":"https://fd9-photos.leclercdrive.fr/image.ashx?id=2908384&use=l&cat=p&typeid=i","cat":315229},{"id":264694,"n":"Cheetos crispy Balls  90g","p":1.06,"u":"11,78 €/KG","img":"https://fd9-photos.leclercdrive.fr/image.ashx?id=2907962&use=l&cat=p&typeid=i","cat":284449},{"id":264696,"n":"Cheetos crunchy Fromage - 90g","p":1.29,"u":"14,33 €/KG","img":"https://fd9-photos.leclercdrive.fr/image.ashx?id=2907965&use=l&cat=p&typeid=i","cat":284449},{"id":264700,"n":"Cheetos crunchy Sweet Chili - 90g","p":1.29,"u":"14,33 €/KG","img":"https://fd9-photos.leclercdrive.fr/image.ashx?id=2907968&use=l&cat=p&typeid=i","cat":284449},{"id":264707,"n":"Cheetos original  135g","p":1.96,"u":"14,52 €/KG","img":"https://fd9-photos.leclercdrive.fr/image.ashx?id=2907956&use=l&cat=p&typeid=i","cat":284449},{"id":264708,"n":"Cheetos original  Fromage - 80g","p":1.37,"u":"17,13 €/KG","img":"https://fd9-photos.leclercdrive.fr/image.ashx?id=2907959&use=l&cat=p&typeid=i","cat":284449},{"id":264779,"n":"Coupelles Douceur du Verger 8x100g","p":2.09,"u":"2,61 €/KG","img":"https://fd9-photos.leclercdrive.fr/image.ashx?id=2958350&use=l&cat=p&typeid=i","cat":284508},{"id":264791,"n":"Biscuit au Pop corn P'tit Déli Fourrés chocolat au lait - 150g","p":1.89,"u":"12,60 €/KG","img":"https://fd9-photos.leclercdrive.fr/image.ashx?id=2907303&use=l&cat=p&typeid=i","cat":284488},{"id":264903,"n":"La Panée soja Garden Gourmet 207g","p":2.67,"u":"12,90 €/KG","img":"https://fd9-photos.leclercdrive.fr/image.ashx?id=2980155&use=l&cat=p&typeid=i","cat":316036},{"id":264904,"n":"Le Classique soja  Garden Gourmet 173g","p":2.62,"u":"15,14 €/KG","img":"https://fd9-photos.leclercdrive.fr/image.ashx?id=2965319&use=l&cat=p&typeid=i","cat":316036},{"id":264950,"n":"Bâtonnets surimi moelleux Fleury Michon x40 - 600g","p":5.25,"u":"8,75 €/KG","img":"https://fd9-photos.leclercdrive.fr/image.ashx?id=2936932&use=l&cat=p&typeid=i","cat":285189},{"id":265094,"n":"Jambon cuit supérieur L'Atelier Charcuterie 2T - 110g","p":2.49,"u":"22,64 €/KG","img":"https://fd9-photos.leclercdrive.fr/image.ashx?id=2999042&use=l&cat=p&typeid=i","cat":316009},{"id":265098,"n":"Jambon cuit supérieur  L'Atelier Charcuterie 4T - 220g","p":4.39,"u":"19,95 €/KG","img":"https://fd9-photos.leclercdrive.fr/image.ashx?id=2999045&use=l&cat=p&typeid=i","cat":316009},{"id":265103,"n":"Jambon supérieur avec couenne  L'Atelier Charcuterie 6T - 330g","p":4.72,"u":"14,30 €/KG","img":"https://fd9-photos.leclercdrive.fr/image.ashx?id=2999051&use=l&cat=p&typeid=i","cat":316009},{"id":265105,"n":"Jambon supérieur  L'Atelier Charcuterie 4T 220g","p":3.47,"u":"15,77 €/KG","img":"https://fd9-photos.leclercdrive.fr/image.ashx?id=2999054&use=l&cat=p&typeid=i","cat":316009},{"id":265108,"n":"Jambon supérieur  L'Atelier Charcuterie 6T - 330g","p":5.12,"u":"15,52 €/KG","img":"https://fd9-photos.leclercdrive.fr/image.ashx?id=2928162&use=l&cat=p&typeid=i","cat":316009},{"id":265111,"n":"Jambon supérieur -25% sel  L'Atelier Charcuterie 2T - 110g","p":2.61,"u":"23,73 €/KG","img":"https://fd9-photos.leclercdrive.fr/image.ashx?id=2909368&use=l&cat=p&typeid=i","cat":316009},{"id":265152,"n":"Fromage apéritif Apéricube Soirée match 48 cubes 250g","p":4.49,"u":"17,96 €/KG","img":"https://fd9-photos.leclercdrive.fr/image.ashx?id=2908915&use=l&cat=p&typeid=i","cat":314027},{"id":265154,"n":"Fromage apéritif Apéricube Challenge 48 cubes 250g","p":4.61,"u":"18,44 €/KG","img":"https://fd9-photos.leclercdrive.fr/image.ashx?id=2908918&use=l&cat=p&typeid=i","cat":314027},{"id":265155,"n":"Fromage apéritif Apéricube Saveurs du monde 48 cubes 250g","p":4.49,"u":"17,96 €/KG","img":"https://fd9-photos.leclercdrive.fr/image.ashx?id=2908921&use=l&cat=p&typeid=i","cat":314027},{"id":265156,"n":"Fromage apéritif Apéricube Montagne 48 cubes 250g","p":4.49,"u":"17,96 €/KG","img":"https://fd9-photos.leclercdrive.fr/image.ashx?id=2908924&use=l&cat=p&typeid=i","cat":314027},{"id":265268,"n":"Dès de fromage salade Boursin Herbes méditerranéennes - 120g","p":2.17,"u":"18,08 €/KG","img":"https://fd9-photos.leclercdrive.fr/image.ashx?id=2908912&use=l&cat=p&typeid=i","cat":314027},{"id":265443,"n":"Martini Bianco 14.5° - 1L","p":10.3,"u":"10,30 €/L","img":"https://fd9-photos.leclercdrive.fr/image.ashx?id=2941952&use=l&cat=p&typeid=i","cat":284913},{"id":265518,"n":"Nettoyant liquide Mr Propre Multi-usages - Citron - 1.5L","p":2.97,"u":"1,98 €/L","img":"https://fd9-photos.leclercdrive.fr/image.ashx?id=2912695&use=l&cat=p&typeid=i","cat":284907},{"id":265519,"n":"Adoucissant Lenor Fresh Air Jardins en fleurs - 504ml x36","p":5.85,"u":"11,61 €/L","img":"https://fd9-photos.leclercdrive.fr/image.ashx?id=2912686&use=l&cat=p&typeid=i","cat":284650},{"id":265521,"n":"Parfum de linge Lenor Fraîcheur florale - 235g - x19","p":8.0,"u":"34,04 €/KG","img":"https://fd9-photos.leclercdrive.fr/image.ashx?id=2912692&use=l&cat=p&typeid=i","cat":325302},{"id":265772,"n":"Concentré à diluer Pulco Citron Gingembre - 70cl","p":2.83,"u":"4,04 €/L","img":"https://fd9-photos.leclercdrive.fr/image.ashx?id=2941532&use=l&cat=p&typeid=i","cat":295020},{"id":265868,"n":"Lessive liquide Dash 2 en 1 Envolée d'air 40 lavages - 1.8L","p":10.3,"u":"5,72 €/L","img":"https://fd9-photos.leclercdrive.fr/image.ashx?id=2914858&use=l&cat=p&typeid=i","cat":284640},{"id":265920,"n":"Tablette lave-vaisselle Fairy  Platinium Anti-terne - 388g","p":10.0,"u":"25,77 €/KG","img":"https://fd9-photos.leclercdrive.fr/image.ashx?id=2914879&use=l&cat=p&typeid=i","cat":284656},{"id":265931,"n":"Tablettes lave-vaisselle Fairy  Original Tout en 1 x34 - 473g","p":9.29,"u":"19,64 €/KG","img":"https://fd9-photos.leclercdrive.fr/image.ashx?id=2914198&use=l&cat=p&typeid=i","cat":284656},{"id":266078,"n":"Lessive liquide Persil Douceur d'amande - 2.565L x61","p":10.52,"u":"4,10 €/L","img":"https://fd9-photos.leclercdrive.fr/image.ashx?id=2944497&use=l&cat=p&typeid=i","cat":284640},{"id":266108,"n":"Bloc WC Harpic Hygienic & Fresh Pin Eucalyptus - x2","p":2.15,"img":"https://fd9-photos.leclercdrive.fr/image.ashx?id=2914636&use=l&cat=p&typeid=i","cat":284662},{"id":266110,"n":"Bloc WC Harpic Hygienic & Fresh 2.0 Agrume - x2","p":2.54,"img":"https://fd9-photos.leclercdrive.fr/image.ashx?id=2914633&use=l&cat=p&typeid=i","cat":284662},{"id":266111,"n":"Bloc WC Harpic Hygienic & Fresh 2.0 Marine - x2","p":2.77,"img":"https://fd9-photos.leclercdrive.fr/image.ashx?id=2914024&use=l&cat=p&typeid=i","cat":284662},{"id":266112,"n":"Lessive liquide Ariel Peaux sensibles - 1.575L x35","p":10.5,"u":"6,67 €/L","img":"https://fd9-photos.leclercdrive.fr/image.ashx?id=2914819&use=l&cat=p&typeid=i","cat":284640},{"id":266113,"n":"Lessive liquide Ariel Unstoppable - x30 1.350L","p":11.39,"u":"8,44 €/L","img":"https://fd9-photos.leclercdrive.fr/image.ashx?id=2914144&use=l&cat=p&typeid=i","cat":284640},{"id":266143,"n":"Adoucissant Lenor Fresh Air Rayons soleil - 504ml - x36D","p":6.27,"u":"12,44 €/L","img":"https://fd9-photos.leclercdrive.fr/image.ashx?id=2914153&use=l&cat=p&typeid=i","cat":284650},{"id":266147,"n":"Parfum de linge Lenor Parfum d'Ariel - x13 - 155g","p":5.94,"u":"38,32 €/KG","img":"https://fd9-photos.leclercdrive.fr/image.ashx?id=2914159&use=l&cat=p&typeid=i","cat":325302},{"id":266149,"n":"Adoucissant Lenor Fresh Air Fraîcheur matinale 504ml - x36","p":6.17,"u":"12,24 €/L","img":"https://fd9-photos.leclercdrive.fr/image.ashx?id=2914150&use=l&cat=p&typeid=i","cat":284650},{"id":266156,"n":"Lessive capsuleS Ariel Pods+ Unstoppable - 515g - x26","p":15.87,"u":"30,82 €/KG","img":"https://fd9-photos.leclercdrive.fr/image.ashx?id=2914852&use=l&cat=p&typeid=i","cat":284641},{"id":266157,"n":"Lessive capsules Ariel Pods Grandiose Original 762g x21","p":13.07,"u":"17,15 €/KG","img":"https://fd9-photos.leclercdrive.fr/image.ashx?id=2914180&use=l&cat=p&typeid=i","cat":284641},{"id":266163,"n":"Parfum de linge Lenor Jasmin & Rose de mai 155g x13","p":5.94,"u":"38,32 €/KG","img":"https://fd9-photos.leclercdrive.fr/image.ashx?id=2914162&use=l&cat=p&typeid=i","cat":325302},{"id":266165,"n":"Fromage enfant Mini Babybel Mix 9 portions","p":3.67,"u":"0,61 €/P","img":"https://fd9-photos.leclercdrive.fr/image.ashx?id=2911912&use=l&cat=p&typeid=i","cat":314030},{"id":266181,"n":"Adoucissant Lenor Bouquet floral - 1.155L - x55","p":6.21,"u":"5,38 €/L","img":"https://fd9-photos.leclercdrive.fr/image.ashx?id=2914174&use=l&cat=p&typeid=i","cat":284650},{"id":266199,"n":"Adoucissant Soupline Ultra Fraîcheur infinie rosée 800ml","p":5.89,"u":"7,36 €/L","img":"https://fd9-photos.leclercdrive.fr/image.ashx?id=2991027&use=l&cat=p&typeid=i","cat":284650},{"id":266201,"n":"Adoucissant Soupline Ultra Fraîcheur infinie lagon 800ml","p":7.02,"u":"8,78 €/L","img":"https://fd9-photos.leclercdrive.fr/image.ashx?id=2991024&use=l&cat=p&typeid=i","cat":284650},{"id":266203,"n":"Adoucissant Soupline Ultra concentré Rose éclatante 800 ml","p":6.02,"u":"7,53 €/L","img":"https://fd9-photos.leclercdrive.fr/image.ashx?id=2914210&use=l&cat=p&typeid=i","cat":284650},{"id":266206,"n":"Adoucissant Soupline Ultra concentré Fraicheur Azur 800 ml","p":5.92,"u":"7,40 €/L","img":"https://fd9-photos.leclercdrive.fr/image.ashx?id=2991030&use=l&cat=p&typeid=i","cat":284650},{"id":266208,"n":"Adoucissant Soupline Ultra concentré Soin Expert 800 ml","p":7.85,"u":"9,81 €/L","img":"https://fd9-photos.leclercdrive.fr/image.ashx?id=2914222&use=l&cat=p&typeid=i","cat":284650},{"id":266225,"n":"Lessive liquide Ariel Original - 1980ml - x44","p":14.0,"u":"7,07 €/L","img":"https://fd9-photos.leclercdrive.fr/image.ashx?id=2914816&use=l&cat=p&typeid=i","cat":284640},{"id":266242,"n":"Filet de poulet Bon Plan Douce France - 500g","p":6.2,"u":"12,40 €/KG","img":"https://fd9-photos.leclercdrive.fr/image.ashx?id=2914561&use=l&cat=p&typeid=i","cat":284336},{"id":266436,"n":"Lessive liquide Ariel Original - 1.575L - x35","p":9.88,"u":"6,27 €/L","img":"https://fd9-photos.leclercdrive.fr/image.ashx?id=2914813&use=l&cat=p&typeid=i","cat":284640},{"id":266438,"n":"Lessive liquide Ariel Protection fibres - 1.350ml x30","p":13.86,"u":"10,27 €/L","img":"https://fd9-photos.leclercdrive.fr/image.ashx?id=2914825&use=l&cat=p&typeid=i","cat":284640},{"id":266440,"n":"Lessive liquide Ariel Active - 1350ml x30","p":11.65,"u":"8,63 €/L","img":"https://fd9-photos.leclercdrive.fr/image.ashx?id=2914828&use=l&cat=p&typeid=i","cat":284640},{"id":266445,"n":"Lessive capsules Ariel Pods+ Active - 554g - x26","p":13.06,"u":"23,57 €/KG","img":"https://fd9-photos.leclercdrive.fr/image.ashx?id=2914843&use=l&cat=p&typeid=i","cat":284641},{"id":266446,"n":"Lessive capsules Ariel Pods+ Active - 405g - x19","p":12.58,"u":"31,06 €/KG","img":"https://fd9-photos.leclercdrive.fr/image.ashx?id=2914849&use=l&cat=p&typeid=i","cat":284641},{"id":266448,"n":"Lessive capsules Ariel Pods Original - 346g - x19","p":9.13,"u":"26,39 €/KG","img":"https://fd9-photos.leclercdrive.fr/image.ashx?id=2914855&use=l&cat=p&typeid=i","cat":284641},{"id":266449,"n":"Lessive capsules Ariel Pods Grandiose Alpine x21 - 762g","p":12.9,"u":"16,93 €/KG","img":"https://fd9-photos.leclercdrive.fr/image.ashx?id=2970245&use=l&cat=p&typeid=i","cat":284641},{"id":266466,"n":"Lessive capsules Ariel Pods+ Ultra détachant - 606g x26","p":15.87,"u":"26,19 €/KG","img":"https://fd9-photos.leclercdrive.fr/image.ashx?id=2914846&use=l&cat=p&typeid=i","cat":284641},{"id":266467,"n":"Diffuseur électrique Airwick Fleur de coton - 19ml","p":7.09,"u":"373,16 €/L","img":"https://fd9-photos.leclercdrive.fr/image.ashx?id=2914618&use=l&cat=p&typeid=i","cat":311629},{"id":266468,"n":"Recharges diffuseur électrique Airwick - Duo vanille 38ml","p":7.95,"u":"209,21 €/L","img":"https://fd9-photos.leclercdrive.fr/image.ashx?id=2914621&use=l&cat=p&typeid=i","cat":311629},{"id":266470,"n":"Recharges diffuseur électrique Airwick - Cannelle - 19ml","p":4.53,"u":"238,42 €/L","img":"https://fd9-photos.leclercdrive.fr/image.ashx?id=2914624&use=l&cat=p&typeid=i","cat":311629},{"id":266685,"n":"Mélanges herbes épices Cholula Fajita Paprika Coriandre 490g","p":4.95,"u":"10,10 €/KG","img":"https://fd9-photos.leclercdrive.fr/image.ashx?id=2915862&use=l&cat=p&typeid=i","cat":288993},{"id":267004,"n":"Soda Coca Cola Cherry Canette 6x20cl","p":3.85,"u":"3,21 €/L","img":"https://fd9-photos.leclercdrive.fr/image.ashx?id=2916438&use=l&cat=p&typeid=i","cat":284530},{"id":267005,"n":"Soda Coca-Cola Lemon Bouteille - 1,25L","p":2.23,"u":"1,78 €/L","img":"https://fd9-photos.leclercdrive.fr/image.ashx?id=2916435&use=l&cat=p&typeid=i","cat":284530},{"id":267012,"n":"Guacamole Cholula Oignon cumin piment 20g","p":1.15,"u":"57,50 €/KG","img":"https://fd9-photos.leclercdrive.fr/image.ashx?id=2915859&use=l&cat=p&typeid=i","cat":288993},{"id":267014,"n":"Tortillas de blé Old El Paso Complet x10 - 580g","p":3.82,"u":"6,59 €/KG","img":"https://fd9-photos.leclercdrive.fr/image.ashx?id=2916492&use=l&cat=p&typeid=i","cat":288993},{"id":267328,"n":"Nettoyant désinfectant Clair 1.5L","p":1.85,"u":"1,23 €/L","img":"https://fd9-photos.leclercdrive.fr/image.ashx?id=2916593&use=l&cat=p&typeid=i","cat":325357},{"id":267339,"n":"Adoucissant Cajoline Origines Fraîcheur Céleste 1.254L x66","p":4.53,"u":"3,61 €/L","img":"https://fd9-photos.leclercdrive.fr/image.ashx?id=2917121&use=l&cat=p&typeid=i","cat":284650},{"id":267341,"n":"Adoucissant Cajoline Elixir Bouquet estival - 460ml","p":6.87,"u":"14,93 €/L","img":"https://fd9-photos.leclercdrive.fr/image.ashx?id=2940672&use=l&cat=p&typeid=i","cat":284650},{"id":267342,"n":"Adoucissant liquide Cajoline Elixir Brise printanière 460ml","p":6.87,"u":"14,93 €/L","img":"https://fd9-photos.leclercdrive.fr/image.ashx?id=3000896&use=l&cat=p&typeid=i","cat":284650},{"id":267388,"n":"Adoucissant liquide Cajoline Elixir Fraîcheur Céleste 460ml","p":6.87,"u":"14,93 €/L","img":"https://fd9-photos.leclercdrive.fr/image.ashx?id=2918113&use=l&cat=p&typeid=i","cat":284650},{"id":267391,"n":"Adoucissant Cajoline Origines Brise printanière 1.254L x66","p":6.52,"u":"5,20 €/L","img":"https://fd9-photos.leclercdrive.fr/image.ashx?id=2918110&use=l&cat=p&typeid=i","cat":284650},{"id":267412,"n":"Matin+ Pamplemousse Framboise - 90cl","p":2.58,"u":"2,87 €/L","img":"https://fd9-photos.leclercdrive.fr/image.ashx?id=2917735&use=l&cat=p&typeid=i","cat":284914},{"id":267433,"n":"Matin+ Mandarine, Kaki Passion - 90cl","p":2.48,"u":"2,76 €/L","img":"https://fd9-photos.leclercdrive.fr/image.ashx?id=2917729&use=l&cat=p&typeid=i","cat":284915},{"id":267435,"n":"Matin+ Mandarine, Mangue Banane - 90cl","p":2.48,"u":"2,76 €/L","img":"https://fd9-photos.leclercdrive.fr/image.ashx?id=2917732&use=l&cat=p&typeid=i","cat":284915},{"id":267542,"n":"Skyr Yoplait  Fraise - 4x100g","p":2.26,"u":"5,65 €/KG","img":"https://fd9-photos.leclercdrive.fr/image.ashx?id=2917792&use=l&cat=p&typeid=i","cat":315000},{"id":267543,"n":"Yaourt brassé Perle de Lait Saveur poire - 4x125g","p":2.15,"u":"4,30 €/KG","img":"https://fd9-photos.leclercdrive.fr/image.ashx?id=2989231&use=l&cat=p&typeid=i","cat":284410},{"id":267955,"n":"Escalopes de poulet Eco+ x5 - 600g","p":5.99,"u":"9,98 €/KG","img":"https://fd9-photos.leclercdrive.fr/image.ashx?id=2918239&use=l&cat=p&typeid=i","cat":284336},{"id":268023,"n":"Jus pomme poire Andros 1L","p":2.79,"u":"2,79 €/L","img":"https://fd9-photos.leclercdrive.fr/image.ashx?id=2950366&use=l&cat=p&typeid=i","cat":284354},{"id":268029,"n":"Culottes Pampers Baby-dry Pants Taille 7 - x29","p":16.79,"u":"0,58 €/P","img":"https://fd9-photos.leclercdrive.fr/image.ashx?id=2919934&use=l&cat=p&typeid=i","cat":290633},{"id":268038,"n":"Couches Pampers Baby-dry Taille 4 - x43","p":14.3,"u":"0,33 €/P","img":"https://fd9-photos.leclercdrive.fr/image.ashx?id=2942003&use=l&cat=p&typeid=i","cat":284737},{"id":268039,"n":"Couches Pampers Baby-Dry Taille 5 - x38","p":16.48,"u":"0,43 €/P","img":"https://fd9-photos.leclercdrive.fr/image.ashx?id=2919976&use=l&cat=p&typeid=i","cat":284737},{"id":268041,"n":"Couches Pampers Baby-Dry Taille 2 - x56","p":16.0,"u":"0,29 €/P","img":"https://fd9-photos.leclercdrive.fr/image.ashx?id=2919982&use=l&cat=p&typeid=i","cat":284737},{"id":268042,"n":"Culottes Pampers Baby-Dry Pants Taille 5 - x36","p":18.23,"u":"0,51 €/P","img":"https://fd9-photos.leclercdrive.fr/image.ashx?id=2920006&use=l&cat=p&typeid=i","cat":290633},{"id":268043,"n":"Les p'tits croqs Notre jardin Légumes du soleil Emmental 280g","p":2.49,"u":"8,89 €/KG","img":"https://fd9-photos.leclercdrive.fr/image.ashx?id=2918526&use=l&cat=p&typeid=i","cat":319802},{"id":268046,"n":"Les p'tits croqs Notre jardin Épinards mozzarella 280g","p":2.49,"u":"8,89 €/KG","img":"https://fd9-photos.leclercdrive.fr/image.ashx?id=2918529&use=l&cat=p&typeid=i","cat":319802},{"id":268047,"n":"Les p'tits croqs Notre jardin Petits légumes Emmental 280g","p":2.49,"u":"8,89 €/KG","img":"https://fd9-photos.leclercdrive.fr/image.ashx?id=2918532&use=l&cat=p&typeid=i","cat":319802},{"id":268048,"n":"Jus multivitaminés Andros  ACE orange carotte citron 1L","p":2.77,"u":"2,77 €/L","img":"https://fd9-photos.leclercdrive.fr/image.ashx?id=2919841&use=l&cat=p&typeid=i","cat":284354},{"id":268050,"n":"Couches Pampers Baby-Dry Taille 6 - x33","p":17.17,"u":"0,52 €/P","img":"https://fd9-photos.leclercdrive.fr/image.ashx?id=2941994&use=l&cat=p&typeid=i","cat":284737},{"id":268052,"n":"Couches Pampers Baby-Dry Taille 5+ - x35","p":17.49,"u":"0,50 €/P","img":"https://fd9-photos.leclercdrive.fr/image.ashx?id=2942006&use=l&cat=p&typeid=i","cat":284737},{"id":268054,"n":"Couches Pampers Baby-Dry Taille 3 - x50","p":14.25,"u":"0,29 €/P","img":"https://fd9-photos.leclercdrive.fr/image.ashx?id=2919988&use=l&cat=p&typeid=i","cat":284737},{"id":268057,"n":"Couches Pampers Premium Protection Taille 2 - x54","p":16.94,"u":"0,31 €/P","img":"https://fd9-photos.leclercdrive.fr/image.ashx?id=2957392&use=l&cat=p&typeid=i","cat":284737},{"id":268077,"n":"Fromage Mini Babybel  Protéines x5 - 110g","p":2.39,"u":"21,73 €/KG","img":"https://fd9-photos.leclercdrive.fr/image.ashx?id=2923567&use=l&cat=p&typeid=i","cat":314030},{"id":268179,"n":"Culottes Pampers Premium Protection Pants - Taille 5 x29","p":16.77,"u":"0,58 €/P","img":"https://fd9-photos.leclercdrive.fr/image.ashx?id=3009245&use=l&cat=p&typeid=i","cat":290633},{"id":268180,"n":"Culottes Pampers Premium Protection Pants - Taille 6 x27","p":17.12,"u":"0,63 €/P","img":"https://fd9-photos.leclercdrive.fr/image.ashx?id=3009248&use=l&cat=p&typeid=i","cat":290633},{"id":268185,"n":"Couches Pampers Baby-Dry Taille 4+ - x39","p":16.99,"u":"0,44 €/P","img":"https://fd9-photos.leclercdrive.fr/image.ashx?id=2941997&use=l&cat=p&typeid=i","cat":284737},{"id":268187,"n":"Couches Pampers Premium Protection - Taille 6 x29","p":18.4,"u":"0,63 €/P","img":"https://fd9-photos.leclercdrive.fr/image.ashx?id=2919997&use=l&cat=p&typeid=i","cat":284737},{"id":268189,"n":"Couches Pampers Premium Protection Taille 3 x46","p":16.34,"u":"0,36 €/P","img":"https://fd9-photos.leclercdrive.fr/image.ashx?id=2991009&use=l&cat=p&typeid=i","cat":284737},{"id":268191,"n":"Culottes Pampers Baby-Dry Pants Taille 6 - x31","p":16.79,"u":"0,54 €/P","img":"https://fd9-photos.leclercdrive.fr/image.ashx?id=2920009&use=l&cat=p&typeid=i","cat":290633},{"id":268192,"n":"Culottes Pampers Baby-Dry Pants Taille 4 - x41","p":18.23,"u":"0,44 €/P","img":"https://fd9-photos.leclercdrive.fr/image.ashx?id=2920012&use=l&cat=p&typeid=i","cat":290633},{"id":268231,"n":"Penne Rigate Barilla  Protein + - 400g","p":2.01,"u":"5,03 €/KG","img":"https://fd9-photos.leclercdrive.fr/image.ashx?id=2919928&use=l&cat=p&typeid=i","cat":284427},{"id":268234,"n":"Spaghetti Barilla  Protein + - 400g","p":2.01,"u":"5,03 €/KG","img":"https://fd9-photos.leclercdrive.fr/image.ashx?id=2919931&use=l&cat=p&typeid=i","cat":284427},{"id":268236,"n":"Fusilli Barilla  Protein + - 400g","p":2.18,"u":"5,45 €/KG","img":"https://fd9-photos.leclercdrive.fr/image.ashx?id=2919925&use=l&cat=p&typeid=i","cat":284427},{"id":268347,"n":"Pétales snacks Tokapi Goût crème oignon - 75g","p":0.89,"u":"11,87 €/KG","img":"https://fd9-photos.leclercdrive.fr/image.ashx?id=2920241&use=l&cat=p&typeid=i","cat":284449},{"id":268465,"n":"Pepsi pack de 6 canettes  6x33cl","p":3.08,"u":"1,56 €/L","img":"https://fd9-photos.leclercdrive.fr/image.ashx?id=2921540&use=l&cat=p&typeid=i","cat":284530},{"id":268468,"n":"Thé glacé Lipton Framboise  1.75L","p":2.5,"u":"1,43 €/L","img":"https://fd9-photos.leclercdrive.fr/image.ashx?id=2921103&use=l&cat=p&typeid=i","cat":295019},{"id":268815,"n":"Pampers Baby Dry x74","p":42.92,"u":"0,58 €/P","img":"https://fd9-photos.leclercdrive.fr/image.ashx?id=2922266&use=l&cat=p&typeid=i","cat":290633},{"id":268817,"n":"Couches culotte Pampers Baby Dry x86 Taille 5","p":34.9,"u":"0,41 €/P","img":"https://fd9-photos.leclercdrive.fr/image.ashx?id=2922269&use=l&cat=p&typeid=i","cat":290633},{"id":268821,"n":"Couches Pampers Baby Dry x98","p":41.2,"u":"0,42 €/P","img":"https://fd9-photos.leclercdrive.fr/image.ashx?id=2922278&use=l&cat=p&typeid=i","cat":284737},{"id":268830,"n":"Pampers Baby Dry Taille 6 - x80","p":42.92,"u":"0,54 €/P","img":"https://fd9-photos.leclercdrive.fr/image.ashx?id=2922284&use=l&cat=p&typeid=i","cat":284737},{"id":268835,"n":"Couches Pampers  Premium protection Taille 5 x80","p":33.53,"u":"0,42 €/P","img":"https://fd9-photos.leclercdrive.fr/image.ashx?id=2922257&use=l&cat=p&typeid=i","cat":284737},{"id":268837,"n":"Couches Pampers Protection Taille 4 - x90","p":35.52,"u":"0,39 €/P","img":"https://fd9-photos.leclercdrive.fr/image.ashx?id=2922260&use=l&cat=p&typeid=i","cat":284737},{"id":269137,"n":"Roquefort AOP Société douceur 100g","p":2.55,"u":"25,50 €/KG","img":"https://fd9-photos.leclercdrive.fr/image.ashx?id=2922539&use=l&cat=p&typeid=i","cat":314032},{"id":269150,"n":"Capsules de Café KitKat Dolce Gusto x16","p":5.34,"u":"0,33 €/P","img":"https://fd9-photos.leclercdrive.fr/image.ashx?id=2924893&use=l&cat=p&typeid=i","cat":293239},{"id":269197,"n":"Lessive liquide Persil  Douceur d'amande - 1.806","p":7.69,"u":"4,26 €/L","img":"https://fd9-photos.leclercdrive.fr/image.ashx?id=2944491&use=l&cat=p&typeid=i","cat":284640},{"id":269335,"n":"Déodorant Adidas Pure game - 150ml","p":3.15,"u":"21,00 €/L","img":"https://fd9-photos.leclercdrive.fr/image.ashx?id=2924290&use=l&cat=p&typeid=i","cat":284618},{"id":269404,"n":"Keftas Végétales x6 Hari&Co - 150g","p":4.29,"u":"28,60 €/KG","img":"https://fd9-photos.leclercdrive.fr/image.ashx?id=2924515&use=l&cat=p&typeid=i","cat":316036},{"id":269407,"n":"Mini Penne Bolognaise haché végétal Hari&Co - 300g","p":3.87,"u":"12,90 €/KG","img":"https://fd9-photos.leclercdrive.fr/image.ashx?id=2924518&use=l&cat=p&typeid=i","cat":334983},{"id":269410,"n":"Fusilli Champignons haché  végétal Hari&Co - 300g","p":3.86,"u":"12,87 €/KG","img":"https://fd9-photos.leclercdrive.fr/image.ashx?id=2924521&use=l&cat=p&typeid=i","cat":334983},{"id":269562,"n":"Skyr à boire Siggi's Framboise 250g","p":1.7,"u":"6,80 €/KG","img":"https://fd9-photos.leclercdrive.fr/image.ashx?id=2927282&use=l&cat=p&typeid=i","cat":315000},{"id":269565,"n":"Skyr à boire Siggi's Vanille 250g","p":1.69,"u":"6,76 €/KG","img":"https://fd9-photos.leclercdrive.fr/image.ashx?id=2927285&use=l&cat=p&typeid=i","cat":315000},{"id":269568,"n":"Skyr à boire Siggi's Mangue passion 250g","p":1.7,"u":"6,80 €/KG","img":"https://fd9-photos.leclercdrive.fr/image.ashx?id=2927288&use=l&cat=p&typeid=i","cat":315000},{"id":269571,"n":"Comté AOP affiné 10 mois Nos Régions ont du Talent 200g","p":3.67,"u":"18,35 €/KG","img":"https://fd9-photos.leclercdrive.fr/image.ashx?id=2923408&use=l&cat=p&typeid=i","cat":314034},{"id":269573,"n":"Bulots cuits  L'Atelier Poissonnerie 500g","p":3.69,"u":"7,38 €/KG","img":"https://fd9-photos.leclercdrive.fr/image.ashx?id=2927537&use=l&cat=p&typeid=i","cat":284343},{"id":269912,"n":"P'tit gourmand Nestlé  Vanille - 4x100g","p":1.66,"u":"4,15 €/KG","img":"https://fd9-photos.leclercdrive.fr/image.ashx?id=2946278&use=l&cat=p&typeid=i","cat":312392},{"id":270170,"n":"Bâtonnet Oasis So Fruiz Exotique coeur vanille x6 282g","p":2.81,"u":"9,96 €/KG","img":"https://fd9-photos.leclercdrive.fr/image.ashx?id=2927396&use=l&cat=p&typeid=i","cat":284265},{"id":270172,"n":"Bâtonnet Oasis So Fruiz Fruits rouges coeur vanille x6 282g","p":3.05,"u":"10,82 €/KG","img":"https://fd9-photos.leclercdrive.fr/image.ashx?id=2927399&use=l&cat=p&typeid=i","cat":284265},{"id":270180,"n":"Barre céréales P'tit Déli 138g","p":1.47,"u":"10,65 €/KG","img":"https://fd9-photos.leclercdrive.fr/image.ashx?id=2926176&use=l&cat=p&typeid=i","cat":300032},{"id":270473,"n":"Dessert lacté Nestlé Biscuit dès 6mois - 4x100g","p":1.72,"u":"4,30 €/KG","img":"https://fd9-photos.leclercdrive.fr/image.ashx?id=2934914&use=l&cat=p&typeid=i","cat":312392},{"id":270766,"n":"Eau aromatisée Vittel Aro Fraise framboise - 1L","p":1.11,"u":"1,11 €/L","img":"https://fd9-photos.leclercdrive.fr/image.ashx?id=2940624&use=l&cat=p&typeid=i","cat":284537},{"id":270767,"n":"Eau aromatisée Vittel Aro Fraise framboise - 4x50cl","p":3.06,"u":"3,06 €/L","img":"https://fd9-photos.leclercdrive.fr/image.ashx?id=2940621&use=l&cat=p&typeid=i","cat":284537},{"id":270768,"n":"Eau aromatisée Vittel Aro Pêche abricot - 1L","p":1.11,"u":"1,11 €/L","img":"https://fd9-photos.leclercdrive.fr/image.ashx?id=2940627&use=l&cat=p&typeid=i","cat":284537},{"id":271154,"n":"Effilochés de porc français Bordeau Chesnel - 200g","p":2.97,"u":"14,85 €/KG","img":"https://fd9-photos.leclercdrive.fr/image.ashx?id=2935696&use=l&cat=p&typeid=i","cat":316008},{"id":271245,"n":"Ramette de papier A4 75g Eco+ - 500 feuilles","p":3.57,"u":"0,01 €/P","img":"https://fd9-photos.leclercdrive.fr/image.ashx?id=2943142&use=l&cat=p&typeid=i","cat":284697},{"id":271285,"n":"Pepites de chocolat Vahiné  Brownies - 310g","p":3.16,"u":"10,19 €/KG","img":"https://fd9-photos.leclercdrive.fr/image.ashx?id=2936320&use=l&cat=p&typeid=i","cat":284505},{"id":271449,"n":"Cookies chunks Vahiné 3 chocolats - 330g","p":3.16,"u":"9,58 €/KG","img":"https://fd9-photos.leclercdrive.fr/image.ashx?id=2936329&use=l&cat=p&typeid=i","cat":284505},{"id":271466,"n":"Préparation Vahiné Cookies muffins cake - 300g","p":2.59,"u":"8,63 €/KG","img":"https://fd9-photos.leclercdrive.fr/image.ashx?id=2936326&use=l&cat=p&typeid=i","cat":284505},{"id":271515,"n":"Ramen Tables du Monde Boeuf - 362g","p":2.47,"u":"6,82 €/KG","img":"https://fd9-photos.leclercdrive.fr/image.ashx?id=2931977&use=l&cat=p&typeid=i","cat":288992},{"id":271840,"n":"Boisson orange  Pago Sans pulpe - 75cl","p":2.27,"u":"3,03 €/L","img":"https://fd9-photos.leclercdrive.fr/image.ashx?id=2940738&use=l&cat=p&typeid=i","cat":284521},{"id":271851,"n":"Dessert végétal Sojasun Mangue passion - 4x100g","p":1.85,"u":"4,63 €/KG","img":"https://fd9-photos.leclercdrive.fr/image.ashx?id=2932714&use=l&cat=p&typeid=i","cat":316071},{"id":271971,"n":"Déodorant bille Sanex Natur  Protect Aloe vera 50ml","p":4.49,"u":"89,80 €/L","img":"https://fd9-photos.leclercdrive.fr/image.ashx?id=2938310&use=l&cat=p&typeid=i","cat":284595},{"id":271995,"n":"Dentifrice Sensodyne  Sensibilité & gencives 75ml","p":4.56,"u":"60,80 €/L","img":"https://fd9-photos.leclercdrive.fr/image.ashx?id=2937799&use=l&cat=p&typeid=i","cat":284612},{"id":271998,"n":"Dentifrice Sensodyne Multi-protection 75ml","p":4.55,"u":"60,67 €/L","img":"https://fd9-photos.leclercdrive.fr/image.ashx?id=2937802&use=l&cat=p&typeid=i","cat":284612},{"id":272145,"n":"Latté Kitkat Nescafé  273g","p":4.95,"u":"18,13 €/KG","img":"https://fd9-photos.leclercdrive.fr/image.ashx?id=2952178&use=l&cat=p&typeid=i","cat":284843},{"id":272705,"n":"Chips Tuiles Pringles Cream Cheese et Herbes-165g","p":2.52,"u":"15,27 €/KG","img":"https://fd9-photos.leclercdrive.fr/image.ashx?id=2941065&use=l&cat=p&typeid=i","cat":287899},{"id":273529,"n":"Compote Morceaux Fondants Figue Andros - 4x100g","p":2.54,"u":"6,35 €/KG","img":"https://fd9-photos.leclercdrive.fr/image.ashx?id=2988608&use=l&cat=p&typeid=i","cat":284416},{"id":273540,"n":"Pur Jus Clémentine  Corse - 1L","p":2.99,"u":"2,99 €/L","img":"https://fd9-photos.leclercdrive.fr/image.ashx?id=2941315&use=l&cat=p&typeid=i","cat":284915},{"id":273585,"n":"Oignon rouge Eco+ 500g","p":0.99,"u":"1,98 €/KG","img":"https://fd9-photos.leclercdrive.fr/image.ashx?id=2942048&use=l&cat=p&typeid=i","cat":284352},{"id":273630,"n":"Oignon jaune tube filière Panier du Primeur x4","p":1.79,"u":"0,45 €/P","img":"https://fd9-photos.leclercdrive.fr/image.ashx?id=2942260&use=l&cat=p&typeid=i","cat":284352},{"id":273983,"n":"Carottes baie du Mont St-Michel Nos Régions ont du Talent 1kg","p":1.99,"u":"1,99 €/KG","img":"https://fd9-photos.leclercdrive.fr/image.ashx?id=2943024&use=l&cat=p&typeid=i","cat":284352},{"id":274063,"n":"Gourdes Super brassé fraise Yabon - 4x80g","p":3.48,"u":"10,88 €/KG","img":"https://fd9-photos.leclercdrive.fr/image.ashx?id=2944272&use=l&cat=p&typeid=i","cat":284415},{"id":274064,"n":"Gourdes Super brassé pêche Yabon - 4x80g","p":3.48,"u":"10,88 €/KG","img":"https://fd9-photos.leclercdrive.fr/image.ashx?id=2944275&use=l&cat=p&typeid=i","cat":284415},{"id":274066,"n":"Gourdes Super brassé framboise Yabon - 4x80g","p":3.48,"u":"10,88 €/KG","img":"https://fd9-photos.leclercdrive.fr/image.ashx?id=2944269&use=l&cat=p&typeid=i","cat":284415},{"id":274343,"n":"Café dosettes Tassimo Milka x10","p":5.26,"u":"32,88 €/KG","img":"https://fd9-photos.leclercdrive.fr/image.ashx?id=2944461&use=l&cat=p&typeid=i","cat":293240},{"id":274537,"n":"Recharges diffuseur électrique  Airwick - Duo coton - 38ml","p":7.38,"u":"194,21 €/L","img":"https://fd9-photos.leclercdrive.fr/image.ashx?id=2945637&use=l&cat=p&typeid=i","cat":311629},{"id":274538,"n":"Recharge diffuseur électrique Airwick - Vanille - 19ml","p":2.94,"u":"154,74 €/L","img":"https://fd9-photos.leclercdrive.fr/image.ashx?id=2945634&use=l&cat=p&typeid=i","cat":311629},{"id":274540,"n":"Recharges spray automatique Airwick - Bois - 228ml","p":5.8,"u":"25,44 €/L","img":"https://fd9-photos.leclercdrive.fr/image.ashx?id=2945631&use=l&cat=p&typeid=i","cat":311629},{"id":274544,"n":"Recharge diffuseur électrique Airwick - Coton - 19ml","p":4.53,"u":"238,42 €/L","img":"https://fd9-photos.leclercdrive.fr/image.ashx?id=2945640&use=l&cat=p&typeid=i","cat":311629},{"id":274550,"n":"Recharge diffuseur électrique Airwick - Cerisier - 19ml","p":4.53,"u":"238,42 €/L","img":"https://fd9-photos.leclercdrive.fr/image.ashx?id=2945832&use=l&cat=p&typeid=i","cat":311629},{"id":274555,"n":"Yaourt à la Grecque Danone Caramel - 4x110g","p":1.89,"u":"4,30 €/KG","img":"https://fd9-photos.leclercdrive.fr/image.ashx?id=2992741&use=l&cat=p&typeid=i","cat":314999},{"id":274571,"n":"Skyr protéiné Danone nature 0% MG - 825g","p":4.73,"u":"5,73 €/KG","img":"https://fd9-photos.leclercdrive.fr/image.ashx?id=2951028&use=l&cat=p&typeid=i","cat":315000},{"id":274593,"n":"Danone Skyr nature  x4 - 400g","p":2.08,"u":"5,20 €/KG","img":"https://fd9-photos.leclercdrive.fr/image.ashx?id=2960654&use=l&cat=p&typeid=i","cat":315000},{"id":274596,"n":"Danone Skyr nature  x8 - 800g","p":3.2,"u":"4,00 €/KG","img":"https://fd9-photos.leclercdrive.fr/image.ashx?id=2960657&use=l&cat=p&typeid=i","cat":315000},{"id":274977,"n":"Lingettes Carolin Multi-usages  x80","p":3.25,"u":"0,04 €/P","img":"https://fd9-photos.leclercdrive.fr/image.ashx?id=2946562&use=l&cat=p&typeid=i","cat":325358},{"id":275024,"n":"Lingettes serpillières Carolin  Tous types de sols - x15","p":3.29,"u":"0,22 €/P","img":"https://fd9-photos.leclercdrive.fr/image.ashx?id=2946970&use=l&cat=p&typeid=i","cat":284907},{"id":275025,"n":"Lingettes serpillières Carolin  pour parquets - x15","p":3.92,"u":"0,26 €/P","img":"https://fd9-photos.leclercdrive.fr/image.ashx?id=2946973&use=l&cat=p&typeid=i","cat":284907},{"id":275203,"n":"Dessert lacté Ptit gourmand  Caramel - 4x10gg","p":1.82,"u":"4,55 €/KG","img":"https://fd9-photos.leclercdrive.fr/image.ashx?id=2978191&use=l&cat=p&typeid=i","cat":312392},{"id":275204,"n":"Semoule au lait P'tit gourmand 4x100g","p":1.72,"u":"4,30 €/KG","img":"https://fd9-photos.leclercdrive.fr/image.ashx?id=2978194&use=l&cat=p&typeid=i","cat":312392},{"id":275205,"n":"Dessert lacté P'tit Gourmand 4x100g","p":1.66,"u":"4,15 €/KG","img":"https://fd9-photos.leclercdrive.fr/image.ashx?id=2978197&use=l&cat=p&typeid=i","cat":312392},{"id":275214,"n":"Curry  pois chiches Cassegrain A l'indienne - 430g","p":2.37,"u":"5,51 €/KG","img":"https://fd9-photos.leclercdrive.fr/image.ashx?id=2952490&use=l&cat=p&typeid=i","cat":287599},{"id":275218,"n":"Chili de haricots Cassegrain A la mexicaine - 430g","p":2.37,"u":"5,51 €/KG","img":"https://fd9-photos.leclercdrive.fr/image.ashx?id=2962125&use=l&cat=p&typeid=i","cat":287599},{"id":275220,"n":"Dahl de lentilles Cassegrain A l'indienne - 435g","p":2.37,"u":"5,45 €/KG","img":"https://fd9-photos.leclercdrive.fr/image.ashx?id=2946904&use=l&cat=p&typeid=i","cat":287599},{"id":275222,"n":"Trio de poivrons Cassegrain Sarrasin - 375g","p":4.13,"u":"11,01 €/KG","img":"https://fd9-photos.leclercdrive.fr/image.ashx?id=2953459&use=l&cat=p&typeid=i","cat":287599},{"id":275224,"n":"Barre de céréales Lion 8x25g","p":2.95,"u":"14,75 €/KG","img":"https://fd9-photos.leclercdrive.fr/image.ashx?id=2947195&use=l&cat=p&typeid=i","cat":285869},{"id":275225,"n":"Barre de céréales Chocapic 8x25g","p":3.11,"u":"15,55 €/KG","img":"https://fd9-photos.leclercdrive.fr/image.ashx?id=2947198&use=l&cat=p&typeid=i","cat":285869},{"id":275236,"n":"Lingettes Carolin  Anti-bactériennes  - x80","p":3.35,"u":"0,04 €/P","img":"https://fd9-photos.leclercdrive.fr/image.ashx?id=2946964&use=l&cat=p&typeid=i","cat":325358},{"id":275240,"n":"Lingettes Carolin Citron Ultra dégraissant - x80","p":3.74,"u":"0,05 €/P","img":"https://fd9-photos.leclercdrive.fr/image.ashx?id=2946976&use=l&cat=p&typeid=i","cat":325358},{"id":275244,"n":"Dentifrice Sensodyne  Sensibilité et gencives -75ml","p":4.56,"u":"60,80 €/L","img":"https://fd9-photos.leclercdrive.fr/image.ashx?id=2947180&use=l&cat=p&typeid=i","cat":284612},{"id":275245,"n":"Dentifrice Sensodyne Blancheur - 75ml","p":4.51,"u":"60,13 €/L","img":"https://fd9-photos.leclercdrive.fr/image.ashx?id=2947183&use=l&cat=p&typeid=i","cat":284612},{"id":275249,"n":"Spray aérosol Airwick  Baies sauvages -250ml","p":3.89,"u":"15,56 €/L","img":"https://fd9-photos.leclercdrive.fr/image.ashx?id=2947066&use=l&cat=p&typeid=i","cat":311626},{"id":275404,"n":"Shampooing Dop Hair Argan - 480ml","p":2.99,"u":"6,23 €/L","img":"https://fd9-photos.leclercdrive.fr/image.ashx?id=2955372&use=l&cat=p&typeid=i","cat":284606},{"id":275405,"n":"Shampooing Dop Hair Amande - 480ml","p":2.85,"u":"5,94 €/L","img":"https://fd9-photos.leclercdrive.fr/image.ashx?id=2955369&use=l&cat=p&typeid=i","cat":284606},{"id":275406,"n":"Pâte nettoyante Cillit Bang 470g","p":4.52,"u":"9,62 €/KG","img":"https://fd9-photos.leclercdrive.fr/image.ashx?id=2948986&use=l&cat=p&typeid=i","cat":325357},{"id":275409,"n":"Shampooing Dop Hair Antipelliculaire - 480ml","p":2.85,"u":"5,94 €/L","img":"https://fd9-photos.leclercdrive.fr/image.ashx?id=2955375&use=l&cat=p&typeid=i","cat":284606},{"id":275412,"n":"Shampooing Dop Hair Oeufs - 480ml","p":2.85,"u":"5,94 €/L","img":"https://fd9-photos.leclercdrive.fr/image.ashx?id=2954773&use=l&cat=p&typeid=i","cat":284606},{"id":275415,"n":"Gel douche enfance Dop Barbe à papa - 310ml","p":2.39,"u":"7,71 €/L","img":"https://fd9-photos.leclercdrive.fr/image.ashx?id=2955357&use=l&cat=p&typeid=i","cat":284594},{"id":275509,"n":"Shampooing Dessange Couleur - 280ml","p":4.99,"u":"17,82 €/L","img":"https://fd9-photos.leclercdrive.fr/image.ashx?id=2955405&use=l&cat=p&typeid=i","cat":284606},{"id":275528,"n":"Sérum Dessange Extrême 3 huiles - 110ml","p":9.49,"u":"86,27 €/L","img":"https://fd9-photos.leclercdrive.fr/image.ashx?id=2954624&use=l&cat=p&typeid=i","cat":284608},{"id":275529,"n":"Soin cheveux Dessange Nutri-richesse - 110ml","p":6.83,"u":"62,09 €/L","img":"https://fd9-photos.leclercdrive.fr/image.ashx?id=2955390&use=l&cat=p&typeid=i","cat":284608},{"id":275531,"n":"Masque Dessange Nutri-Extrême - 280ml","p":7.87,"u":"28,11 €/L","img":"https://fd9-photos.leclercdrive.fr/image.ashx?id=2955393&use=l&cat=p&typeid=i","cat":284608},{"id":275615,"n":"Gel douche Ushuaïa Minéraux marins - 280ml","p":2.67,"u":"9,54 €/L","img":"https://fd9-photos.leclercdrive.fr/image.ashx?id=3008791&use=l&cat=p&typeid=i","cat":284594},{"id":275616,"n":"Gel douche délassante Ushuaïa Huile essentielle d'Ylang 280ml","p":2.67,"u":"9,54 €/L","img":"https://fd9-photos.leclercdrive.fr/image.ashx?id=2949544&use=l&cat=p&typeid=i","cat":284594},{"id":275618,"n":"Gel douche hydratant Ushuaïa Grenade - 280ml","p":2.67,"u":"9,54 €/L","img":"https://fd9-photos.leclercdrive.fr/image.ashx?id=2949550&use=l&cat=p&typeid=i","cat":284594},{"id":275681,"n":"Après-shampooing Dessange Nutri- extrême - 225ml","p":3.85,"u":"17,11 €/L","img":"https://fd9-photos.leclercdrive.fr/image.ashx?id=2954627&use=l&cat=p&typeid=i","cat":284607},{"id":275686,"n":"Shampooing Dessange Nutri-extrême - 280ml","p":3.39,"u":"12,11 €/L","img":"https://fd9-photos.leclercdrive.fr/image.ashx?id=2955411&use=l&cat=p&typeid=i","cat":284606},{"id":275708,"n":"Dentifrice Sensodyne Sensibilité Gencives Email 75ml","p":4.56,"u":"60,80 €/L","img":"https://fd9-photos.leclercdrive.fr/image.ashx?id=2950720&use=l&cat=p&typeid=i","cat":284612},{"id":276027,"n":"Spray nettoyant Cillit Bang  Expert Javel Familial - 1L","p":4.69,"u":"4,69 €/L","img":"https://fd9-photos.leclercdrive.fr/image.ashx?id=2950384&use=l&cat=p&typeid=i","cat":325357},{"id":276028,"n":"Spray nettoyant Cillit Bang Expert crasse & calcaire - 1L","p":4.69,"u":"4,69 €/L","img":"https://fd9-photos.leclercdrive.fr/image.ashx?id=2950390&use=l&cat=p&typeid=i","cat":325357},{"id":276030,"n":"Spray nettoyant Cillit Bang  Expert Anti-moisissures - 1L","p":4.69,"u":"4,69 €/L","img":"https://fd9-photos.leclercdrive.fr/image.ashx?id=2950381&use=l&cat=p&typeid=i","cat":325357},{"id":276113,"n":"Mini bâtonnets Trium Vanille x6 - 234g","p":2.35,"u":"10,04 €/KG","img":"https://fd9-photos.leclercdrive.fr/image.ashx?id=2951137&use=l&cat=p&typeid=i","cat":284265},{"id":276184,"n":"Ferrero Collection Arbre mixte  129g","p":7.57,"u":"58,68 €/KG","img":"https://fd9-photos.leclercdrive.fr/image.ashx?id=2952052&use=l&cat=p&typeid=i","cat":327595},{"id":276186,"n":"Ferrero Collection Assortiment cube lumières de fête - 185g","p":10.08,"u":"54,49 €/KG","img":"https://fd9-photos.leclercdrive.fr/image.ashx?id=2952121&use=l&cat=p&typeid=i","cat":327595},{"id":276187,"n":"Ferrero Collection Assortiment Merveilles d'hiver - 203g","p":10.08,"u":"49,66 €/KG","img":"https://fd9-photos.leclercdrive.fr/image.ashx?id=2952061&use=l&cat=p&typeid=i","cat":327595},{"id":276208,"n":"Kinder Balls  Eclats de Noisettes - 164g","p":5.81,"u":"35,43 €/KG","img":"https://fd9-photos.leclercdrive.fr/image.ashx?id=2952088&use=l&cat=p&typeid=i","cat":327592},{"id":276209,"n":"Kinder Balls  Eclats de Bsicuits cacao - 164g","p":5.98,"u":"36,46 €/KG","img":"https://fd9-photos.leclercdrive.fr/image.ashx?id=2952091&use=l&cat=p&typeid=i","cat":327592},{"id":276211,"n":"Kinder Schokobons  350g","p":6.19,"u":"17,69 €/KG","img":"https://fd9-photos.leclercdrive.fr/image.ashx?id=2952103&use=l&cat=p&typeid=i","cat":327592},{"id":276214,"n":"Nutella Chausette  209g","p":10.9,"u":"52,15 €/KG","img":"https://fd9-photos.leclercdrive.fr/image.ashx?id=2952100&use=l&cat=p&typeid=i","cat":327592},{"id":276269,"n":"Fromage cremeux Coeur de Lion 8 tranches 150g","p":2.53,"u":"16,87 €/KG","img":"https://fd9-photos.leclercdrive.fr/image.ashx?id=2952493&use=l&cat=p&typeid=i","cat":314028},{"id":276368,"n":"Sachet noël nougat Montélimar Chabert & Guillot - 300g","p":10.95,"u":"36,50 €/KG","img":"https://fd9-photos.leclercdrive.fr/image.ashx?id=2952502&use=l&cat=p&typeid=i","cat":327605},{"id":276400,"n":"Sachet composition Riegelein moulage chocolat lait - 150g","p":4.38,"u":"29,20 €/KG","img":"https://fd9-photos.leclercdrive.fr/image.ashx?id=2952784&use=l&cat=p&typeid=i","cat":327592},{"id":276402,"n":"Sachet déco sapin Riegelein moulage chocolat lait -150g","p":4.25,"u":"28,33 €/KG","img":"https://fd9-photos.leclercdrive.fr/image.ashx?id=2952766&use=l&cat=p&typeid=i","cat":327592},{"id":276448,"n":"Lanvin Escargots Ballotin  Lait -164g","p":7.79,"u":"47,50 €/KG","img":"https://fd9-photos.leclercdrive.fr/image.ashx?id=2987014&use=l&cat=p&typeid=i","cat":327595},{"id":276449,"n":"Lanvin Escargots Ballotin  Noir - 164g","p":8.0,"u":"48,78 €/KG","img":"https://fd9-photos.leclercdrive.fr/image.ashx?id=2987017&use=l&cat=p&typeid=i","cat":327595},{"id":276450,"n":"Lanvin Escargots Ballotin  Blanc -164g","p":8.2,"u":"50,00 €/KG","img":"https://fd9-photos.leclercdrive.fr/image.ashx?id=2953016&use=l&cat=p&typeid=i","cat":327595},{"id":276453,"n":"Lanvin Escargots Ballotin  Noir café -164 g","p":7.99,"u":"48,72 €/KG","img":"https://fd9-photos.leclercdrive.fr/image.ashx?id=2965322&use=l&cat=p&typeid=i","cat":327595},{"id":276458,"n":"Les Recettes de l'Atelier   Assortiment Hiver - 408g","p":14.75,"u":"36,15 €/KG","img":"https://fd9-photos.leclercdrive.fr/image.ashx?id=2953986&use=l&cat=p&typeid=i","cat":327595},{"id":276462,"n":"Nestlé dessert truffes Noir - 250g","p":7.99,"u":"31,96 €/KG","img":"https://fd9-photos.leclercdrive.fr/image.ashx?id=2953040&use=l&cat=p&typeid=i","cat":327600},{"id":276463,"n":"Nestlé dessert truffes Lait - 250g","p":8.5,"u":"34,00 €/KG","img":"https://fd9-photos.leclercdrive.fr/image.ashx?id=2953046&use=l&cat=p&typeid=i","cat":327600},{"id":276464,"n":"Nestlé dessert truffes Noir 70 % - 250g","p":6.18,"u":"24,72 €/KG","img":"https://fd9-photos.leclercdrive.fr/image.ashx?id=2953043&use=l&cat=p&typeid=i","cat":327600},{"id":276550,"n":"Biscuit sésame GERBLE - 5x4 220g","p":1.52,"u":"6,91 €/KG","img":"https://fd9-photos.leclercdrive.fr/image.ashx?id=2953803&use=l&cat=p&typeid=i","cat":318651},{"id":277153,"n":"Skyr végétal Protéiné Alpro Nature - 400g","p":2.86,"u":"7,15 €/KG","img":"https://fd9-photos.leclercdrive.fr/image.ashx?id=2976092&use=l&cat=p&typeid=i","cat":316071},{"id":277208,"n":"Lessive liquide Le Chat  L'Expert Lot 2x66 -5.94L","p":21.01,"u":"3,54 €/L","img":"https://fd9-photos.leclercdrive.fr/image.ashx?id=2963520&use=l&cat=p&typeid=i","cat":284640},{"id":277476,"n":"Activia Kéfir Nature 345g","p":2.29,"u":"6,64 €/KG","img":"https://fd9-photos.leclercdrive.fr/image.ashx?id=2966164&use=l&cat=p&typeid=i","cat":315000},{"id":277478,"n":"Liégeois Pâtissier Danette  Paris Brest 4x90g","p":2.44,"u":"6,78 €/KG","img":"https://fd9-photos.leclercdrive.fr/image.ashx?id=2965930&use=l&cat=p&typeid=i","cat":285042},{"id":277479,"n":"Liégeois Pâtissier Danette Framboisier 4x90g","p":2.41,"u":"6,69 €/KG","img":"https://fd9-photos.leclercdrive.fr/image.ashx?id=2965924&use=l&cat=p&typeid=i","cat":285042},{"id":277480,"n":"Liégeois Pâtissier Danette Tiramisu 4x90g","p":2.38,"u":"6,61 €/KG","img":"https://fd9-photos.leclercdrive.fr/image.ashx?id=2965927&use=l&cat=p&typeid=i","cat":285042},{"id":277483,"n":"Skyr nature Danone 0% MG - 450g","p":2.01,"u":"4,47 €/KG","img":"https://fd9-photos.leclercdrive.fr/image.ashx?id=2966279&use=l&cat=p&typeid=i","cat":284409},{"id":277484,"n":"Danone Skyr fraise 4x100g","p":2.05,"u":"5,13 €/KG","img":"https://fd9-photos.leclercdrive.fr/image.ashx?id=2965903&use=l&cat=p&typeid=i","cat":315000},{"id":277485,"n":"Danone Skyr fruits jaunes 4x100g","p":2.15,"u":"5,38 €/KG","img":"https://fd9-photos.leclercdrive.fr/image.ashx?id=2965906&use=l&cat=p&typeid=i","cat":315000},{"id":277518,"n":"Brandade de morue MSC L'Atelier Poissonnerie 750g","p":6.9,"u":"9,20 €/KG","img":"https://fd9-photos.leclercdrive.fr/image.ashx?id=2968908&use=l&cat=p&typeid=i","cat":285340},{"id":277631,"n":"Shampooing régulateur Dessange Douce argile - 280ml","p":3.39,"u":"12,11 €/L","img":"https://fd9-photos.leclercdrive.fr/image.ashx?id=2957935&use=l&cat=p&typeid=i","cat":284606},{"id":277848,"n":"Kiwi vert Eco+ Barquette 750g","p":2.99,"u":"3,99 €/KG","img":"https://fd9-photos.leclercdrive.fr/image.ashx?id=2957614&use=l&cat=p&typeid=i","cat":284356},{"id":278083,"n":"Os à moelle L'Atelier Boucherie x3 - 500g","p":3.89,"u":"7,78 €/KG","img":"https://fd9-photos.leclercdrive.fr/image.ashx?id=2972259&use=l&cat=p&typeid=i","cat":284328},{"id":278150,"n":"Lessive liquide X-Tra Total  Savon de Marseille 3x44 - 5.94L","p":20.88,"u":"3,52 €/L","img":"https://fd9-photos.leclercdrive.fr/image.ashx?id=2959913&use=l&cat=p&typeid=i","cat":284640},{"id":278280,"n":"Cheese Burger Charal Ketchup mayo 115g","p":2.51,"u":"21,83 €/KG","img":"https://fd9-photos.leclercdrive.fr/image.ashx?id=2959919&use=l&cat=p&typeid=i","cat":333671},{"id":278569,"n":"Échalions Panier du Primeur Filière - Filet 500g","p":1.79,"u":"3,58 €/KG","img":"https://fd9-photos.leclercdrive.fr/image.ashx?id=2960330&use=l&cat=p&typeid=i","cat":284352},{"id":278570,"n":"Lessive liquide Le Chat  L'expert Bicarbonate - 1,8L","p":10.39,"u":"5,77 €/L","img":"https://fd9-photos.leclercdrive.fr/image.ashx?id=2962290&use=l&cat=p&typeid=i","cat":284640},{"id":278573,"n":"Gel douche Ushuaïa Grenade - 490ml","p":4.25,"u":"8,67 €/L","img":"https://fd9-photos.leclercdrive.fr/image.ashx?id=3011566&use=l&cat=p&typeid=i","cat":284594},{"id":278575,"n":"Gel douche Ushuaïa Ylang - Relaxe - 490ml","p":4.24,"u":"8,65 €/L","img":"https://fd9-photos.leclercdrive.fr/image.ashx?id=3011560&use=l&cat=p&typeid=i","cat":284594},{"id":278578,"n":"Gel douche Ushuaïa Minéraux marins - 490ml","p":4.18,"u":"8,53 €/L","img":"https://fd9-photos.leclercdrive.fr/image.ashx?id=3011563&use=l&cat=p&typeid=i","cat":284594},{"id":278579,"n":"Gel douche Ushuaïa Eucalyptus - 280ml","p":2.5,"u":"8,93 €/L","img":"https://fd9-photos.leclercdrive.fr/image.ashx?id=2974408&use=l&cat=p&typeid=i","cat":284594},{"id":278582,"n":"Gel douche Ushuaïa Roche volcanique - 280ml","p":2.36,"u":"8,43 €/L","img":"https://fd9-photos.leclercdrive.fr/image.ashx?id=2974411&use=l&cat=p&typeid=i","cat":284594},{"id":278583,"n":"Gel douche Ushuaïa Vanille - 280ml","p":2.5,"u":"8,93 €/L","img":"https://fd9-photos.leclercdrive.fr/image.ashx?id=2974402&use=l&cat=p&typeid=i","cat":284594},{"id":278584,"n":"Gel douche Ecopack Ushuaïa Ylang - Relaxe - 500ml","p":3.6,"u":"7,20 €/L","img":"https://fd9-photos.leclercdrive.fr/image.ashx?id=3011575&use=l&cat=p&typeid=i","cat":284594},{"id":278598,"n":"Bière blonde Nos Régions Ont Du Talent - 7° - 75cl","p":2.16,"u":"2,88 €/L","img":"https://fd9-photos.leclercdrive.fr/image.ashx?id=2980474&use=l&cat=p&typeid=i","cat":334872},{"id":278680,"n":"Crème extra légère Bridélice Semi-épaisse 4%MG - 3x20cl","p":2.38,"u":"3,97 €/L","img":"https://fd9-photos.leclercdrive.fr/image.ashx?id=2996581&use=l&cat=p&typeid=i","cat":284381},{"id":278972,"n":"Crème épaisse St Hubert 15%MG 190g","p":0.99,"u":"5,21 €/KG","img":"https://fd9-photos.leclercdrive.fr/image.ashx?id=2975972&use=l&cat=p&typeid=i","cat":284381},{"id":278975,"n":"Crème épaisse St Hubert 30%MG 190g","p":1.09,"u":"5,74 €/KG","img":"https://fd9-photos.leclercdrive.fr/image.ashx?id=2975975&use=l&cat=p&typeid=i","cat":284381},{"id":278976,"n":"Crème épaisse St Hubert 15%MG 450g","p":2.07,"u":"4,60 €/KG","img":"https://fd9-photos.leclercdrive.fr/image.ashx?id=2967169&use=l&cat=p&typeid=i","cat":284381},{"id":278978,"n":"Crème épaisse St Hubert 30%MG 450g","p":2.31,"u":"5,13 €/KG","img":"https://fd9-photos.leclercdrive.fr/image.ashx?id=2967172&use=l&cat=p&typeid=i","cat":284381},{"id":278983,"n":"Filet de poulet blanc Atelier de nos régions - 1kg","p":12.66,"u":"12,66 €/KG","img":"https://fd9-photos.leclercdrive.fr/image.ashx?id=2967112&use=l&cat=p&typeid=i","cat":284336},{"id":278985,"n":"Cuisse de poulet avec dos L'atelier de nos régions - 1kg","p":5.07,"u":"5,07 €/KG","img":"https://fd9-photos.leclercdrive.fr/image.ashx?id=2967121&use=l&cat=p&typeid=i","cat":284336},{"id":278988,"n":"Pilon de poulet blanc L'atelier de nos régions - 1kg","p":5.68,"u":"5,68 €/KG","img":"https://fd9-photos.leclercdrive.fr/image.ashx?id=2967118&use=l&cat=p&typeid=i","cat":284336},{"id":279003,"n":"Apéri'chaud Richesmonts 140g","p":2.41,"u":"17,21 €/KG","img":"https://fd9-photos.leclercdrive.fr/image.ashx?id=2990484&use=l&cat=p&typeid=i","cat":314027},{"id":279005,"n":"Bûche pur brebis Le Brebiou 130g","p":2.49,"u":"19,15 €/KG","img":"https://fd9-photos.leclercdrive.fr/image.ashx?id=2967043&use=l&cat=p&typeid=i","cat":314031},{"id":279009,"n":"Fromage à tartiner Tartare  Ail & fines herbes 90g","p":1.43,"u":"15,89 €/KG","img":"https://fd9-photos.leclercdrive.fr/image.ashx?id=2967130&use=l&cat=p&typeid=i","cat":314029},{"id":279028,"n":"Sauce fromagère Saint-Agur 150g","p":2.57,"u":"17,13 €/KG","img":"https://fd9-photos.leclercdrive.fr/image.ashx?id=2968556&use=l&cat=p&typeid=i","cat":284382},{"id":279032,"n":"Gel douche Ushuaia Gingembre - 280ml","p":2.22,"u":"7,93 €/L","img":"https://fd9-photos.leclercdrive.fr/image.ashx?id=2968337&use=l&cat=p&typeid=i","cat":284594},{"id":279035,"n":"Savon de Marseille Le Chat 1,7L","p":10.0,"u":"5,88 €/L","img":"https://fd9-photos.leclercdrive.fr/image.ashx?id=2966569&use=l&cat=p&typeid=i","cat":284640},{"id":279036,"n":"Gel douche Ecopack Ushuaïa Minéraux Marins - 500ml","p":3.59,"u":"7,18 €/L","img":"https://fd9-photos.leclercdrive.fr/image.ashx?id=3011581&use=l&cat=p&typeid=i","cat":284594},{"id":279037,"n":"Gel douche Ushuaïa Café vert - 280ml","p":2.78,"u":"9,93 €/L","img":"https://fd9-photos.leclercdrive.fr/image.ashx?id=2966584&use=l&cat=p&typeid=i","cat":284594},{"id":279242,"n":"Fromage frais Cottage cheese Président - 180g","p":1.9,"u":"10,56 €/KG","img":"https://fd9-photos.leclercdrive.fr/image.ashx?id=2968202&use=l&cat=p&typeid=i","cat":314029},{"id":279257,"n":"Macaroni tomate mozza Panzani - 400g","p":2.45,"u":"6,13 €/KG","img":"https://fd9-photos.leclercdrive.fr/image.ashx?id=2968211&use=l&cat=p&typeid=i","cat":284442},{"id":279403,"n":"Macaroni cheese Panzani - 400g","p":2.46,"u":"6,15 €/KG","img":"https://fd9-photos.leclercdrive.fr/image.ashx?id=2967762&use=l&cat=p&typeid=i","cat":284442},{"id":279412,"n":"Spaghetti carbonara Panzani - 400g","p":2.47,"u":"6,18 €/KG","img":"https://fd9-photos.leclercdrive.fr/image.ashx?id=2967759&use=l&cat=p&typeid=i","cat":284442},{"id":279666,"n":"Boisson au soja Alpro Myrtille - 500g","p":1.89,"u":"3,78 €/KG","img":"https://fd9-photos.leclercdrive.fr/image.ashx?id=2976062&use=l&cat=p&typeid=i","cat":316071},{"id":279671,"n":"Schweppes Tonic citron 1L","p":1.7,"u":"1,70 €/L","img":"https://fd9-photos.leclercdrive.fr/image.ashx?id=2969049&use=l&cat=p&typeid=i","cat":284531},{"id":279680,"n":"Spaghetti carbonara Panzani 800g","p":3.95,"u":"4,94 €/KG","img":"https://fd9-photos.leclercdrive.fr/image.ashx?id=2970957&use=l&cat=p&typeid=i","cat":284442},{"id":279682,"n":"Macaroni tomate Panzani 800g","p":3.95,"u":"4,94 €/KG","img":"https://fd9-photos.leclercdrive.fr/image.ashx?id=2970960&use=l&cat=p&typeid=i","cat":284442},{"id":279683,"n":"Barre de céréales Nesquick 8x25g","p":3.27,"u":"16,35 €/KG","img":"https://fd9-photos.leclercdrive.fr/image.ashx?id=2971350&use=l&cat=p&typeid=i","cat":300032},{"id":280075,"n":"Cacahuètes grillées Menguy's 450g + 231g offerts","p":3.49,"u":"5,12 €/KG","img":"https://fd9-photos.leclercdrive.fr/image.ashx?id=2972020&use=l&cat=p&typeid=i","cat":284448},{"id":280076,"n":"Cacahuètes grillées à sec  Menguy's 450g + 231g offerts","p":3.49,"u":"5,12 €/KG","img":"https://fd9-photos.leclercdrive.fr/image.ashx?id=2972023&use=l&cat=p&typeid=i","cat":284448},{"id":280089,"n":"Crème dessert Danette Saveur Snickers - 4x90g","p":2.39,"u":"6,64 €/KG","img":"https://fd9-photos.leclercdrive.fr/image.ashx?id=2971918&use=l&cat=p&typeid=i","cat":285041},{"id":280091,"n":"Crème dessert Danette Saveur Mars - 4x90g","p":1.85,"u":"5,14 €/KG","img":"https://fd9-photos.leclercdrive.fr/image.ashx?id=2971921&use=l&cat=p&typeid=i","cat":285041},{"id":280092,"n":"Crème dessert Danette Saveur Twix - 4x90g","p":1.85,"u":"5,14 €/KG","img":"https://fd9-photos.leclercdrive.fr/image.ashx?id=2971924&use=l&cat=p&typeid=i","cat":285041},{"id":280146,"n":"Chewing-gum Hollywood 2Fresh Menthe verte 3x22g","p":3.18,"u":"24,09 €/KG","img":"https://fd9-photos.leclercdrive.fr/image.ashx?id=3011968&use=l&cat=p&typeid=i","cat":304251},{"id":280147,"n":"Chewing-gum Hollywood 2fresh Menthe forte 3x22g","p":3.18,"u":"24,09 €/KG","img":"https://fd9-photos.leclercdrive.fr/image.ashx?id=3011971&use=l&cat=p&typeid=i","cat":304251},{"id":280148,"n":"Chewing-gum Hollywood 2fruity Fraise citron vert x6 - 132g","p":3.18,"u":"24,09 €/KG","img":"https://fd9-photos.leclercdrive.fr/image.ashx?id=3011974&use=l&cat=p&typeid=i","cat":304251},{"id":280164,"n":"Fois gras de canard entier Jean Larnaudie L'Emblématique 220g","p":28.49,"u":"129,50 €/KG","img":"https://fd9-photos.leclercdrive.fr/image.ashx?id=2971933&use=l&cat=p&typeid=i","cat":316008},{"id":280169,"n":"Foie gras de canard entier Jean Larnaudie L'Emblématique 220g","p":29.97,"u":"136,23 €/KG","img":"https://fd9-photos.leclercdrive.fr/image.ashx?id=2971936&use=l&cat=p&typeid=i","cat":316008},{"id":280170,"n":"Foie gras de canard entier Jean Larnaudie L'Emblématique 220g","p":28.49,"u":"129,50 €/KG","img":"https://fd9-photos.leclercdrive.fr/image.ashx?id=2971939&use=l&cat=p&typeid=i","cat":316008},{"id":280254,"n":"Filets de maquereaux Vin Blanc Citron Romarin 2x175g","p":4.31,"u":"12,31 €/KG","img":"https://fd9-photos.leclercdrive.fr/image.ashx?id=2972853&use=l&cat=p&typeid=i","cat":303868},{"id":280257,"n":"Chips tortilla Doritos Nature - 227g","p":3.15,"u":"11,58 €/KG","img":"https://fd9-photos.leclercdrive.fr/image.ashx?id=2972937&use=l&cat=p&typeid=i","cat":287899},{"id":280261,"n":"Chips tortilla Doritos Sweet chili - 272g","p":3.15,"u":"11,58 €/KG","img":"https://fd9-photos.leclercdrive.fr/image.ashx?id=2983225&use=l&cat=p&typeid=i","cat":287899},{"id":280270,"n":"Dessert lacté Vanille Blédina dès 6 mois Mini Lactés - 6x55g","p":2.09,"u":"38,00 €/KG","img":"https://fd9-photos.leclercdrive.fr/image.ashx?id=2972862&use=l&cat=p&typeid=i","cat":312392},{"id":280272,"n":"Cuisses de poulet blanc Eco+ 1.1kg","p":4.39,"u":"3,99 €/KG","img":"https://fd9-photos.leclercdrive.fr/image.ashx?id=2984161&use=l&cat=p&typeid=i","cat":284336},{"id":280274,"n":"Poulet entier blanc Eco+ 1.45kg","p":5.45,"u":"3,76 €/KG","img":"https://fd9-photos.leclercdrive.fr/image.ashx?id=2984167&use=l&cat=p&typeid=i","cat":284336},{"id":280275,"n":"Poulet entier jaune Eco+ 1.45kg","p":5.45,"u":"3,76 €/KG","img":"https://fd9-photos.leclercdrive.fr/image.ashx?id=2984170&use=l&cat=p&typeid=i","cat":284336},{"id":280418,"n":"Dessert lacté Nature Blédina dès 6 mois - 4x95g","p":2.23,"u":"5,87 €/KG","img":"https://fd9-photos.leclercdrive.fr/image.ashx?id=2972868&use=l&cat=p&typeid=i","cat":312392},{"id":280419,"n":"Dessert lacté Fraise Blédina dès 6 mois - 4x95g","p":2.41,"u":"6,34 €/KG","img":"https://fd9-photos.leclercdrive.fr/image.ashx?id=2972871&use=l&cat=p&typeid=i","cat":312392},{"id":280420,"n":"Dessert lacté Blédina Vanille dès 6 mois - 4x95g","p":1.74,"u":"4,58 €/KG","img":"https://fd9-photos.leclercdrive.fr/image.ashx?id=2972874&use=l&cat=p&typeid=i","cat":312392},{"id":280425,"n":"Dessert lacté Blédina Mangue Pêche dès 6 mois - 4x95g","p":2.43,"u":"6,39 €/KG","img":"https://fd9-photos.leclercdrive.fr/image.ashx?id=2972877&use=l&cat=p&typeid=i","cat":312392},{"id":280474,"n":"Gnocchi à poêler Lustucru Extra moelleux 300g","p":1.8,"u":"6,00 €/KG","img":"https://fd9-photos.leclercdrive.fr/image.ashx?id=2973655&use=l&cat=p&typeid=i","cat":333682},{"id":280478,"n":"Mini ravioli Lustucru Jambon fromage 280g","p":2.36,"u":"8,43 €/KG","img":"https://fd9-photos.leclercdrive.fr/image.ashx?id=2996653&use=l&cat=p&typeid=i","cat":333682},{"id":280494,"n":"Mini ravioli Lustucru Fromage 280g","p":2.36,"u":"8,43 €/KG","img":"https://fd9-photos.leclercdrive.fr/image.ashx?id=2996650&use=l&cat=p&typeid=i","cat":333682},{"id":280663,"n":"Matière grasse végétale à tartiner doux - Flora - 215g","p":2.36,"u":"10,98 €/KG","img":"https://fd9-photos.leclercdrive.fr/image.ashx?id=2974456&use=l&cat=p&typeid=i","cat":315229},{"id":280664,"n":"Matière grasse végétale Flora à tartiner demi-sel  - 215g","p":2.36,"u":"10,98 €/KG","img":"https://fd9-photos.leclercdrive.fr/image.ashx?id=2974459&use=l&cat=p&typeid=i","cat":315229},{"id":280778,"n":"Ketchup tomato Heinz cornichon - 250g","p":1.87,"u":"7,48 €/KG","img":"https://fd9-photos.leclercdrive.fr/image.ashx?id=2976176&use=l&cat=p&typeid=i","cat":284455},{"id":280782,"n":"Sauce sweet chili Heinz 260g","p":1.92,"u":"7,38 €/KG","img":"https://fd9-photos.leclercdrive.fr/image.ashx?id=2976101&use=l&cat=p&typeid=i","cat":318431},{"id":280783,"n":"Sauce korean barbecue Heinz 265g","p":2.06,"u":"7,77 €/KG","img":"https://fd9-photos.leclercdrive.fr/image.ashx?id=2976137&use=l&cat=p&typeid=i","cat":318431},{"id":280784,"n":"Mayonnaise  Heinz Srirachamix - 400g","p":3.19,"u":"7,98 €/KG","img":"https://fd9-photos.leclercdrive.fr/image.ashx?id=2976140&use=l&cat=p&typeid=i","cat":318431},{"id":280927,"n":"Skyr à boire Siggi's Nature - 250g","p":1.69,"u":"6,76 €/KG","img":"https://fd9-photos.leclercdrive.fr/image.ashx?id=2975647&use=l&cat=p&typeid=i","cat":315000},{"id":280983,"n":"Rillettes de poulet rôti Bordeau Chesnel - 400g","p":4.59,"u":"11,48 €/KG","img":"https://fd9-photos.leclercdrive.fr/image.ashx?id=2975786&use=l&cat=p&typeid=i","cat":316008},{"id":280985,"n":"Pastrami de boeuf Fleury Michon au poivre 8 tranches - 100g","p":3.4,"u":"34,00 €/KG","img":"https://fd9-photos.leclercdrive.fr/image.ashx?id=2975849&use=l&cat=p&typeid=i","cat":316007},{"id":281037,"n":"Skyr Alpro Exotic- 400g","p":2.71,"u":"6,78 €/KG","img":"https://fd9-photos.leclercdrive.fr/image.ashx?id=2976098&use=l&cat=p&typeid=i","cat":316071},{"id":281128,"n":"Lessive X-tra Total 40 lavages","p":7.0,"u":"3,89 €/L","img":"https://fd9-photos.leclercdrive.fr/image.ashx?id=2976788&use=l&cat=p&typeid=i","cat":284640},{"id":281266,"n":"Raclette fumée Entremont Mon comptoir à raclette 140g","p":2.02,"u":"14,43 €/KG","img":"https://fd9-photos.leclercdrive.fr/image.ashx?id=2978682&use=l&cat=p&typeid=i","cat":314037},{"id":281276,"n":"Raclette sans croûte Entremont Mon comptoir à raclette 140g","p":2.03,"u":"14,50 €/KG","img":"https://fd9-photos.leclercdrive.fr/image.ashx?id=2977315&use=l&cat=p&typeid=i","cat":314037},{"id":281412,"n":"Pep's recette Manhattan Burger Box - 380g","p":5.61,"u":"14,76 €/KG","img":"https://fd9-photos.leclercdrive.fr/image.ashx?id=2979397&use=l&cat=p&typeid=i","cat":333685},{"id":281506,"n":"Jus de 4 fruits Tropicana Pure Douceur Edition Limitée - 90cl","p":2.85,"u":"3,17 €/L","img":"https://fd9-photos.leclercdrive.fr/image.ashx?id=2987662&use=l&cat=p&typeid=i","cat":284354},{"id":281522,"n":"Boisson végétale Alpro Barista Coco 750ml","p":1.93,"u":"2,57 €/L","img":"https://fd9-photos.leclercdrive.fr/image.ashx?id=2979430&use=l&cat=p&typeid=i","cat":316067},{"id":281524,"n":"Boisson végétale Alpro Avoine 500ml","p":1.39,"u":"2,78 €/L","img":"https://fd9-photos.leclercdrive.fr/image.ashx?id=2986855&use=l&cat=p&typeid=i","cat":316067},{"id":281540,"n":"Dessert végétal Charles & Alice Gourmand Caramel - 2x110g","p":1.59,"u":"7,23 €/KG","img":"https://fd9-photos.leclercdrive.fr/image.ashx?id=2979773&use=l&cat=p&typeid=i","cat":316071},{"id":282045,"n":"Mousse irrésistible La Laitière Chocolat au lait- 4x50g","p":2.58,"u":"12,90 €/KG","img":"https://fd9-photos.leclercdrive.fr/image.ashx?id=2984727&use=l&cat=p&typeid=i","cat":284417},{"id":282331,"n":"Ovale double creme  Eco+ 180g","p":1.27,"u":"7,06 €/KG","img":"https://fd9-photos.leclercdrive.fr/image.ashx?id=2982952&use=l&cat=p&typeid=i","cat":314033},{"id":282364,"n":"Ariel grandiose pods couleurs  éclatantes 21lav - 0,762kg","p":12.09,"u":"15,87 €/KG","img":"https://fd9-photos.leclercdrive.fr/image.ashx?id=2985642&use=l&cat=p&typeid=i","cat":284641},{"id":282721,"n":"Lessive liquide Persil Bouquet de Provence 1.092L x26","p":5.3,"u":"4,85 €/L","img":"https://fd9-photos.leclercdrive.fr/image.ashx?id=2985675&use=l&cat=p&typeid=i","cat":284640},{"id":282946,"n":"Lessive Xt-tra Total Marseille Aloe vera - 1.8L x40","p":7.02,"u":"3,90 €/L","img":"https://fd9-photos.leclercdrive.fr/image.ashx?id=2985030&use=l&cat=p&typeid=i","cat":284640},{"id":283051,"n":"Café frais Starbucks Vanilla macchiato 220ml","p":2.19,"u":"9,95 €/L","img":"https://fd9-photos.leclercdrive.fr/image.ashx?id=2986813&use=l&cat=p&typeid=i","cat":295246},{"id":283058,"n":"Café frais Starbucks Cappuccino 220ml","p":2.19,"u":"9,95 €/L","img":"https://fd9-photos.leclercdrive.fr/image.ashx?id=2986804&use=l&cat=p&typeid=i","cat":295246},{"id":283066,"n":"Café frais Starbucks Noisette Macchiato 220ml","p":2.19,"u":"9,95 €/L","img":"https://fd9-photos.leclercdrive.fr/image.ashx?id=2986810&use=l&cat=p&typeid=i","cat":295246},{"id":283081,"n":"Café frais Starbucks Caramel Macchiato 220ml","p":2.19,"u":"9,95 €/L","img":"https://fd9-photos.leclercdrive.fr/image.ashx?id=2986801&use=l&cat=p&typeid=i","cat":295246},{"id":283136,"n":"Kinder Surprise  Père Noel x4 - 80g","p":4.18,"u":"52,25 €/KG","img":"https://fd9-photos.leclercdrive.fr/image.ashx?id=2981373&use=l&cat=p&typeid=i","cat":327592},{"id":283138,"n":"Kinder Surprise  Bonhomme de neige x4 - 80g","p":4.18,"u":"52,25 €/KG","img":"https://fd9-photos.leclercdrive.fr/image.ashx?id=2987196&use=l&cat=p&typeid=i","cat":327592},{"id":283161,"n":"Skyr Gourmand Yoplait  Sur lit de citron - 4x120g","p":3.38,"u":"7,04 €/KG","img":"https://fd9-photos.leclercdrive.fr/image.ashx?id=2989234&use=l&cat=p&typeid=i","cat":315000},{"id":283170,"n":"Skyr vitaminé Yoplait sur lit framboise cranberry - 4x120g","p":3.29,"u":"6,85 €/KG","img":"https://fd9-photos.leclercdrive.fr/image.ashx?id=2989237&use=l&cat=p&typeid=i","cat":315000},{"id":283263,"n":"Adoucissant dilué Soupline Grand Air - 1500ml","p":5.19,"u":"3,46 €/L","img":"https://fd9-photos.leclercdrive.fr/image.ashx?id=3004450&use=l&cat=p&typeid=i","cat":284650},{"id":283525,"n":"Oranges Eco+ 1.5kg","p":1.99,"u":"1,33 €/KG","img":"https://fd9-photos.leclercdrive.fr/image.ashx?id=2987650&use=l&cat=p&typeid=i","cat":284356},{"id":284008,"n":"Nestlé I Love Kefir à boire Nature - 500g","p":1.99,"u":"3,98 €/KG","img":"https://fd9-photos.leclercdrive.fr/image.ashx?id=2991828&use=l&cat=p&typeid=i","cat":284415},{"id":284009,"n":"Nestlé I Love Kefir à boire Nature - 6x100g","p":2.59,"u":"4,32 €/KG","img":"https://fd9-photos.leclercdrive.fr/image.ashx?id=2991831&use=l&cat=p&typeid=i","cat":284415},{"id":285201,"n":"Calendrier de l'avent Justin Bridou - 320g","p":29.49,"u":"92,16 €/KG","img":"https://fd9-photos.leclercdrive.fr/image.ashx?id=2996968&use=l&cat=p&typeid=i","cat":316006},{"id":285799,"n":"Banane 1p","p":0.39,"img":"https://fd9-photos.leclercdrive.fr/image.ashx?id=3010113&use=l&cat=p&typeid=i","cat":284356},{"id":285817,"n":"Carotte sable 1p","p":2.0,"img":"https://fd9-photos.leclercdrive.fr/image.ashx?id=3010093&use=l&cat=p&typeid=i","cat":284352},{"id":286365,"n":"Cocktail créoles Madrange 340g","p":3.71,"u":"10,91 €/KG","img":"https://fd9-photos.leclercdrive.fr/image.ashx?id=2999967&use=l&cat=p&typeid=i","cat":316012},{"id":286898,"n":"Mini boudins blancs Madrange 340g","p":3.3,"u":"9,71 €/KG","img":"https://fd9-photos.leclercdrive.fr/image.ashx?id=3003194&use=l&cat=p&typeid=i","cat":316012},{"id":287029,"n":"Crème dessert Danette Saveur Poire Belle Hélène 4x90g","p":2.35,"u":"6,53 €/KG","img":"https://fd9-photos.leclercdrive.fr/image.ashx?id=3004783&use=l&cat=p&typeid=i","cat":285041},{"id":287031,"n":"Yaourt Activia Fibre  Pomme 4x115g","p":2.59,"u":"5,63 €/KG","img":"https://fd9-photos.leclercdrive.fr/image.ashx?id=3004801&use=l&cat=p&typeid=i","cat":315000},{"id":287033,"n":"Yaourt à la Grecque Danone Fraise- 4x115g","p":2.59,"u":"5,63 €/KG","img":"https://fd9-photos.leclercdrive.fr/image.ashx?id=3004786&use=l&cat=p&typeid=i","cat":314999},{"id":287034,"n":"Yaourt à la Grecque Danone Pêche - 4x115g","p":2.55,"u":"5,54 €/KG","img":"https://fd9-photos.leclercdrive.fr/image.ashx?id=3004789&use=l&cat=p&typeid=i","cat":314999}]}