{"id":"088001-088001","dt":"2025-12-15","p":[{"id":2,"n":"Haricots verts Notre Jardin Extra fins - 345g","p":2.39,"u":"6,93 €/KG","img":"https://fd16-photos.leclercdrive.fr/image.ashx?id=2988021&use=l&cat=p&typeid=i","cat":312606},{"id":3,"n":"Haricots verts Notre Jardin Très fins - 220g","p":0.86,"u":"3,91 €/KG","img":"https://fd16-photos.leclercdrive.fr/image.ashx?id=2987991&use=l&cat=p&typeid=i","cat":312606},{"id":4,"n":"Haricots verts Notre Jardin Très fins - 440g","p":1.15,"u":"2,61 €/KG","img":"https://fd16-photos.leclercdrive.fr/image.ashx?id=2050615&use=l&cat=p&typeid=i","cat":312606},{"id":5,"n":"Haricots verts Notre Jardin Extra fins - 440g","p":1.2,"u":"2,73 €/KG","img":"https://fd16-photos.leclercdrive.fr/image.ashx?id=3005655&use=l&cat=p&typeid=i","cat":312606},{"id":6,"n":"Haricots verts Notre Jardin Extra fins - 220g","p":0.88,"u":"4,00 €/KG","img":"https://fd16-photos.leclercdrive.fr/image.ashx?id=1993167&use=l&cat=p&typeid=i","cat":312606},{"id":7,"n":"Haricots beurre Notre Jardin Très fins - 220g","p":1.11,"u":"5,05 €/KG","img":"https://fd16-photos.leclercdrive.fr/image.ashx?id=2988027&use=l&cat=p&typeid=i","cat":312606},{"id":8,"n":"Haricots beurre Notre Jardin Très fins - 440g","p":1.55,"u":"3,52 €/KG","img":"https://fd16-photos.leclercdrive.fr/image.ashx?id=2988030&use=l&cat=p&typeid=i","cat":312606},{"id":9,"n":"Petits pois Notre Jardin A l'étuvée - Extra fins - 280g","p":0.9,"u":"3,21 €/KG","img":"https://fd16-photos.leclercdrive.fr/image.ashx?id=2375947&use=l&cat=p&typeid=i","cat":312607},{"id":10,"n":"Petits pois Notre Jardin A l'étuvée - Très fins - 280g","p":0.89,"u":"3,18 €/KG","img":"https://fd16-photos.leclercdrive.fr/image.ashx?id=2398761&use=l&cat=p&typeid=i","cat":312607},{"id":11,"n":"Petits pois carottes  Notre Jardin -Extra fins - 530g","p":1.22,"u":"2,30 €/KG","img":"https://fd16-photos.leclercdrive.fr/image.ashx?id=2987961&use=l&cat=p&typeid=i","cat":312607},{"id":12,"n":"Petits pois carottes extra-fins Notre Jardin à l'étuvée 260g","p":0.99,"u":"3,74 €/KG","img":"https://fd16-photos.leclercdrive.fr/image.ashx?id=2987964&use=l&cat=p&typeid=i","cat":312607},{"id":14,"n":"Carottes Notre Jardin Extra-fines - 265g","p":0.85,"u":"3,21 €/KG","img":"https://fd16-photos.leclercdrive.fr/image.ashx?id=1993149&use=l&cat=p&typeid=i","cat":312607},{"id":15,"n":"Champignons Paris Notre Jardin Entiers - 230g","p":1.47,"u":"6,39 €/KG","img":"https://fd16-photos.leclercdrive.fr/image.ashx?id=2553890&use=l&cat=p&typeid=i","cat":312610},{"id":16,"n":"Champignons Paris Notre Jardin Pieds et morceaux - 230g","p":1.49,"u":"6,48 €/KG","img":"https://fd16-photos.leclercdrive.fr/image.ashx?id=2553896&use=l&cat=p&typeid=i","cat":312610},{"id":17,"n":"Champignons Paris Notre Jardin Emincés - 230g","p":1.07,"u":"4,65 €/KG","img":"https://fd16-photos.leclercdrive.fr/image.ashx?id=2551960&use=l&cat=p&typeid=i","cat":312610},{"id":19,"n":"Flageolets verts Notre Jardin Extra fins - 265g","p":0.99,"u":"3,74 €/KG","img":"https://fd16-photos.leclercdrive.fr/image.ashx?id=2371539&use=l&cat=p&typeid=i","cat":312606},{"id":20,"n":"Macédoine légumes Notre Jardin 265g","p":0.71,"u":"2,68 €/KG","img":"https://fd16-photos.leclercdrive.fr/image.ashx?id=2375953&use=l&cat=p&typeid=i","cat":312612},{"id":21,"n":"Macédoine légumes Notre Jardin - 530g","p":1.23,"u":"2,32 €/KG","img":"https://fd16-photos.leclercdrive.fr/image.ashx?id=2913645&use=l&cat=p&typeid=i","cat":312612},{"id":22,"n":"Garniture de 4 légumes  Notre Jardin - 510g","p":1.74,"u":"3,41 €/KG","img":"https://fd16-photos.leclercdrive.fr/image.ashx?id=2526279&use=l&cat=p&typeid=i","cat":312612},{"id":26,"n":"Pois chiches Notre Jardin 265g","p":0.75,"u":"2,83 €/KG","img":"https://fd16-photos.leclercdrive.fr/image.ashx?id=2988009&use=l&cat=p&typeid=i","cat":312609},{"id":27,"n":"Lentilles préparées Notre  Jardin - 265g","p":0.67,"u":"2,53 €/KG","img":"https://fd16-photos.leclercdrive.fr/image.ashx?id=2987985&use=l&cat=p&typeid=i","cat":312609},{"id":28,"n":"Lentilles Préparées Notre  Jardin - 530g","p":1.15,"u":"2,17 €/KG","img":"https://fd16-photos.leclercdrive.fr/image.ashx?id=2987982&use=l&cat=p&typeid=i","cat":312609},{"id":29,"n":"Haricots rouges Notre Jardin 250g","p":0.84,"u":"3,36 €/KG","img":"https://fd16-photos.leclercdrive.fr/image.ashx?id=2988024&use=l&cat=p&typeid=i","cat":312606},{"id":30,"n":"Pommes de terre Notre Jardin 530g","p":1.29,"u":"2,43 €/KG","img":"https://fd16-photos.leclercdrive.fr/image.ashx?id=2696250&use=l&cat=p&typeid=i","cat":312612},{"id":32,"n":"Coeurs de céleri Notre Jardin - 500g PNE","p":2.99,"u":"5,64 €/KG","img":"https://fd16-photos.leclercdrive.fr/image.ashx?id=2483602&use=l&cat=p&typeid=i","cat":312612},{"id":36,"n":"Epinards hâchés Notre Jardin 795g","p":1.65,"u":"2,08 €/KG","img":"https://fd16-photos.leclercdrive.fr/image.ashx?id=2050606&use=l&cat=p&typeid=i","cat":312612},{"id":37,"n":"Epinards hâchés Notre Jardin 395g","p":1.09,"u":"2,76 €/KG","img":"https://fd16-photos.leclercdrive.fr/image.ashx?id=1993152&use=l&cat=p&typeid=i","cat":312612},{"id":38,"n":"Epinards branches  Notre Jardin 265g","p":1.15,"u":"4,34 €/KG","img":"https://fd16-photos.leclercdrive.fr/image.ashx?id=2691024&use=l&cat=p&typeid=i","cat":312612},{"id":39,"n":"Epinards branches Notre Jardin 530g","p":1.69,"u":"3,19 €/KG","img":"https://fd16-photos.leclercdrive.fr/image.ashx?id=2913651&use=l&cat=p&typeid=i","cat":312612},{"id":40,"n":"Coeurs de palmiers Notre Jardin Extra tendres - 500g","p":3.85,"u":"7,70 €/KG","img":"https://fd16-photos.leclercdrive.fr/image.ashx?id=2072698&use=l&cat=p&typeid=i","cat":312611},{"id":42,"n":"Haricots Mungo Notre Jardin 180g","p":1.0,"u":"5,56 €/KG","img":"https://fd16-photos.leclercdrive.fr/image.ashx?id=2072431&use=l&cat=p&typeid=i","cat":312611},{"id":43,"n":"Asperges blanches miniatures Notre Jardin - 110g","p":1.55,"u":"14,09 €/KG","img":"https://fd16-photos.leclercdrive.fr/image.ashx?id=2049019&use=l&cat=p&typeid=i","cat":312611},{"id":44,"n":"Maïs Notre Jardin Tendre - 285g","p":0.96,"u":"3,37 €/KG","img":"https://fd16-photos.leclercdrive.fr/image.ashx?id=3005658&use=l&cat=p&typeid=i","cat":312611},{"id":51,"n":"Miettes de thon Pêche Océan Tomate - 160g","p":1.13,"u":"7,06 €/KG","img":"https://fd16-photos.leclercdrive.fr/image.ashx?id=2941378&use=l&cat=p&typeid=i","cat":303867},{"id":52,"n":"Miettes de thon Pêche Océan Tomate - 3x80g","p":1.56,"u":"6,50 €/KG","img":"https://fd16-photos.leclercdrive.fr/image.ashx?id=2941363&use=l&cat=p&typeid=i","cat":303867},{"id":59,"n":"Maquereaux Pêche Océan Moutarde de Dijon - 169g","p":1.65,"u":"9,76 €/KG","img":"https://fd16-photos.leclercdrive.fr/image.ashx?id=2488350&use=l&cat=p&typeid=i","cat":303868},{"id":68,"n":"Cassoulet Côté Table Saucisses et saucissons - 420g","p":1.15,"u":"2,74 €/KG","img":"https://fd16-photos.leclercdrive.fr/image.ashx?id=2977099&use=l&cat=p&typeid=i","cat":284440},{"id":74,"n":"Choucroute Côté Table garnie 800g","p":2.69,"u":"3,36 €/KG","img":"https://fd16-photos.leclercdrive.fr/image.ashx?id=2977111&use=l&cat=p&typeid=i","cat":284441},{"id":75,"n":"Choucroute Côté Table garnie 400g","p":1.75,"u":"4,38 €/KG","img":"https://fd16-photos.leclercdrive.fr/image.ashx?id=2977114&use=l&cat=p&typeid=i","cat":284441},{"id":76,"n":"Gratin dauphinois Côté Table 850g","p":1.67,"u":"1,96 €/KG","img":"https://fd16-photos.leclercdrive.fr/image.ashx?id=2977117&use=l&cat=p&typeid=i","cat":284441},{"id":78,"n":"Saucisses lentilles Côté Table 840g","p":1.99,"u":"2,37 €/KG","img":"https://fd16-photos.leclercdrive.fr/image.ashx?id=2977102&use=l&cat=p&typeid=i","cat":284441},{"id":79,"n":"Saucisses lentilles Côté Table 420g","p":1.13,"u":"2,69 €/KG","img":"https://fd16-photos.leclercdrive.fr/image.ashx?id=2977105&use=l&cat=p&typeid=i","cat":284441},{"id":92,"n":"Chips Pom'lisse Nature - 6x30g","p":1.37,"u":"7,61 €/KG","img":"https://fd16-photos.leclercdrive.fr/image.ashx?id=2917317&use=l&cat=p&typeid=i","cat":284447},{"id":97,"n":"Pétales salées Tokapi Soufflés - 75g","p":0.69,"u":"9,20 €/KG","img":"https://fd16-photos.leclercdrive.fr/image.ashx?id=2751874&use=l&cat=p&typeid=i","cat":284449},{"id":104,"n":"Mélange Grillé et salé Tokapi Cacahuètes et noisettes - 120g","p":1.46,"u":"12,17 €/KG","img":"https://fd16-photos.leclercdrive.fr/image.ashx?id=2794100&use=l&cat=p&typeid=i","cat":284448},{"id":105,"n":"Cacahuètes grillées Tokapi Salées - 250g","p":0.85,"u":"3,40 €/KG","img":"https://fd16-photos.leclercdrive.fr/image.ashx?id=2795529&use=l&cat=p&typeid=i","cat":284448},{"id":108,"n":"Noix de cajou grillées Tokapi Salées - 400g","p":4.78,"u":"11,95 €/KG","img":"https://fd16-photos.leclercdrive.fr/image.ashx?id=2793985&use=l&cat=p&typeid=i","cat":284448},{"id":113,"n":"Crackers Tuc Nature Original - 100g","p":0.55,"u":"5,50 €/KG","img":"https://fd16-photos.leclercdrive.fr/image.ashx?id=3002195&use=l&cat=p&typeid=i","cat":297000},{"id":117,"n":"Huile Isio 4 Lesieur 1L","p":3.4,"u":"3,40 €/L","img":"https://fd16-photos.leclercdrive.fr/image.ashx?id=2916018&use=l&cat=p&typeid=i","cat":284453},{"id":121,"n":"Huile Fleur de colza Lesieur  1L","p":2.78,"u":"2,78 €/L","img":"https://fd16-photos.leclercdrive.fr/image.ashx?id=2916848&use=l&cat=p&typeid=i","cat":284453},{"id":122,"n":"Huile de friture Rustica Sans odeur - 2L","p":4.45,"u":"2,23 €/L","img":"https://fd16-photos.leclercdrive.fr/image.ashx?id=2916662&use=l&cat=p&typeid=i","cat":284453},{"id":123,"n":"Huile végétale  Rustica Mélange 4 huiles  - 1L","p":2.65,"u":"2,65 €/L","img":"https://fd16-photos.leclercdrive.fr/image.ashx?id=2538134&use=l&cat=p&typeid=i","cat":284453},{"id":125,"n":"Huile de tournesol Rustica  1L","p":1.99,"u":"1,99 €/L","img":"https://fd16-photos.leclercdrive.fr/image.ashx?id=2900319&use=l&cat=p&typeid=i","cat":284453},{"id":126,"n":"Huile de tournesol Rustica 3L","p":5.89,"u":"1,96 €/L","img":"https://fd16-photos.leclercdrive.fr/image.ashx?id=1654438&use=l&cat=p&typeid=i","cat":284453},{"id":127,"n":"Huile de colza Rustica  1L","p":1.76,"u":"1,76 €/L","img":"https://fd16-photos.leclercdrive.fr/image.ashx?id=2500797&use=l&cat=p&typeid=i","cat":284453},{"id":128,"n":"Vinaigre de vin Rustica 75cl","p":0.99,"u":"1,32 €/L","img":"https://fd16-photos.leclercdrive.fr/image.ashx?id=1061150&use=l&cat=p&typeid=i","cat":298543},{"id":129,"n":"Vinaigre de cidre Rustica  75cl","p":0.87,"u":"1,16 €/L","img":"https://fd16-photos.leclercdrive.fr/image.ashx?id=2657190&use=l&cat=p&typeid=i","cat":298543},{"id":130,"n":"Vinaigrette Rustica  Moutarde - 50cl","p":0.89,"u":"1,78 €/L","img":"https://fd16-photos.leclercdrive.fr/image.ashx?id=1950144&use=l&cat=p&typeid=i","cat":284456},{"id":131,"n":"Jus de citron Rustica Sicile - 2x125ml - 250ml","p":1.08,"u":"4,32 €/L","img":"https://fd16-photos.leclercdrive.fr/image.ashx?id=2974786&use=l&cat=p&typeid=i","cat":288383},{"id":136,"n":"Sel fin de Camargue NRT 250g","p":1.63,"u":"6,52 €/KG","img":"https://fd16-photos.leclercdrive.fr/image.ashx?id=2644906&use=l&cat=p&typeid=i","cat":284457},{"id":138,"n":"Sel fin de Guérande IGP NRT 250g","p":1.35,"u":"5,40 €/KG","img":"https://fd16-photos.leclercdrive.fr/image.ashx?id=2644900&use=l&cat=p&typeid=i","cat":284457},{"id":147,"n":"Olives vertes Rustica  Dénoyautées - 160g","p":0.92,"u":"5,75 €/KG","img":"https://fd16-photos.leclercdrive.fr/image.ashx?id=2499070&use=l&cat=p&typeid=i","cat":284458},{"id":156,"n":"Moutarde de Dijon Rustica  Fine et forte Verre whisky-280g","p":1.94,"u":"6,93 €/KG","img":"https://fd16-photos.leclercdrive.fr/image.ashx?id=2954337&use=l&cat=p&typeid=i","cat":288850},{"id":157,"n":"Moutarde de Dijon AMORA Fine & Forte - 265g","p":1.55,"u":"5,85 €/KG","img":"https://fd16-photos.leclercdrive.fr/image.ashx?id=3004870&use=l&cat=p&typeid=i","cat":288850},{"id":160,"n":"Mayonnaise Lesieur Huile de colza - 175g","p":0.78,"u":"4,46 €/KG","img":"https://fd16-photos.leclercdrive.fr/image.ashx?id=2917702&use=l&cat=p&typeid=i","cat":298295},{"id":169,"n":"Sauce Pesto Panzani Basilic - 200g","p":1.64,"u":"8,20 €/KG","img":"https://fd16-photos.leclercdrive.fr/image.ashx?id=2989093&use=l&cat=p&typeid=i","cat":287599},{"id":173,"n":"Pulpe de tomate Notre Jardin En dés - 3x383g","p":2.06,"u":"1,81 €/KG","img":"https://fd16-photos.leclercdrive.fr/image.ashx?id=2826918&use=l&cat=p&typeid=i","cat":288384},{"id":174,"n":"Tomates pelées Notre Jardin Entières - 476g","p":1.4,"u":"2,94 €/KG","img":"https://fd16-photos.leclercdrive.fr/image.ashx?id=2189999&use=l&cat=p&typeid=i","cat":312608},{"id":175,"n":"Sauce bolognaise Turini 420g","p":1.45,"u":"3,45 €/KG","img":"https://fd16-photos.leclercdrive.fr/image.ashx?id=2634860&use=l&cat=p&typeid=i","cat":287599},{"id":177,"n":"Sauce Tomate Turini 2x190g","p":1.39,"u":"3,66 €/KG","img":"https://fd16-photos.leclercdrive.fr/image.ashx?id=2668117&use=l&cat=p&typeid=i","cat":288384},{"id":178,"n":"Sauce Napolitaine Turini 420g","p":0.88,"u":"2,10 €/KG","img":"https://fd16-photos.leclercdrive.fr/image.ashx?id=2441893&use=l&cat=p&typeid=i","cat":287599},{"id":185,"n":"Pâtes Barilla Pipe Rigate - 500g","p":1.03,"u":"2,06 €/KG","img":"https://fd16-photos.leclercdrive.fr/image.ashx?id=2392209&use=l&cat=p&typeid=i","cat":284427},{"id":186,"n":"Pâtes Barilla Penne rigate - 500g","p":1.01,"u":"2,02 €/KG","img":"https://fd16-photos.leclercdrive.fr/image.ashx?id=2392203&use=l&cat=p&typeid=i","cat":284427},{"id":187,"n":"Pâtes Barilla Fusilli - 500g","p":1.02,"u":"2,04 €/KG","img":"https://fd16-photos.leclercdrive.fr/image.ashx?id=2392212&use=l&cat=p&typeid=i","cat":284427},{"id":190,"n":"Pâtes Barilla piccolini Mini penne rigate - 500g","p":1.16,"u":"2,32 €/KG","img":"https://fd16-photos.leclercdrive.fr/image.ashx?id=2737588&use=l&cat=p&typeid=i","cat":284427},{"id":191,"n":"Pâtes Collezione Barilla Lasagne aux œufs - 500g","p":1.99,"u":"3,98 €/KG","img":"https://fd16-photos.leclercdrive.fr/image.ashx?id=2990997&use=l&cat=p&typeid=i","cat":284427},{"id":192,"n":"Pâtes Barilla Penne rigate - 1kg","p":1.88,"u":"1,88 €/KG","img":"https://fd16-photos.leclercdrive.fr/image.ashx?id=2392191&use=l&cat=p&typeid=i","cat":284427},{"id":193,"n":"Pâtes vermicelles Panzani  500g","p":1.24,"u":"2,48 €/KG","img":"https://fd16-photos.leclercdrive.fr/image.ashx?id=2896072&use=l&cat=p&typeid=i","cat":284427},{"id":194,"n":"Pâtes Coquillettes Panzani 500g","p":0.91,"u":"1,82 €/KG","img":"https://fd16-photos.leclercdrive.fr/image.ashx?id=2870200&use=l&cat=p&typeid=i","cat":284427},{"id":195,"n":"Pâtes macaroni Panzani 500g","p":0.97,"u":"1,94 €/KG","img":"https://fd16-photos.leclercdrive.fr/image.ashx?id=2884297&use=l&cat=p&typeid=i","cat":284427},{"id":197,"n":"Pâtes Torti Panzani 500g","p":0.78,"u":"1,56 €/KG","img":"https://fd16-photos.leclercdrive.fr/image.ashx?id=2869552&use=l&cat=p&typeid=i","cat":284427},{"id":200,"n":"Pâtes lasagnes Turini  500g","p":1.29,"u":"2,58 €/KG","img":"https://fd16-photos.leclercdrive.fr/image.ashx?id=2980779&use=l&cat=p&typeid=i","cat":284427},{"id":202,"n":"Pâtes Nouilles Turini 500g","p":0.75,"u":"1,50 €/KG","img":"https://fd16-photos.leclercdrive.fr/image.ashx?id=2980770&use=l&cat=p&typeid=i","cat":284427},{"id":203,"n":"Pâtes Torsades Turini 500g","p":0.65,"u":"1,30 €/KG","img":"https://fd16-photos.leclercdrive.fr/image.ashx?id=2980426&use=l&cat=p&typeid=i","cat":284427},{"id":204,"n":"Pâtes Coquillettes Turini 500g","p":0.75,"u":"1,50 €/KG","img":"https://fd16-photos.leclercdrive.fr/image.ashx?id=2980408&use=l&cat=p&typeid=i","cat":284427},{"id":205,"n":"Pâtes Macaroni Turini 500g","p":0.75,"u":"1,50 €/KG","img":"https://fd16-photos.leclercdrive.fr/image.ashx?id=2980417&use=l&cat=p&typeid=i","cat":284427},{"id":206,"n":"Spaghetti Turini 500g","p":0.69,"u":"1,38 €/KG","img":"https://fd16-photos.leclercdrive.fr/image.ashx?id=2980399&use=l&cat=p&typeid=i","cat":284427},{"id":208,"n":"Pâtes gansettes Turini 500g","p":0.98,"u":"1,96 €/KG","img":"https://fd16-photos.leclercdrive.fr/image.ashx?id=2607422&use=l&cat=p&typeid=i","cat":284427},{"id":210,"n":"Pâtes cheveux d'anges Turini 500g","p":0.85,"u":"1,70 €/KG","img":"https://fd16-photos.leclercdrive.fr/image.ashx?id=2980782&use=l&cat=p&typeid=i","cat":284427},{"id":211,"n":"Pâtes Tagliatelles Turini 500g","p":1.29,"u":"2,58 €/KG","img":"https://fd16-photos.leclercdrive.fr/image.ashx?id=2669693&use=l&cat=p&typeid=i","cat":284427},{"id":218,"n":"Riz Basmati Comptoir du Grain Sélection Riz long - 1kg","p":2.55,"u":"2,55 €/KG","img":"https://fd16-photos.leclercdrive.fr/image.ashx?id=2549373&use=l&cat=p&typeid=i","cat":284428},{"id":219,"n":"Riz long Comptoir du Grain Sachet cuisson rapide x5 - 1kg","p":1.74,"u":"1,74 €/KG","img":"https://fd16-photos.leclercdrive.fr/image.ashx?id=1759876&use=l&cat=p&typeid=i","cat":284428},{"id":220,"n":"Couscous moyen Regia 1kg","p":2.3,"u":"2,30 €/KG","img":"https://fd16-photos.leclercdrive.fr/image.ashx?id=2874856&use=l&cat=p&typeid=i","cat":284429},{"id":221,"n":"Couscous Ferrero fin Graine nature - 1kg","p":2.82,"u":"2,82 €/KG","img":"https://fd16-photos.leclercdrive.fr/image.ashx?id=2862215&use=l&cat=p&typeid=i","cat":284429},{"id":224,"n":"Purée pomme de terre Pom'lisse Nature - 4x125g - 500g","p":1.85,"u":"3,70 €/KG","img":"https://fd16-photos.leclercdrive.fr/image.ashx?id=2949403&use=l&cat=p&typeid=i","cat":284431},{"id":225,"n":"Couscous Comptoir du Grain Grain moyen - 1kg","p":1.44,"u":"1,44 €/KG","img":"https://fd16-photos.leclercdrive.fr/image.ashx?id=3012794&use=l&cat=p&typeid=i","cat":284429},{"id":230,"n":"Pois cassés Notre Jardin 500g","p":1.05,"u":"2,10 €/KG","img":"https://fd16-photos.leclercdrive.fr/image.ashx?id=2983772&use=l&cat=p&typeid=i","cat":284430},{"id":231,"n":"Lentilles vertes Notre Jardin 500g","p":1.63,"u":"3,26 €/KG","img":"https://fd16-photos.leclercdrive.fr/image.ashx?id=2983778&use=l&cat=p&typeid=i","cat":284430},{"id":238,"n":"Soupe Velouté Régal Soupe Tomates - 1L","p":1.09,"u":"1,09 €/L","img":"https://fd16-photos.leclercdrive.fr/image.ashx?id=2800234&use=l&cat=p&typeid=i","cat":284462},{"id":239,"n":"Soupe Velouté Régal Soupe 10 légumes - 1L","p":1.19,"u":"1,19 €/L","img":"https://fd16-photos.leclercdrive.fr/image.ashx?id=2983781&use=l&cat=p&typeid=i","cat":284462},{"id":240,"n":"Soupe Régal Soupe Poireaux Pommes de terre - 1L","p":1.19,"u":"1,19 €/L","img":"https://fd16-photos.leclercdrive.fr/image.ashx?id=2983784&use=l&cat=p&typeid=i","cat":284462},{"id":241,"n":"Soupe Mouliné Régal Soupe 10 légumes variés - 1L","p":1.08,"u":"1,08 €/L","img":"https://fd16-photos.leclercdrive.fr/image.ashx?id=2607353&use=l&cat=p&typeid=i","cat":284462},{"id":242,"n":"Soupe Velouté Régal Soupe Potiron - 1L","p":1.35,"u":"1,35 €/L","img":"https://fd16-photos.leclercdrive.fr/image.ashx?id=2983787&use=l&cat=p&typeid=i","cat":284462},{"id":255,"n":"Arôme Saveur Maggi 250g","p":1.86,"u":"7,44 €/KG","img":"https://fd16-photos.leclercdrive.fr/image.ashx?id=2671960&use=l&cat=p&typeid=i","cat":288379},{"id":259,"n":"Assaisonnement Liquide KNORR Viandox - 160ml","p":1.46,"pp":1.02,"u":"6,38 €/L","img":"https://fd16-photos.leclercdrive.fr/image.ashx?id=2705215&use=l&cat=p&typeid=i","cat":288383},{"id":267,"n":"Biscuits Petit Ecolier LU Chocolat au lait - 120g","p":2.06,"u":"17,17 €/KG","img":"https://fd16-photos.leclercdrive.fr/image.ashx?id=3014404&use=l&cat=p&typeid=i","cat":284488},{"id":270,"n":"Biscuits Petit Ecolier LU Chocolat noir - 150g","p":1.75,"u":"11,67 €/KG","img":"https://fd16-photos.leclercdrive.fr/image.ashx?id=2944359&use=l&cat=p&typeid=i","cat":284488},{"id":278,"n":"Biscuits La Barquette Lulu LU Chocolat noisettes - 2x120g","p":2.0,"u":"8,33 €/KG","img":"https://fd16-photos.leclercdrive.fr/image.ashx?id=2135740&use=l&cat=p&typeid=i","cat":284488},{"id":280,"n":"Biscuits Petits cœurs LU Chocolat - 180g","p":2.38,"u":"13,22 €/KG","img":"https://fd16-photos.leclercdrive.fr/image.ashx?id=3002024&use=l&cat=p&typeid=i","cat":284488},{"id":281,"n":"Gâteaux moelleux Lulu LU Coqueline Chocolat - 165g","p":1.66,"u":"10,06 €/KG","img":"https://fd16-photos.leclercdrive.fr/image.ashx?id=3001946&use=l&cat=p&typeid=i","cat":284495},{"id":283,"n":"Biscuit Petit beurre P'tit Déli Chocolat au lait pocket - 250g","p":2.25,"u":"9,00 €/KG","img":"https://fd16-photos.leclercdrive.fr/image.ashx?id=2919589&use=l&cat=p&typeid=i","cat":284488},{"id":284,"n":"Biscuits P'tit Déli ronds Chocolat lait 200g","p":1.2,"u":"6,00 €/KG","img":"https://fd16-photos.leclercdrive.fr/image.ashx?id=2884210&use=l&cat=p&typeid=i","cat":284488},{"id":286,"n":"Biscuits barquette P'tit Déli Chocolat et noisette x18 - 120g","p":0.89,"u":"7,42 €/KG","img":"https://fd16-photos.leclercdrive.fr/image.ashx?id=2705065&use=l&cat=p&typeid=i","cat":284488},{"id":288,"n":"Gaufrettes P'tit Déli  Enrobées chocolat 150g","p":1.59,"u":"10,60 €/KG","img":"https://fd16-photos.leclercdrive.fr/image.ashx?id=2965416&use=l&cat=p&typeid=i","cat":284488},{"id":289,"n":"Mini goûters P'tit Déli Chocolat 168g","p":1.13,"u":"6,73 €/KG","img":"https://fd16-photos.leclercdrive.fr/image.ashx?id=2321941&use=l&cat=p&typeid=i","cat":284488},{"id":290,"n":"Biscuits P'tit Déli Bâtonnets Chocolat 150g","p":1.19,"u":"7,93 €/KG","img":"https://fd16-photos.leclercdrive.fr/image.ashx?id=2470189&use=l&cat=p&typeid=i","cat":284488},{"id":291,"n":"Goûter Moelleux P'tit Déli  Lait et cacao x10 420g","p":2.81,"u":"6,69 €/KG","img":"https://fd16-photos.leclercdrive.fr/image.ashx?id=2610684&use=l&cat=p&typeid=i","cat":284495},{"id":292,"n":"Biscuits fourrés P'tit Déli Coeur fondant chocolat - 225g","p":1.26,"u":"5,60 €/KG","img":"https://fd16-photos.leclercdrive.fr/image.ashx?id=2932393&use=l&cat=p&typeid=i","cat":284488},{"id":304,"n":"Génoises fourrées P'tit Déli - 150g","p":1.39,"u":"9,27 €/KG","img":"https://fd16-photos.leclercdrive.fr/image.ashx?id=2470192&use=l&cat=p&typeid=i","cat":284489},{"id":310,"n":"Biscuits boudoirs P'tit Déli Aux oeufs - 175g","p":1.38,"u":"7,89 €/KG","img":"https://fd16-photos.leclercdrive.fr/image.ashx?id=1947342&use=l&cat=p&typeid=i","cat":284487},{"id":313,"n":"Biscuits palmiers P'tit Déli 100g","p":0.59,"u":"5,90 €/KG","img":"https://fd16-photos.leclercdrive.fr/image.ashx?id=2940896&use=l&cat=p&typeid=i","cat":284487},{"id":314,"n":"Biscuits langue chat P'tit Déli 200g","p":1.28,"u":"6,40 €/KG","img":"https://fd16-photos.leclercdrive.fr/image.ashx?id=1875827&use=l&cat=p&typeid=i","cat":284487},{"id":315,"n":"Biscuits cigarettes P'tit Déli Fines 180g","p":0.95,"u":"5,28 €/KG","img":"https://fd16-photos.leclercdrive.fr/image.ashx?id=2907039&use=l&cat=p&typeid=i","cat":284487},{"id":316,"n":"Palets bretons P'tit Déli 125g","p":0.97,"u":"7,76 €/KG","img":"https://fd16-photos.leclercdrive.fr/image.ashx?id=2809650&use=l&cat=p&typeid=i","cat":284487},{"id":323,"n":"Gâteaux Mini roulés Pépito Chocolat - 150g","p":1.76,"u":"11,73 €/KG","img":"https://fd16-photos.leclercdrive.fr/image.ashx?id=2331898&use=l&cat=p&typeid=i","cat":284495},{"id":325,"n":"Galettes Bretonnes P'tit Déli Pur beurre - 125g","p":0.73,"u":"5,84 €/KG","img":"https://fd16-photos.leclercdrive.fr/image.ashx?id=2847943&use=l&cat=p&typeid=i","cat":284487},{"id":327,"n":"Biscuits P'tit Déli Cookies Chocolat nougatine 200g","p":1.35,"u":"6,75 €/KG","img":"https://fd16-photos.leclercdrive.fr/image.ashx?id=2900022&use=l&cat=p&typeid=i","cat":325066},{"id":328,"n":"Biscuits Cookies P'tit Déli Chocolat pépite chocolat - 200g","p":1.35,"u":"6,75 €/KG","img":"https://fd16-photos.leclercdrive.fr/image.ashx?id=2900025&use=l&cat=p&typeid=i","cat":325066},{"id":332,"n":"Biscuits petit déjeuner Belvita Céréales & Lait - 400g","p":2.68,"u":"6,70 €/KG","img":"https://fd16-photos.leclercdrive.fr/image.ashx?id=2959841&use=l&cat=p&typeid=i","cat":284491},{"id":345,"n":"Pain de mie Harrys - Nature Longue conservation - 250g","p":0.79,"u":"3,16 €/KG","img":"https://fd16-photos.leclercdrive.fr/image.ashx?id=2507976&use=l&cat=p&typeid=i","cat":284477},{"id":349,"n":"Pain de mie nature Epi d'Or Classique - 500g","p":1.19,"u":"2,38 €/KG","img":"https://fd16-photos.leclercdrive.fr/image.ashx?id=2615582&use=l&cat=p&typeid=i","cat":284477},{"id":350,"n":"Pain de mie nature Epi d'Or Grandes tranches - 550g","p":1.09,"u":"1,98 €/KG","img":"https://fd16-photos.leclercdrive.fr/image.ashx?id=2860700&use=l&cat=p&typeid=i","cat":284477},{"id":352,"n":"Pain de mie nature Epi d'Or  Extra-moelleux - 500g","p":0.95,"u":"1,90 €/KG","img":"https://fd16-photos.leclercdrive.fr/image.ashx?id=2860697&use=l&cat=p&typeid=i","cat":284477},{"id":360,"n":"Pains au lait Epi d'Or Pépites chocolat - 350g","p":2.29,"u":"6,54 €/KG","img":"https://fd16-photos.leclercdrive.fr/image.ashx?id=2867895&use=l&cat=p&typeid=i","cat":293505},{"id":361,"n":"Brioche tranchée Epi d'Or Nature - 500g","p":1.65,"u":"3,30 €/KG","img":"https://fd16-photos.leclercdrive.fr/image.ashx?id=2860694&use=l&cat=p&typeid=i","cat":284478},{"id":363,"n":"Pains au lait Epi d'Or x10 - 350g","p":1.19,"u":"3,40 €/KG","img":"https://fd16-photos.leclercdrive.fr/image.ashx?id=2860688&use=l&cat=p&typeid=i","cat":293505},{"id":364,"n":"Pains au chocolat Epi d'Or x8 - 360g","p":1.89,"u":"5,25 €/KG","img":"https://fd16-photos.leclercdrive.fr/image.ashx?id=2860691&use=l&cat=p&typeid=i","cat":296366},{"id":367,"n":"Barre patissière P'tit Déli 800g","p":2.2,"u":"2,75 €/KG","img":"https://fd16-photos.leclercdrive.fr/image.ashx?id=2074379&use=l&cat=p&typeid=i","cat":294776},{"id":368,"n":"Madeleine P'tit Déli coquilles Sachet 1kg","p":3.4,"u":"3,40 €/KG","img":"https://fd16-photos.leclercdrive.fr/image.ashx?id=2999493&use=l&cat=p&typeid=i","cat":284492},{"id":369,"n":"Marbré P'tit Déli 300g","p":1.89,"u":"6,30 €/KG","img":"https://fd16-photos.leclercdrive.fr/image.ashx?id=2562698&use=l&cat=p&typeid=i","cat":294776},{"id":373,"n":"Biscottes Plaine Vie Heudebert  Sans sel - 300g","p":1.7,"u":"5,67 €/KG","img":"https://fd16-photos.leclercdrive.fr/image.ashx?id=2870572&use=l&cat=p&typeid=i","cat":284479},{"id":375,"n":"Biscottes fourrées Cracotte LU  Framboise - 200g","p":1.78,"u":"8,90 €/KG","img":"https://fd16-photos.leclercdrive.fr/image.ashx?id=2873844&use=l&cat=p&typeid=i","cat":284479},{"id":376,"n":"Biscottes Cracotte LU  Froment - 250g","p":1.49,"u":"5,96 €/KG","img":"https://fd16-photos.leclercdrive.fr/image.ashx?id=3002006&use=l&cat=p&typeid=i","cat":284479},{"id":377,"n":"Biscottes Cracotte LU Gourmande - 250g","p":1.66,"u":"6,64 €/KG","img":"https://fd16-photos.leclercdrive.fr/image.ashx?id=3002009&use=l&cat=p&typeid=i","cat":284479},{"id":378,"n":"Biscottes Cracotte LU  Céréales complètes - 250g","p":1.63,"u":"6,52 €/KG","img":"https://fd16-photos.leclercdrive.fr/image.ashx?id=3002012&use=l&cat=p&typeid=i","cat":284479},{"id":379,"n":"Biscottes fourrées Cracotte Lu Chocolat - 200g","p":1.57,"u":"7,85 €/KG","img":"https://fd16-photos.leclercdrive.fr/image.ashx?id=2849704&use=l&cat=p&typeid=i","cat":284479},{"id":382,"n":"Biscottes Epi d'Or 6 céréales x36 - 300g","p":1.22,"u":"4,07 €/KG","img":"https://fd16-photos.leclercdrive.fr/image.ashx?id=2532832&use=l&cat=p&typeid=i","cat":284479},{"id":384,"n":"Biscottes Epi d'Or froment x36 - 300g","p":1.37,"u":"4,57 €/KG","img":"https://fd16-photos.leclercdrive.fr/image.ashx?id=2634854&use=l&cat=p&typeid=i","cat":284479},{"id":388,"n":"Tartines craquantes Epi d'Or  Froment - 250g","p":1.05,"u":"4,20 €/KG","img":"https://fd16-photos.leclercdrive.fr/image.ashx?id=2856121&use=l&cat=p&typeid=i","cat":284479},{"id":399,"n":"Café moulu Plantation Intense et aromatique - 2x250g","p":6.8,"u":"13,60 €/KG","img":"https://fd16-photos.leclercdrive.fr/image.ashx?id=2607398&use=l&cat=p&typeid=i","cat":284750},{"id":400,"n":"Café moulu Plantation  Intense et aromatique - 250g","p":3.5,"u":"14,00 €/KG","img":"https://fd16-photos.leclercdrive.fr/image.ashx?id=2555050&use=l&cat=p&typeid=i","cat":284750},{"id":402,"n":"Café moulu Plantation  Tradition - 4x250g","p":9.69,"u":"9,69 €/KG","img":"https://fd16-photos.leclercdrive.fr/image.ashx?id=2824250&use=l&cat=p&typeid=i","cat":284750},{"id":405,"n":"Café Soluble Nescafé Spécial Filtre Original - 200g","p":7.9,"u":"39,50 €/KG","img":"https://fd16-photos.leclercdrive.fr/image.ashx?id=2837154&use=l&cat=p&typeid=i","cat":284843},{"id":444,"n":"Lait en poudre Régilait Demi écrémé - 300g","p":2.44,"u":"8,13 €/KG","img":"https://fd16-photos.leclercdrive.fr/image.ashx?id=2110077&use=l&cat=p&typeid=i","cat":299162},{"id":446,"n":"Lait en poudre Délisse Ecrémé - 300g","p":2.1,"u":"7,00 €/KG","img":"https://fd16-photos.leclercdrive.fr/image.ashx?id=2545467&use=l&cat=p&typeid=i","cat":299162},{"id":451,"n":"Confiture Bonne Maman Abricots - 370g","p":1.64,"u":"4,43 €/KG","img":"https://fd16-photos.leclercdrive.fr/image.ashx?id=3001275&use=l&cat=p&typeid=i","cat":284480},{"id":473,"n":"Céréales Lion Nestlé Caramel et Chocolat - 400g","p":2.63,"u":"6,58 €/KG","img":"https://fd16-photos.leclercdrive.fr/image.ashx?id=2927453&use=l&cat=p&typeid=i","cat":309513},{"id":474,"n":"Céréales Cookie Crisp Nestlé 375g","p":2.34,"u":"6,24 €/KG","img":"https://fd16-photos.leclercdrive.fr/image.ashx?id=2926443&use=l&cat=p&typeid=i","cat":309513},{"id":486,"n":"Sucre en poudre Saint Louis 1kg","p":1.5,"u":"1,50 €/KG","img":"https://fd16-photos.leclercdrive.fr/image.ashx?id=2624239&use=l&cat=p&typeid=i","cat":284502},{"id":491,"n":"Levure boulangère Francine 30g","p":1.16,"u":"38,67 €/KG","img":"https://fd16-photos.leclercdrive.fr/image.ashx?id=2210083&use=l&cat=p&typeid=i","cat":294686},{"id":492,"n":"Farine fluide Tablier Blanc Sans grumeaux - 1kg","p":0.85,"u":"0,85 €/KG","img":"https://fd16-photos.leclercdrive.fr/image.ashx?id=2487422&use=l&cat=p&typeid=i","cat":284503},{"id":494,"n":"Levure boulangère Alsa Briochin - x5 - 27.5g","p":0.87,"u":"31,07 €/KG","img":"https://fd16-photos.leclercdrive.fr/image.ashx?id=3007906&use=l&cat=p&typeid=i","cat":294686},{"id":495,"n":"Sucre vanilliné Tablier Blanc x10 - 75g","p":0.73,"u":"9,73 €/KG","img":"https://fd16-photos.leclercdrive.fr/image.ashx?id=2487434&use=l&cat=p&typeid=i","cat":284504},{"id":496,"n":"Sucre Vanillé des Isles Alsa x7 - 52.5g","p":2.41,"u":"46,35 €/KG","img":"https://fd16-photos.leclercdrive.fr/image.ashx?id=2965867&use=l&cat=p&typeid=i","cat":294686},{"id":497,"n":"Sucre Vanillé Alsa x12 - 90g","p":2.07,"u":"23,00 €/KG","img":"https://fd16-photos.leclercdrive.fr/image.ashx?id=3004459&use=l&cat=p&typeid=i","cat":294686},{"id":529,"n":"Bonbons Copains Copines Chocours 200g","p":1.25,"u":"6,25 €/KG","img":"https://fd16-photos.leclercdrive.fr/image.ashx?id=2934649&use=l&cat=p&typeid=i","cat":304250},{"id":546,"n":"Eau minérale naturelle Des Alpes - 6x50cl","p":1.98,"u":"0,66 €/L","img":"https://fd16-photos.leclercdrive.fr/image.ashx?id=552962&use=l&cat=p&typeid=i","cat":284535},{"id":547,"n":"Eau de source de Montagne 5L","p":0.87,"u":"0,17 €/L","img":"https://fd16-photos.leclercdrive.fr/image.ashx?id=2699420&use=l&cat=p&typeid=i","cat":284535},{"id":591,"n":"Sirop Frucci Citron - 75cl","p":1.69,"u":"2,25 €/L","img":"https://fd16-photos.leclercdrive.fr/image.ashx?id=2842214&use=l&cat=p&typeid=i","cat":295020},{"id":592,"n":"Sirop Frucci Grenadine - 75cl","p":1.99,"u":"2,65 €/L","img":"https://fd16-photos.leclercdrive.fr/image.ashx?id=2842220&use=l&cat=p&typeid=i","cat":295020},{"id":593,"n":"Sirop Frucci Pêche - 75cl","p":2.39,"u":"3,19 €/L","img":"https://fd16-photos.leclercdrive.fr/image.ashx?id=2842226&use=l&cat=p&typeid=i","cat":295020},{"id":594,"n":"Sirop Frucci Framboise - 75cl","p":3.52,"u":"4,69 €/L","img":"https://fd16-photos.leclercdrive.fr/image.ashx?id=2909867&use=l&cat=p&typeid=i","cat":295020},{"id":595,"n":"Sirop Frucci Fraise - 75cl","p":2.69,"u":"3,59 €/L","img":"https://fd16-photos.leclercdrive.fr/image.ashx?id=2842232&use=l&cat=p&typeid=i","cat":295020},{"id":596,"n":"Sirop Frucci Cassis - 75cl","p":2.94,"u":"3,92 €/L","img":"https://fd16-photos.leclercdrive.fr/image.ashx?id=2842238&use=l&cat=p&typeid=i","cat":295020},{"id":612,"n":"100% Pur jus d'orange Jafaden Sans pulpe - 1L","p":2.22,"u":"2,22 €/L","img":"https://fd16-photos.leclercdrive.fr/image.ashx?id=2955620&use=l&cat=p&typeid=i","cat":284521},{"id":613,"n":"Jus d'orange Jafaden A base de concentré - 6x20cl","p":1.99,"u":"1,66 €/L","img":"https://fd16-photos.leclercdrive.fr/image.ashx?id=2751871&use=l&cat=p&typeid=i","cat":284524},{"id":614,"n":"Jus d'orange Jafaden A base de concentré - 1L","p":1.59,"u":"1,59 €/L","img":"https://fd16-photos.leclercdrive.fr/image.ashx?id=2842459&use=l&cat=p&typeid=i","cat":284521},{"id":617,"n":"100% Pur jus d'orange Jafaden  Sans pulpe - 1,5L","p":2.65,"u":"1,77 €/L","img":"https://fd16-photos.leclercdrive.fr/image.ashx?id=2842468&use=l&cat=p&typeid=i","cat":284521},{"id":618,"n":"Nectar d'orange Jafaden Avec pulpe - 1L","p":1.69,"u":"1,69 €/L","img":"https://fd16-photos.leclercdrive.fr/image.ashx?id=2955638&use=l&cat=p&typeid=i","cat":284521},{"id":621,"n":"100% Pur jus d'orange Jafaden  Sans pulpe - 2L","p":3.49,"u":"1,75 €/L","img":"https://fd16-photos.leclercdrive.fr/image.ashx?id=2842456&use=l&cat=p&typeid=i","cat":284521},{"id":625,"n":"Pur jus raisin Jafaden 1L","p":1.55,"u":"1,55 €/L","img":"https://fd16-photos.leclercdrive.fr/image.ashx?id=2955626&use=l&cat=p&typeid=i","cat":284915},{"id":627,"n":"Jus pamplemousse rose Jafaden A base de concentré - 1L","p":1.55,"u":"1,55 €/L","img":"https://fd16-photos.leclercdrive.fr/image.ashx?id=2520005&use=l&cat=p&typeid=i","cat":284914},{"id":632,"n":"Jus ananas Jafaden A base de concentré 1L","p":1.75,"u":"1,75 €/L","img":"https://fd16-photos.leclercdrive.fr/image.ashx?id=2919592&use=l&cat=p&typeid=i","cat":284916},{"id":655,"n":"Soda Jean's Cola Bouteille - 1,5L","p":1.09,"u":"0,73 €/L","img":"https://fd16-photos.leclercdrive.fr/image.ashx?id=3007025&use=l&cat=p&typeid=i","cat":284530},{"id":656,"n":"Soda Jean's Cola Canette - 6x33cl","p":2.26,"u":"1,14 €/L","img":"https://fd16-photos.leclercdrive.fr/image.ashx?id=2637829&use=l&cat=p&typeid=i","cat":284530},{"id":669,"n":"Limonade des Pyrénées NRT 6x33cl","p":3.35,"u":"1,69 €/L","img":"https://fd16-photos.leclercdrive.fr/image.ashx?id=2699807&use=l&cat=p&typeid=i","cat":284531},{"id":673,"n":"Soda Gini Citron - 1,5L","p":2.0,"u":"1,33 €/L","img":"https://fd16-photos.leclercdrive.fr/image.ashx?id=2654677&use=l&cat=p&typeid=i","cat":284532},{"id":682,"n":"Soda Pulp'Orange Bouteille - 1,5L","p":1.47,"u":"0,98 €/L","img":"https://fd16-photos.leclercdrive.fr/image.ashx?id=2922382&use=l&cat=p&typeid=i","cat":284532},{"id":683,"n":"Soda Pulp'Orange rouge Bouteille - 1,5L","p":1.59,"u":"1,06 €/L","img":"https://fd16-photos.leclercdrive.fr/image.ashx?id=2922394&use=l&cat=p&typeid=i","cat":284532},{"id":689,"n":"Thé glacé Fresh Tea Pêche - Canette -  6x33cl","p":2.49,"u":"1,26 €/L","img":"https://fd16-photos.leclercdrive.fr/image.ashx?id=2622239&use=l&cat=p&typeid=i","cat":295019},{"id":700,"n":"Bière blonde 1664 5,5° - 4x50cl canettes","p":4.77,"u":"2,39 €/L","img":"https://fd16-photos.leclercdrive.fr/image.ashx?id=2793536&use=l&cat=p&typeid=i","cat":334853},{"id":726,"n":"Bière blonde Amsterdam  Maximator 11.6% vol. - 50cl","p":1.78,"u":"3,56 €/L","img":"https://fd16-photos.leclercdrive.fr/image.ashx?id=2190897&use=l&cat=p&typeid=i","cat":334853},{"id":731,"n":"Bière blonde forte Falsbourg Canette - 8%vol. - 50cl","p":0.98,"u":"1,96 €/L","img":"https://fd16-photos.leclercdrive.fr/image.ashx?id=2637838&use=l&cat=p&typeid=i","cat":334853},{"id":742,"n":"AOP Cabernet d'Anjou vin rosé Les Caractères - BIB 3L - 11%","p":13.49,"u":"4,50 €/L","img":"https://fd16-photos.leclercdrive.fr/image.ashx?id=2940902&use=l&cat=p&typeid=i","cat":289560},{"id":744,"n":"Cidre bouché Les Goelleries Breton brut 5%vol. - 75cl","p":1.99,"u":"2,65 €/L","img":"https://fd16-photos.leclercdrive.fr/image.ashx?id=2842184&use=l&cat=p&typeid=i","cat":334880},{"id":750,"n":"Camembert de Pays Les Croisés 21% mg - 250 gr","p":1.75,"u":"7,00 €/KG","img":"https://fd16-photos.leclercdrive.fr/image.ashx?id=2974795&use=l&cat=p&typeid=i","cat":314033},{"id":751,"n":"Coulommiers Les Croisés Tendre/Onctueux - 24%mg - 350g","p":2.15,"u":"6,14 €/KG","img":"https://fd16-photos.leclercdrive.fr/image.ashx?id=2974768&use=l&cat=p&typeid=i","cat":314033},{"id":752,"n":"Petit Brie Les Croisés 32% matière grasse - 500g","p":4.31,"u":"8,62 €/KG","img":"https://fd16-photos.leclercdrive.fr/image.ashx?id=2974792&use=l&cat=p&typeid=i","cat":314033},{"id":753,"n":"Pointe de Brie Les Croisés 32% mg - 200g","p":1.45,"u":"7,25 €/KG","img":"https://fd16-photos.leclercdrive.fr/image.ashx?id=2974771&use=l&cat=p&typeid=i","cat":314033},{"id":754,"n":"Fromage Les Croisés Coeur Crème Lait pasteurisé 33%mg - 300g","p":2.29,"u":"7,63 €/KG","img":"https://fd16-photos.leclercdrive.fr/image.ashx?id=2625068&use=l&cat=p&typeid=i","cat":314033},{"id":755,"n":"Coulommiers Le Rustique  350g","p":3.56,"u":"10,17 €/KG","img":"https://fd16-photos.leclercdrive.fr/image.ashx?id=2835905&use=l&cat=p&typeid=i","cat":314033},{"id":757,"n":"Fromage Comté Entremont 32 %mg - 350g","p":5.3,"u":"15,14 €/KG","img":"https://fd16-photos.leclercdrive.fr/image.ashx?id=2983147&use=l&cat=p&typeid=i","cat":314034},{"id":760,"n":"Emmental fromage bloc Les Croisés - 250g","p":2.24,"u":"8,96 €/KG","img":"https://fd16-photos.leclercdrive.fr/image.ashx?id=2904550&use=l&cat=p&typeid=i","cat":314034},{"id":764,"n":"Fromage Bleu Les Croisés Lait pasteurisé 31% mg - 250g","p":2.29,"u":"9,16 €/KG","img":"https://fd16-photos.leclercdrive.fr/image.ashx?id=2642100&use=l&cat=p&typeid=i","cat":314032},{"id":765,"n":"Société Crème  Crème de fromage brebis - 100g","p":2.1,"u":"21,00 €/KG","img":"https://fd16-photos.leclercdrive.fr/image.ashx?id=2729317&use=l&cat=p&typeid=i","cat":314029},{"id":768,"n":"Fromage de chèvre Les Croisés Lait pasteurisé 22%mg - 180g","p":2.29,"u":"12,72 €/KG","img":"https://fd16-photos.leclercdrive.fr/image.ashx?id=2048615&use=l&cat=p&typeid=i","cat":314031},{"id":785,"n":"Rondelé ail et fines herbes 125g","p":1.7,"u":"13,60 €/KG","img":"https://fd16-photos.leclercdrive.fr/image.ashx?id=2967756&use=l&cat=p&typeid=i","cat":314029},{"id":786,"n":"Chaussée aux Moines 450g","p":3.99,"u":"8,87 €/KG","img":"https://fd16-photos.leclercdrive.fr/image.ashx?id=2771166&use=l&cat=p&typeid=i","cat":329184},{"id":787,"n":"Fromage L'Ortolan  Fromagerie Milleret - 250g","p":2.5,"u":"10,00 €/KG","img":"https://fd16-photos.leclercdrive.fr/image.ashx?id=2450913&use=l&cat=p&typeid=i","cat":314033},{"id":794,"n":"Rocamadour NRT AOP  Fromage de chèvre - 3x35g","p":2.69,"u":"25,62 €/KG","img":"https://fd16-photos.leclercdrive.fr/image.ashx?id=2954142&use=l&cat=p&typeid=i","cat":314031},{"id":795,"n":"Fromage Brique Les Croisés Lait pasteurisé 60%mg - 200g","p":1.74,"u":"8,70 €/KG","img":"https://fd16-photos.leclercdrive.fr/image.ashx?id=2615804&use=l&cat=p&typeid=i","cat":314033},{"id":796,"n":"Fromage raclette Les Croisés Tranchette lait pasteurisé 400g","p":3.89,"u":"9,73 €/KG","img":"https://fd16-photos.leclercdrive.fr/image.ashx?id=2791704&use=l&cat=p&typeid=i","cat":314037},{"id":806,"n":"Emmental fromage rapé Les Croisés - 500g","p":3.99,"u":"7,98 €/KG","img":"https://fd16-photos.leclercdrive.fr/image.ashx?id=2832903&use=l&cat=p&typeid=i","cat":314035},{"id":807,"n":"Emmental fromage rapé Les Croisés - 200g","p":1.65,"u":"8,25 €/KG","img":"https://fd16-photos.leclercdrive.fr/image.ashx?id=2949409&use=l&cat=p&typeid=i","cat":314035},{"id":808,"n":"Emmental fromage rapé Les Croisés - 100g","p":1.1,"u":"11,00 €/KG","img":"https://fd16-photos.leclercdrive.fr/image.ashx?id=2893283&use=l&cat=p&typeid=i","cat":314035},{"id":810,"n":"Râpé Grana Padano AOP Les Croisés - 100g","p":1.5,"u":"15,00 €/KG","img":"https://fd16-photos.leclercdrive.fr/image.ashx?id=2903935&use=l&cat=p&typeid=i","cat":314035},{"id":818,"n":"Yaourts brassés Délisse  Nature - 8x125g","p":1.65,"u":"1,65 €/KG","img":"https://fd16-photos.leclercdrive.fr/image.ashx?id=2742611&use=l&cat=p&typeid=i","cat":284409},{"id":821,"n":"Yaourts sucrés Délisse Nature - 16x125g","p":2.69,"u":"1,35 €/KG","img":"https://fd16-photos.leclercdrive.fr/image.ashx?id=2591485&use=l&cat=p&typeid=i","cat":284409},{"id":834,"n":"Yaourts La Laitière Fruits pâtissiers - 12x125g","p":4.53,"u":"3,02 €/KG","img":"https://fd16-photos.leclercdrive.fr/image.ashx?id=2578684&use=l&cat=p&typeid=i","cat":314999},{"id":839,"n":"Yaourts crémeux Délisse Panaché de fruits - 16x125g","p":4.32,"u":"2,16 €/KG","img":"https://fd16-photos.leclercdrive.fr/image.ashx?id=2799236&use=l&cat=p&typeid=i","cat":284410},{"id":841,"n":"Yaourts brassés Délisse Panaché de fruits - 16x125g","p":3.26,"u":"1,63 €/KG","img":"https://fd16-photos.leclercdrive.fr/image.ashx?id=2494211&use=l&cat=p&typeid=i","cat":284410},{"id":842,"n":"Yaourts aux fruits Délisse Panaché de fruits - 16x125g","p":3.78,"u":"1,89 €/KG","img":"https://fd16-photos.leclercdrive.fr/image.ashx?id=2609544&use=l&cat=p&typeid=i","cat":284410},{"id":843,"n":"Yaourts Crème Délisse Stracciatella - 4x125g","p":2.04,"u":"4,08 €/KG","img":"https://fd16-photos.leclercdrive.fr/image.ashx?id=2117120&use=l&cat=p&typeid=i","cat":314999},{"id":855,"n":"Yaourts brassés Déli'light  Nature - 0% MG - 8x125g","p":2.13,"u":"2,13 €/KG","img":"https://fd16-photos.leclercdrive.fr/image.ashx?id=2356667&use=l&cat=p&typeid=i","cat":315000},{"id":871,"n":"Yaourts à boire DéliUp' Délisse Nature - 10x100g","p":2.85,"u":"2,85 €/KG","img":"https://fd16-photos.leclercdrive.fr/image.ashx?id=1713612&use=l&cat=p&typeid=i","cat":284415},{"id":879,"n":"Fromage blanc sous mousse  Gervita nature - 4x100g","p":1.88,"u":"4,70 €/KG","img":"https://fd16-photos.leclercdrive.fr/image.ashx?id=2746157&use=l&cat=p&typeid=i","cat":284409},{"id":887,"n":"Fromage frais Délisse Fruits panachés 22%mg - 12x50g","p":1.51,"u":"2,52 €/KG","img":"https://fd16-photos.leclercdrive.fr/image.ashx?id=2922491&use=l&cat=p&typeid=i","cat":284414},{"id":890,"n":"Fromage frais Délisse Nature 3,8% MG - 12x60g","p":1.64,"u":"2,28 €/KG","img":"https://fd16-photos.leclercdrive.fr/image.ashx?id=1951840&use=l&cat=p&typeid=i","cat":284409},{"id":892,"n":"Fromage frais Duodélisse Nature - 8x100g","p":2.79,"u":"3,49 €/KG","img":"https://fd16-photos.leclercdrive.fr/image.ashx?id=2387316&use=l&cat=p&typeid=i","cat":284409},{"id":894,"n":"Fromage blanc Délisse Nature 0% MG - 8x100g","p":1.79,"u":"2,24 €/KG","img":"https://fd16-photos.leclercdrive.fr/image.ashx?id=2898817&use=l&cat=p&typeid=i","cat":315000},{"id":897,"n":"Fromage blanc Délisse Nature 3.1% MG - 1kg","p":1.97,"u":"1,97 €/KG","img":"https://fd16-photos.leclercdrive.fr/image.ashx?id=3012788&use=l&cat=p&typeid=i","cat":284409},{"id":909,"n":"Crème dessert Danette Chocolat et lait - 6x70g","p":1.62,"u":"3,86 €/KG","img":"https://fd16-photos.leclercdrive.fr/image.ashx?id=1984855&use=l&cat=p&typeid=i","cat":285041},{"id":918,"n":"Crème dessert Délisse Café - 4x125g","p":0.89,"u":"1,78 €/KG","img":"https://fd16-photos.leclercdrive.fr/image.ashx?id=2441048&use=l&cat=p&typeid=i","cat":285041},{"id":919,"n":"Crème dessert Délisse Caramel - 4x125g","p":0.91,"u":"1,82 €/KG","img":"https://fd16-photos.leclercdrive.fr/image.ashx?id=2854204&use=l&cat=p&typeid=i","cat":285041},{"id":922,"n":"Crème dessert Délisse Praliné - 4x125g","p":0.95,"u":"1,90 €/KG","img":"https://fd16-photos.leclercdrive.fr/image.ashx?id=2441066&use=l&cat=p&typeid=i","cat":285041},{"id":923,"n":"Crème dessert Délisse Panaché - 12x125g","p":2.83,"u":"1,89 €/KG","img":"https://fd16-photos.leclercdrive.fr/image.ashx?id=2465211&use=l&cat=p&typeid=i","cat":285041},{"id":924,"n":"Petit pot de crème Délisse Chocolat - 4x100g","p":1.88,"u":"4,70 €/KG","img":"https://fd16-photos.leclercdrive.fr/image.ashx?id=2544967&use=l&cat=p&typeid=i","cat":285041},{"id":925,"n":"Petit pot de crème Délisse Vanille - 4x100g","p":1.74,"u":"4,35 €/KG","img":"https://fd16-photos.leclercdrive.fr/image.ashx?id=2556508&use=l&cat=p&typeid=i","cat":285041},{"id":933,"n":"Dessert Liégeois Délisse Chocolat Café - 8x100g","p":2.19,"u":"2,74 €/KG","img":"https://fd16-photos.leclercdrive.fr/image.ashx?id=2630884&use=l&cat=p&typeid=i","cat":285042},{"id":934,"n":"Dessert Liégeois Délisse Chocolat - 12x100g","p":3.14,"u":"2,62 €/KG","img":"https://fd16-photos.leclercdrive.fr/image.ashx?id=2630878&use=l&cat=p&typeid=i","cat":285042},{"id":936,"n":"Riz au lait Délisse  Vanille - 4x115g","p":1.35,"u":"2,93 €/KG","img":"https://fd16-photos.leclercdrive.fr/image.ashx?id=2489107&use=l&cat=p&typeid=i","cat":284418},{"id":938,"n":"Gâteaux de semoule Délisse 4x100g","p":2.2,"u":"5,50 €/KG","img":"https://fd16-photos.leclercdrive.fr/image.ashx?id=2544964&use=l&cat=p&typeid=i","cat":284418},{"id":939,"n":"Semoule au lait Délisse Vanille - 4x115g","p":1.09,"u":"2,37 €/KG","img":"https://fd16-photos.leclercdrive.fr/image.ashx?id=2558377&use=l&cat=p&typeid=i","cat":284418},{"id":940,"n":"Gâteaux de riz Délisse 4x100g","p":1.49,"u":"3,73 €/KG","img":"https://fd16-photos.leclercdrive.fr/image.ashx?id=2898820&use=l&cat=p&typeid=i","cat":284418},{"id":942,"n":"Mousse à la liégeoise Délisse Vanille - 8x80g","p":2.62,"u":"4,09 €/KG","img":"https://fd16-photos.leclercdrive.fr/image.ashx?id=3009487&use=l&cat=p&typeid=i","cat":284417},{"id":943,"n":"Mousse Délisse Chocolat noir - 4x60g","p":1.15,"u":"4,79 €/KG","img":"https://fd16-photos.leclercdrive.fr/image.ashx?id=3009493&use=l&cat=p&typeid=i","cat":284417},{"id":944,"n":"Mousse au chocolat Délisse Chocolat au lait - 4x60g","p":1.15,"u":"4,79 €/KG","img":"https://fd16-photos.leclercdrive.fr/image.ashx?id=3009496&use=l&cat=p&typeid=i","cat":284417},{"id":945,"n":"Mousse chocolat Délisse Noir et lait coulis - 8x60g","p":2.25,"u":"4,69 €/KG","img":"https://fd16-photos.leclercdrive.fr/image.ashx?id=3009499&use=l&cat=p&typeid=i","cat":284417},{"id":959,"n":"Flan Délisse Vanille Caramel - 4x100g","p":0.79,"u":"1,98 €/KG","img":"https://fd16-photos.leclercdrive.fr/image.ashx?id=2851640&use=l&cat=p&typeid=i","cat":284420},{"id":960,"n":"Flan Délisse Vanille Caramel - 16x100g","p":2.52,"u":"1,58 €/KG","img":"https://fd16-photos.leclercdrive.fr/image.ashx?id=2858977&use=l&cat=p&typeid=i","cat":284420},{"id":965,"n":"Lait demi-écrémé Délisse UHT Bouteille -  50cl","p":0.79,"u":"1,58 €/L","img":"https://fd16-photos.leclercdrive.fr/image.ashx?id=2981852&use=l&cat=p&typeid=i","cat":284377},{"id":979,"n":"Beurre Mini Elle&Vire  Doux - 82% MG - 16P - 200g","p":2.88,"u":"14,40 €/KG","img":"https://fd16-photos.leclercdrive.fr/image.ashx?id=2528397&use=l&cat=p&typeid=i","cat":284379},{"id":983,"n":"Beurre Tendre Les Croisés Doux - 82% MG - 250g","p":2.59,"u":"10,36 €/KG","img":"https://fd16-photos.leclercdrive.fr/image.ashx?id=2778018&use=l&cat=p&typeid=i","cat":284379},{"id":988,"n":"Beurre Les Croisés 80% MG  Demi-sel Extra fin - 250g","p":2.39,"u":"9,56 €/KG","img":"https://fd16-photos.leclercdrive.fr/image.ashx?id=2777952&use=l&cat=p&typeid=i","cat":284379},{"id":989,"n":"Beurre Tendre Les Croisés Demi-sel - 80% MG - 250g","p":2.62,"u":"10,48 €/KG","img":"https://fd16-photos.leclercdrive.fr/image.ashx?id=2778009&use=l&cat=p&typeid=i","cat":284379},{"id":990,"n":"Beurre Tendre Les Croisés Doux - 82% MG - 250g","p":2.29,"u":"9,16 €/KG","img":"https://fd16-photos.leclercdrive.fr/image.ashx?id=2839887&use=l&cat=p&typeid=i","cat":284379},{"id":991,"n":"Beurre de Bretagne Les Croisés Demi-sel - 80% MG - 500g","p":4.89,"u":"9,78 €/KG","img":"https://fd16-photos.leclercdrive.fr/image.ashx?id=2777970&use=l&cat=p&typeid=i","cat":284379},{"id":1003,"n":"Crème UHT Elle & Vire Fluide Entière - 30% MG - 1L","p":5.3,"u":"5,30 €/L","img":"https://fd16-photos.leclercdrive.fr/image.ashx?id=3008554&use=l&cat=p&typeid=i","cat":284381},{"id":1004,"n":"Crème UHT Elle&Vire Semi-Ep. Si Légère - 4% MG - 3x20cl","p":2.61,"u":"4,35 €/L","img":"https://fd16-photos.leclercdrive.fr/image.ashx?id=2985282&use=l&cat=p&typeid=i","cat":284381},{"id":1005,"n":"Crème Chantilly sucrée Délisse Entière sous pression - 250g","p":1.95,"u":"7,80 €/KG","img":"https://fd16-photos.leclercdrive.fr/image.ashx?id=3002512&use=l&cat=p&typeid=i","cat":284382},{"id":1006,"n":"Crème Chantilly sucrée Délisse Allégée sous pression - 250g","p":1.85,"u":"7,40 €/KG","img":"https://fd16-photos.leclercdrive.fr/image.ashx?id=3002515&use=l&cat=p&typeid=i","cat":284382},{"id":1008,"n":"Crème entière fluide Délisse 30%mg - 3x20cl","p":2.65,"u":"4,42 €/L","img":"https://fd16-photos.leclercdrive.fr/image.ashx?id=2509977&use=l&cat=p&typeid=i","cat":284381},{"id":1009,"n":"Crème légère semi-épaisse   Délisse 18%mg - 3x20cl","p":2.09,"u":"3,48 €/L","img":"https://fd16-photos.leclercdrive.fr/image.ashx?id=3002554&use=l&cat=p&typeid=i","cat":284381},{"id":1011,"n":"Crème fraîche légère Délisse Epaisse - 15% MG - 20cl","p":0.7,"u":"3,50 €/L","img":"https://fd16-photos.leclercdrive.fr/image.ashx?id=1974248&use=l&cat=p&typeid=i","cat":284381},{"id":1012,"n":"Crème fraîche légère Délisse Epaisse - 15% MG  - 50cl","p":1.55,"u":"3,10 €/L","img":"https://fd16-photos.leclercdrive.fr/image.ashx?id=3002539&use=l&cat=p&typeid=i","cat":284381},{"id":1013,"n":"Crème fraîche entière Délisse Epaisse - 30% MG - 20cl","p":0.84,"u":"4,20 €/L","img":"https://fd16-photos.leclercdrive.fr/image.ashx?id=2013155&use=l&cat=p&typeid=i","cat":284381},{"id":1014,"n":"Crème fraîche entière Délisse Epaisse - 30% MG- 50cl","p":1.95,"u":"3,90 €/L","img":"https://fd16-photos.leclercdrive.fr/image.ashx?id=3002524&use=l&cat=p&typeid=i","cat":284381},{"id":1022,"n":"Bacon Saint Azay x15 - 150g","p":1.79,"u":"11,93 €/KG","img":"https://fd16-photos.leclercdrive.fr/image.ashx?id=2974957&use=l&cat=p&typeid=i","cat":316007},{"id":1027,"n":"Plateau charcuteries Alsace NRT 200g","p":2.04,"u":"10,20 €/KG","img":"https://fd16-photos.leclercdrive.fr/image.ashx?id=2991479&use=l&cat=p&typeid=i","cat":316012},{"id":1029,"n":"Mini saucissons secs Saint Azay Nature - 75g","p":1.29,"u":"17,20 €/KG","img":"https://fd16-photos.leclercdrive.fr/image.ashx?id=2943617&use=l&cat=p&typeid=i","cat":316006},{"id":1030,"n":"Mini Saucissons secs Saint Azay Aux noix - 75g","p":1.35,"u":"18,00 €/KG","img":"https://fd16-photos.leclercdrive.fr/image.ashx?id=2943620&use=l&cat=p&typeid=i","cat":316006},{"id":1032,"n":"Saucisse sèche Saint Azay Qualité supérieure - 300g","p":3.46,"u":"11,53 €/KG","img":"https://fd16-photos.leclercdrive.fr/image.ashx?id=2859152&use=l&cat=p&typeid=i","cat":316006},{"id":1033,"n":"Chorizo Doux Saint Azay 225g","p":1.89,"u":"8,40 €/KG","img":"https://fd16-photos.leclercdrive.fr/image.ashx?id=2753460&use=l&cat=p&typeid=i","cat":316006},{"id":1034,"n":"Chorizo Fort Saint Azay 225g","p":1.89,"u":"8,40 €/KG","img":"https://fd16-photos.leclercdrive.fr/image.ashx?id=2753463&use=l&cat=p&typeid=i","cat":316006},{"id":1035,"n":"Chorizo Extra Fort Saint Azay 225g","p":1.89,"u":"8,40 €/KG","img":"https://fd16-photos.leclercdrive.fr/image.ashx?id=2430686&use=l&cat=p&typeid=i","cat":316006},{"id":1070,"n":"Saucisse de Morteau NRT IGP - 350g","p":5.41,"u":"15,46 €/KG","img":"https://fd16-photos.leclercdrive.fr/image.ashx?id=2991464&use=l&cat=p&typeid=i","cat":316012},{"id":1071,"n":"Coppa italienne Saint Azay 10 tranches 100 g","p":1.98,"u":"19,80 €/KG","img":"https://fd16-photos.leclercdrive.fr/image.ashx?id=2665844&use=l&cat=p&typeid=i","cat":316007},{"id":1081,"n":"Véritables Knacks d'Alsace NRT X4 - 260g","p":2.79,"u":"10,73 €/KG","img":"https://fd16-photos.leclercdrive.fr/image.ashx?id=2991488&use=l&cat=p&typeid=i","cat":316012},{"id":1087,"n":"Pâté en croûte St Azay 450g","p":2.65,"u":"5,89 €/KG","img":"https://fd16-photos.leclercdrive.fr/image.ashx?id=2932396&use=l&cat=p&typeid=i","cat":316003},{"id":1103,"n":"Foie gras de canard entier Pierre de Chaumeyrac - 180g","p":15.48,"u":"86,00 €/KG","img":"https://fd16-photos.leclercdrive.fr/image.ashx?id=2801040&use=l&cat=p&typeid=i","cat":316008},{"id":1107,"n":"Taboulé Menu Fraîcheur A l'orientale - 300g","p":0.99,"u":"3,30 €/KG","img":"https://fd16-photos.leclercdrive.fr/image.ashx?id=2816546&use=l&cat=p&typeid=i","cat":333657},{"id":1110,"n":"Riz cantonais Tables du Monde 400g","p":3.06,"u":"7,65 €/KG","img":"https://fd16-photos.leclercdrive.fr/image.ashx?id=2846553&use=l&cat=p&typeid=i","cat":333665},{"id":1115,"n":"Croque-monsieur Côté Croc 2x100g","p":1.36,"u":"6,80 €/KG","img":"https://fd16-photos.leclercdrive.fr/image.ashx?id=2873661&use=l&cat=p&typeid=i","cat":333671},{"id":1116,"n":"Croque-monsieur Côté Croc 2x135g","p":1.94,"u":"7,19 €/KG","img":"https://fd16-photos.leclercdrive.fr/image.ashx?id=2885765&use=l&cat=p&typeid=i","cat":333671},{"id":1117,"n":"Manchons de poulet Côté Croc 250g","p":2.49,"u":"9,96 €/KG","img":"https://fd16-photos.leclercdrive.fr/image.ashx?id=2560467&use=l&cat=p&typeid=i","cat":333685},{"id":1118,"n":"Manchons de poulet Côté Croc Méxicaine - 250g","p":2.49,"u":"9,96 €/KG","img":"https://fd16-photos.leclercdrive.fr/image.ashx?id=2570031&use=l&cat=p&typeid=i","cat":333685},{"id":1120,"n":"Sandwich Côté Snack Jambon beurre - 125g","p":0.99,"u":"7,92 €/KG","img":"https://fd16-photos.leclercdrive.fr/image.ashx?id=2619707&use=l&cat=p&typeid=i","cat":333658},{"id":1121,"n":"Sandwich Côté Snack Jambon emmental - 145g","p":1.19,"u":"8,21 €/KG","img":"https://fd16-photos.leclercdrive.fr/image.ashx?id=2609547&use=l&cat=p&typeid=i","cat":333658},{"id":1122,"n":"Sandwich Côté Snack Jambon fumé oeuf mimosa - 145g","p":1.69,"u":"13,52 €/KG","img":"https://fd16-photos.leclercdrive.fr/image.ashx?id=2609550&use=l&cat=p&typeid=i","cat":333658},{"id":1123,"n":"Sandwich Côté Snack Thon crudités - 145g","p":1.19,"u":"8,21 €/KG","img":"https://fd16-photos.leclercdrive.fr/image.ashx?id=2604969&use=l&cat=p&typeid=i","cat":333658},{"id":1124,"n":"Sandwich Côté Snack Poulet crudités - 145g","p":1.19,"u":"8,21 €/KG","img":"https://fd16-photos.leclercdrive.fr/image.ashx?id=2898239&use=l&cat=p&typeid=i","cat":333658},{"id":1125,"n":"Cordons bleus Côté Croc Dinde - 200g","p":1.95,"u":"9,75 €/KG","img":"https://fd16-photos.leclercdrive.fr/image.ashx?id=2915113&use=l&cat=p&typeid=i","cat":333683},{"id":1126,"n":"Nuggets de poulet Côté Croc x10 - 200g","p":1.52,"u":"7,60 €/KG","img":"https://fd16-photos.leclercdrive.fr/image.ashx?id=2883312&use=l&cat=p&typeid=i","cat":333684},{"id":1127,"n":"Croque Fromage Père Dodu  x2 - 200g","p":1.94,"u":"9,70 €/KG","img":"https://fd16-photos.leclercdrive.fr/image.ashx?id=2956981&use=l&cat=p&typeid=i","cat":333683},{"id":1131,"n":"Escalope Bolognaise Père Dodu  Poulet x2 - 200g","p":2.62,"u":"13,10 €/KG","img":"https://fd16-photos.leclercdrive.fr/image.ashx?id=2956978&use=l&cat=p&typeid=i","cat":333683},{"id":1133,"n":"Nuggets de Poulet Père Dodu  x10 - 200g","p":2.09,"u":"10,45 €/KG","img":"https://fd16-photos.leclercdrive.fr/image.ashx?id=2956972&use=l&cat=p&typeid=i","cat":333684},{"id":1134,"n":"Nuggets de Fromage Père Dodu  x10 - 180g","p":1.99,"u":"11,06 €/KG","img":"https://fd16-photos.leclercdrive.fr/image.ashx?id=2956990&use=l&cat=p&typeid=i","cat":333684},{"id":1136,"n":"Pizza fraîche Turini 4 fromages - 450g","p":2.49,"u":"5,53 €/KG","img":"https://fd16-photos.leclercdrive.fr/image.ashx?id=2967636&use=l&cat=p&typeid=i","cat":333679},{"id":1137,"n":"Pizza Turini Chèvre lardons - 450g","p":2.58,"u":"5,73 €/KG","img":"https://fd16-photos.leclercdrive.fr/image.ashx?id=2727611&use=l&cat=p&typeid=i","cat":333679},{"id":1144,"n":"Ravioli jambon Turini 300g","p":2.06,"u":"6,87 €/KG","img":"https://fd16-photos.leclercdrive.fr/image.ashx?id=2777997&use=l&cat=p&typeid=i","cat":333682},{"id":1145,"n":"Ravioli 4 fromages Turini 300g","p":1.49,"u":"4,97 €/KG","img":"https://fd16-photos.leclercdrive.fr/image.ashx?id=2989643&use=l&cat=p&typeid=i","cat":333682},{"id":1149,"n":"Pâte à pizza Tablier Blanc 260g","p":1.05,"u":"4,04 €/KG","img":"https://fd16-photos.leclercdrive.fr/image.ashx?id=2041773&use=l&cat=p&typeid=i","cat":333681},{"id":1150,"n":"Pâte sablée Tablier Blanc 230g","p":1.09,"u":"4,74 €/KG","img":"https://fd16-photos.leclercdrive.fr/image.ashx?id=2635898&use=l&cat=p&typeid=i","cat":333681},{"id":1152,"n":"Pâte feuilletée Tablier Blanc Prête à dérouler - 230g","p":0.74,"u":"3,22 €/KG","img":"https://fd16-photos.leclercdrive.fr/image.ashx?id=2922388&use=l&cat=p&typeid=i","cat":333681},{"id":1154,"n":"Lardons de saumon fumé Ronde des Mers - 90g","p":3.6,"u":"40,00 €/KG","img":"https://fd16-photos.leclercdrive.fr/image.ashx?id=3004597&use=l&cat=p&typeid=i","cat":285188},{"id":1163,"n":"Mini blinis Ronde des Mers x16 - 135g","p":0.99,"u":"7,33 €/KG","img":"https://fd16-photos.leclercdrive.fr/image.ashx?id=2079526&use=l&cat=p&typeid=i","cat":285191},{"id":1165,"n":"Bâtonnets Surimi Pêche Océan MSC - x30 - 500g","p":2.74,"u":"5,48 €/KG","img":"https://fd16-photos.leclercdrive.fr/image.ashx?id=2833099&use=l&cat=p&typeid=i","cat":285189},{"id":1166,"n":"Miettes de surimi Pêche Océan MSC - 180g","p":1.64,"u":"9,11 €/KG","img":"https://fd16-photos.leclercdrive.fr/image.ashx?id=2981861&use=l&cat=p&typeid=i","cat":285189},{"id":1167,"n":"Oeufs de lompe Ronde des mers Noir - MSC - 100g","p":2.6,"u":"26,00 €/KG","img":"https://fd16-photos.leclercdrive.fr/image.ashx?id=1511089&use=l&cat=p&typeid=i","cat":285191},{"id":1168,"n":"Filets de hareng Pêche Océan MSC - Doux - 200g","p":1.75,"u":"8,75 €/KG","img":"https://fd16-photos.leclercdrive.fr/image.ashx?id=2992489&use=l&cat=p&typeid=i","cat":285190},{"id":1175,"n":"Pizza Cuite sur pierre Turini Saumon crevettes - 400g","p":2.25,"u":"5,63 €/KG","img":"https://fd16-photos.leclercdrive.fr/image.ashx?id=2815217&use=l&cat=p&typeid=i","cat":284256},{"id":1180,"n":"Quiche Lorraine Côté Table 400g","p":2.49,"u":"6,23 €/KG","img":"https://fd16-photos.leclercdrive.fr/image.ashx?id=2869778&use=l&cat=p&typeid=i","cat":284257},{"id":1182,"n":"Crêpes Côté Table Jambon fromage x6 - 300g","p":1.99,"u":"6,63 €/KG","img":"https://fd16-photos.leclercdrive.fr/image.ashx?id=2932402&use=l&cat=p&typeid=i","cat":319776},{"id":1186,"n":"Haché Extra Moelleux Charal 10x100g - 1kg","p":11.61,"u":"11,61 €/KG","img":"https://fd16-photos.leclercdrive.fr/image.ashx?id=2731735&use=l&cat=p&typeid=i","cat":319778},{"id":1187,"n":"Haché à l'oignon Charal 10x100g - 1kg","p":8.53,"u":"8,53 €/KG","img":"https://fd16-photos.leclercdrive.fr/image.ashx?id=2741940&use=l&cat=p&typeid=i","cat":319778},{"id":1191,"n":"Poisson Bordelaise Pêche Océan MSC - 400g","p":2.99,"u":"7,48 €/KG","img":"https://fd16-photos.leclercdrive.fr/image.ashx?id=2930081&use=l&cat=p&typeid=i","cat":319788},{"id":1192,"n":"Colin d'Alaska MSC Pêche Océan À l'oseille x2 - 400g","p":3.15,"u":"7,88 €/KG","img":"https://fd16-photos.leclercdrive.fr/image.ashx?id=2930099&use=l&cat=p&typeid=i","cat":319786},{"id":1200,"n":"Poêlée paysanne Côté Table 900g","p":4.3,"u":"4,78 €/KG","img":"https://fd16-photos.leclercdrive.fr/image.ashx?id=2471670&use=l&cat=p&typeid=i","cat":319823},{"id":1201,"n":"Poêlée campagnarde Côté Table 900g","p":4.64,"u":"5,16 €/KG","img":"https://fd16-photos.leclercdrive.fr/image.ashx?id=2647414&use=l&cat=p&typeid=i","cat":319823},{"id":1202,"n":"Pâtes Carbonara Côté Table 900g","p":4.18,"u":"4,64 €/KG","img":"https://fd16-photos.leclercdrive.fr/image.ashx?id=2900064&use=l&cat=p&typeid=i","cat":284254},{"id":1211,"n":"Choux fleurs Notre Jardin Fleurettes 1kg","p":1.69,"u":"1,69 €/KG","img":"https://fd16-photos.leclercdrive.fr/image.ashx?id=2873021&use=l&cat=p&typeid=i","cat":319805},{"id":1219,"n":"Epinards Notre Jardin Hachés A la crème fraîche - 1kg","p":1.67,"u":"1,67 €/KG","img":"https://fd16-photos.leclercdrive.fr/image.ashx?id=2916656&use=l&cat=p&typeid=i","cat":319805},{"id":1220,"n":"Carottes Notre Jardin En rondelles 1kg","p":1.09,"u":"1,09 €/KG","img":"https://fd16-photos.leclercdrive.fr/image.ashx?id=2873090&use=l&cat=p&typeid=i","cat":319805},{"id":1222,"n":"Petits pois Notre Jardin Extra fins 1kg","p":1.89,"u":"1,89 €/KG","img":"https://fd16-photos.leclercdrive.fr/image.ashx?id=2873063&use=l&cat=p&typeid=i","cat":319805},{"id":1225,"n":"Légumes Notre Jardin Pour ratatouille 1kg","p":2.35,"u":"2,35 €/KG","img":"https://fd16-photos.leclercdrive.fr/image.ashx?id=2900058&use=l&cat=p&typeid=i","cat":319823},{"id":1228,"n":"Poêlée de légumes Notre jardin Champêtre - 1kg","p":2.99,"u":"2,99 €/KG","img":"https://fd16-photos.leclercdrive.fr/image.ashx?id=2832867&use=l&cat=p&typeid=i","cat":319823},{"id":1239,"n":"Frites allumettes Pom'lisse 1kg","p":1.85,"u":"1,85 €/KG","img":"https://fd16-photos.leclercdrive.fr/image.ashx?id=2699378&use=l&cat=p&typeid=i","cat":319791},{"id":1240,"n":"Frites Pom'lisse 2.5 kg","p":4.55,"u":"1,82 €/KG","img":"https://fd16-photos.leclercdrive.fr/image.ashx?id=2699393&use=l&cat=p&typeid=i","cat":319791},{"id":1242,"n":"Pom'Steak rustique Pom'Lisse Sachet - 1kg","p":2.29,"u":"2,29 €/KG","img":"https://fd16-photos.leclercdrive.fr/image.ashx?id=2704606&use=l&cat=p&typeid=i","cat":319791},{"id":1244,"n":"Potatoes Pom'lisse Finement épicées - 600g","p":1.16,"u":"1,93 €/KG","img":"https://fd16-photos.leclercdrive.fr/image.ashx?id=2699663&use=l&cat=p&typeid=i","cat":319791},{"id":1309,"n":"Lessive Epsil gel main express Tube 250ml","p":1.55,"u":"6,20 €/L","img":"https://fd16-photos.leclercdrive.fr/image.ashx?id=2602724&use=l&cat=p&typeid=i","cat":284643},{"id":1335,"n":"Liquide vaisselle Visior Citron - 750ml","p":1.2,"u":"1,60 €/L","img":"https://fd16-photos.leclercdrive.fr/image.ashx?id=2930849&use=l&cat=p&typeid=i","cat":284655},{"id":1336,"n":"Liquide vaisselle Visior Ultra Peaux sensibles 500ml","p":0.64,"u":"1,28 €/L","img":"https://fd16-photos.leclercdrive.fr/image.ashx?id=2951116&use=l&cat=p&typeid=i","cat":284655},{"id":1344,"n":"Gants jetables Mamison latex T6 x10","p":1.33,"img":"https://fd16-photos.leclercdrive.fr/image.ashx?id=554721&use=l&cat=p&typeid=i","cat":284668},{"id":1346,"n":"Eponges Mamison végétales Super absorbantes x3","p":1.17,"u":"0,39 €/P","img":"https://fd16-photos.leclercdrive.fr/image.ashx?id=2458052&use=l&cat=p&typeid=i","cat":284667},{"id":1358,"n":"Nettoyant Gel avec javel Clair 1L","p":1.09,"u":"1,09 €/L","img":"https://fd16-photos.leclercdrive.fr/image.ashx?id=2705062&use=l&cat=p&typeid=i","cat":284907},{"id":1359,"n":"Pastilles javel Clair x48 - 150g","p":1.65,"u":"11,00 €/KG","img":"https://fd16-photos.leclercdrive.fr/image.ashx?id=2631426&use=l&cat=p&typeid=i","cat":284661},{"id":1381,"n":"Dépoussiérant Clair meuble Cire 300ml","p":1.33,"u":"4,43 €/L","img":"https://fd16-photos.leclercdrive.fr/image.ashx?id=2819256&use=l&cat=p&typeid=i","cat":325364},{"id":1385,"n":"Spray nettoyant Vitroclen  Vitrocéramique - 250ml","p":2.43,"u":"9,72 €/L","img":"https://fd16-photos.leclercdrive.fr/image.ashx?id=2263727&use=l&cat=p&typeid=i","cat":325363},{"id":1386,"n":"Nettoyant four Clair 500ml","p":1.53,"u":"3,06 €/L","img":"https://fd16-photos.leclercdrive.fr/image.ashx?id=2858824&use=l&cat=p&typeid=i","cat":325363},{"id":1392,"n":"Blocs wc eau bleue Syphon x2 80g","p":1.12,"u":"14,00 €/KG","img":"https://fd16-photos.leclercdrive.fr/image.ashx?id=2302537&use=l&cat=p&typeid=i","cat":284662},{"id":1398,"n":"Recharge diffuseur électrique Insectivor anti-moustiques - x1","p":2.27,"img":"https://fd16-photos.leclercdrive.fr/image.ashx?id=2717105&use=l&cat=p&typeid=i","cat":298368},{"id":1400,"n":"Papier aluminium Elembal 20m","p":2.62,"img":"https://fd16-photos.leclercdrive.fr/image.ashx?id=2756846&use=l&cat=p&typeid=i","cat":334134},{"id":1401,"n":"Barquettes aluminium Elembal x10 0.5L","p":2.56,"img":"https://fd16-photos.leclercdrive.fr/image.ashx?id=2455093&use=l&cat=p&typeid=i","cat":334134},{"id":1402,"n":"Barquettes aluminium Elembal Plates 1L","p":4.4,"img":"https://fd16-photos.leclercdrive.fr/image.ashx?id=2455105&use=l&cat=p&typeid=i","cat":334134},{"id":1403,"n":"Barquettes aluminium Elembal Profondes x10 1L","p":4.3,"img":"https://fd16-photos.leclercdrive.fr/image.ashx?id=2455102&use=l&cat=p&typeid=i","cat":334134},{"id":1404,"n":"Barquettes aluminium Elembal x5 1,5L","p":2.77,"img":"https://fd16-photos.leclercdrive.fr/image.ashx?id=2455096&use=l&cat=p&typeid=i","cat":334134},{"id":1405,"n":"Barquettes aluminium Elembal x5 2L","p":3.46,"img":"https://fd16-photos.leclercdrive.fr/image.ashx?id=2455099&use=l&cat=p&typeid=i","cat":334134},{"id":1407,"n":"Film étirable Elembal 30m","p":1.2,"img":"https://fd16-photos.leclercdrive.fr/image.ashx?id=2431191&use=l&cat=p&typeid=i","cat":334134},{"id":1412,"n":"Sacs congélation Elembal Grand modèle x25","p":1.08,"img":"https://fd16-photos.leclercdrive.fr/image.ashx?id=2169147&use=l&cat=p&typeid=i","cat":334134},{"id":1413,"n":"Sacs congélation Elembal Petit modèle x50","p":1.1,"img":"https://fd16-photos.leclercdrive.fr/image.ashx?id=2158155&use=l&cat=p&typeid=i","cat":334134},{"id":1414,"n":"Sacs poubelle 30L Elembal à liens classiques - x25","p":1.26,"u":"0,05 €/P","img":"https://fd16-photos.leclercdrive.fr/image.ashx?id=2958699&use=l&cat=p&typeid=i","cat":285168},{"id":1415,"n":"Sacs poubelle 130L Elembal à liens classiques - x10","p":4.65,"u":"0,47 €/P","img":"https://fd16-photos.leclercdrive.fr/image.ashx?id=2791743&use=l&cat=p&typeid=i","cat":285168},{"id":1416,"n":"Sacs poubelle 100L Elembal Poignées coulissantes - x10","p":1.62,"u":"0,16 €/P","img":"https://fd16-photos.leclercdrive.fr/image.ashx?id=2791731&use=l&cat=p&typeid=i","cat":285168},{"id":1417,"n":"Sacs poubelle 100L Elembal à liens classiques - x10","p":1.54,"u":"0,15 €/P","img":"https://fd16-photos.leclercdrive.fr/image.ashx?id=2791734&use=l&cat=p&typeid=i","cat":285168},{"id":1418,"n":"Sacs poubelle 50L Elembal à liens classiques - x15","p":2.19,"u":"0,15 €/P","img":"https://fd16-photos.leclercdrive.fr/image.ashx?id=2958693&use=l&cat=p&typeid=i","cat":285168},{"id":1419,"n":"Sacs poubelle Elembal 20L x20","p":1.2,"u":"0,06 €/P","img":"https://fd16-photos.leclercdrive.fr/image.ashx?id=2791728&use=l&cat=p&typeid=i","cat":285168},{"id":1420,"n":"Sacs poubelle Elembal 20L A poignées - x30","p":2.08,"u":"0,07 €/P","img":"https://fd16-photos.leclercdrive.fr/image.ashx?id=2791674&use=l&cat=p&typeid=i","cat":285168},{"id":1421,"n":"Sacs poubelle Elembal 30L A poignées - x20","p":2.49,"u":"0,12 €/P","img":"https://fd16-photos.leclercdrive.fr/image.ashx?id=2791677&use=l&cat=p&typeid=i","cat":285168},{"id":1423,"n":"Sacs poubelle 50L Elembal Poignées coulissantes - x15","p":2.31,"u":"0,15 €/P","img":"https://fd16-photos.leclercdrive.fr/image.ashx?id=2958696&use=l&cat=p&typeid=i","cat":285168},{"id":1427,"n":"Gel douche Manava Pétales d'Orient - 250ml","p":1.15,"u":"4,60 €/L","img":"https://fd16-photos.leclercdrive.fr/image.ashx?id=2494214&use=l&cat=p&typeid=i","cat":284594},{"id":1428,"n":"Lait de douche Manava Coeur de vanille - 250ml","p":0.94,"u":"3,76 €/L","img":"https://fd16-photos.leclercdrive.fr/image.ashx?id=2456141&use=l&cat=p&typeid=i","cat":284594},{"id":1429,"n":"Gel douche Manava Boisé - 250ml","p":1.15,"u":"4,60 €/L","img":"https://fd16-photos.leclercdrive.fr/image.ashx?id=2809653&use=l&cat=p&typeid=i","cat":284594},{"id":1433,"n":"Recharge savon mains Manava Crème perles d'oranger - 250ml","p":0.68,"u":"2,72 €/L","img":"https://fd16-photos.leclercdrive.fr/image.ashx?id=2935483&use=l&cat=p&typeid=i","cat":284597},{"id":1435,"n":"Recharge savon mains Manava Crème Amande - 250ml","p":0.57,"u":"2,28 €/L","img":"https://fd16-photos.leclercdrive.fr/image.ashx?id=2935474&use=l&cat=p&typeid=i","cat":284597},{"id":1436,"n":"Lait de douche Manava Amande douce - 250ml","p":0.94,"u":"3,76 €/L","img":"https://fd16-photos.leclercdrive.fr/image.ashx?id=2771346&use=l&cat=p&typeid=i","cat":284594},{"id":1437,"n":"Lait de douche Manava Lait de coco - 250ml","p":0.94,"u":"3,76 €/L","img":"https://fd16-photos.leclercdrive.fr/image.ashx?id=2443176&use=l&cat=p&typeid=i","cat":284594},{"id":1441,"n":"Cire Chaude au Sucre Pure Veet Vanille 98% naturelle 250ml","p":4.64,"u":"18,56 €/L","img":"https://fd16-photos.leclercdrive.fr/image.ashx?id=2960684&use=l&cat=p&typeid=i","cat":325351},{"id":1449,"n":"Déodorant Manava fraîcheur Vanille glacée spray 200ml","p":1.39,"u":"6,95 €/L","img":"https://fd16-photos.leclercdrive.fr/image.ashx?id=2656445&use=l&cat=p&typeid=i","cat":284595},{"id":1464,"n":"Rasoirs jetables Bic 1 Sensitive - x10","p":1.33,"u":"0,13 €/P","img":"https://fd16-photos.leclercdrive.fr/image.ashx?id=2218035&use=l&cat=p&typeid=i","cat":284616},{"id":1465,"n":"Rasoirs jetables Comfort 2 Bic x10","p":3.27,"u":"0,33 €/P","img":"https://fd16-photos.leclercdrive.fr/image.ashx?id=2984862&use=l&cat=p&typeid=i","cat":284616},{"id":1466,"n":"Rasoirs jetables Bic 3 lames - x8","p":3.25,"u":"0,41 €/P","img":"https://fd16-photos.leclercdrive.fr/image.ashx?id=2789014&use=l&cat=p&typeid=i","cat":284616},{"id":1473,"n":"Gel à raser Carré Homme Hydratant 200ml","p":1.69,"u":"8,45 €/L","img":"https://fd16-photos.leclercdrive.fr/image.ashx?id=2771582&use=l&cat=p&typeid=i","cat":284617},{"id":1481,"n":"Dentifrice Dentamyl Protection caries - 75ml","p":0.73,"u":"9,73 €/L","img":"https://fd16-photos.leclercdrive.fr/image.ashx?id=2699129&use=l&cat=p&typeid=i","cat":284612},{"id":1482,"n":"Dentifrice enfant Dentamyl Fraise - 3-6 ans - 50ml","p":0.89,"u":"17,80 €/L","img":"https://fd16-photos.leclercdrive.fr/image.ashx?id=2075188&use=l&cat=p&typeid=i","cat":288898},{"id":1486,"n":"Brosse à dents enfant Dentamyl 2-6 ans x1","p":0.51,"img":"https://fd16-photos.leclercdrive.fr/image.ashx?id=1980485&use=l&cat=p&typeid=i","cat":288897},{"id":1487,"n":"Pansements Primoplast Multi-usages x40","p":1.11,"img":"https://fd16-photos.leclercdrive.fr/image.ashx?id=2891773&use=l&cat=p&typeid=i","cat":284630},{"id":1488,"n":"Mouchoirs blancs 4 plis Caresse Mouchoirs papier Lotion x12","p":2.28,"u":"0,19 €/P","img":"https://fd16-photos.leclercdrive.fr/image.ashx?id=2572993&use=l&cat=p&typeid=i","cat":284638},{"id":1517,"n":"Petit pot bébé Blédiner 6 mois  Semoule carotte - 2x200g","p":2.18,"u":"5,45 €/KG","img":"https://fd16-photos.leclercdrive.fr/image.ashx?id=2986155&use=l&cat=p&typeid=i","cat":312239},{"id":1620,"n":"Gel lavant bébé Mots d'Enfants Corps et cheveux - 250ml","p":1.49,"u":"5,96 €/L","img":"https://fd16-photos.leclercdrive.fr/image.ashx?id=3014149&use=l&cat=p&typeid=i","cat":284740},{"id":1627,"n":"Lingettes bébé Mots d'Enfants Ultra-douces - x72","p":1.75,"u":"0,02 €/P","img":"https://fd16-photos.leclercdrive.fr/image.ashx?id=2856447&use=l&cat=p&typeid=i","cat":284738},{"id":1629,"n":"Lingettes bébé Mots d'Enfants Sensitive - x63","p":1.32,"u":"0,02 €/P","img":"https://fd16-photos.leclercdrive.fr/image.ashx?id=2856462&use=l&cat=p&typeid=i","cat":284738},{"id":1654,"n":"Enveloppes adhésives Esquisse x50 11x22cm 80g","p":1.69,"u":"21,13 €/KG","img":"https://fd16-photos.leclercdrive.fr/image.ashx?id=2943181&use=l&cat=p&typeid=i","cat":284697},{"id":1658,"n":"Ruban adhésif Esquisse invisible + dévidoir - 25m","p":1.09,"u":"0,04 €/MT","img":"https://fd16-photos.leclercdrive.fr/image.ashx?id=2943199&use=l&cat=p&typeid=i","cat":334133},{"id":1660,"n":"Tube de colle Esquisse 2x10g","p":0.9,"u":"45,00 €/KG","img":"https://fd16-photos.leclercdrive.fr/image.ashx?id=1699684&use=l&cat=p&typeid=i","cat":334133},{"id":1661,"n":"Bâton de colle Esquisse 20g","p":0.88,"u":"44,00 €/KG","img":"https://fd16-photos.leclercdrive.fr/image.ashx?id=1699687&use=l&cat=p&typeid=i","cat":334133},{"id":1663,"n":"Copies doubles Esquisse 17x22cm - x200","p":1.4,"img":"https://fd16-photos.leclercdrive.fr/image.ashx?id=555359&use=l&cat=p&typeid=i","cat":284697},{"id":1664,"n":"Copies doubles Esquisse Perforées - 21x29.7cm - x200","p":1.79,"img":"https://fd16-photos.leclercdrive.fr/image.ashx?id=1928770&use=l&cat=p&typeid=i","cat":284697},{"id":1683,"n":"Piles alcalines Foxter AAA/LR3 1,5V - x4","p":0.98,"img":"https://fd16-photos.leclercdrive.fr/image.ashx?id=2162150&use=l&cat=p&typeid=i","cat":300572},{"id":1684,"n":"Piles Foxter C/LR14 1.5V - x2","p":1.69,"img":"https://fd16-photos.leclercdrive.fr/image.ashx?id=2162168&use=l&cat=p&typeid=i","cat":300572},{"id":1685,"n":"Piles alcalines Foxter D/LR20 - x2","p":1.96,"img":"https://fd16-photos.leclercdrive.fr/image.ashx?id=2162171&use=l&cat=p&typeid=i","cat":300572},{"id":1686,"n":"Pile Foxter 9V/6LR61 - x1","p":1.99,"img":"https://fd16-photos.leclercdrive.fr/image.ashx?id=2162159&use=l&cat=p&typeid=i","cat":300572},{"id":1687,"n":"Pile alcaline Foxter 3LR12 4,5V - x1","p":2.25,"img":"https://fd16-photos.leclercdrive.fr/image.ashx?id=2162177&use=l&cat=p&typeid=i","cat":300572},{"id":1730,"n":"Barquette chiens Lydog Au Saumon et Truite - 300g","p":1.49,"u":"4,97 €/KG","img":"https://fd16-photos.leclercdrive.fr/image.ashx?id=2042433&use=l&cat=p&typeid=i","cat":284673},{"id":1735,"n":"Croquettes chiens Tous Mes Amis Spécial Forme - 10kg","p":12.25,"u":"1,23 €/KG","img":"https://fd16-photos.leclercdrive.fr/image.ashx?id=1972608&use=l&cat=p&typeid=i","cat":284672},{"id":1751,"n":"Croquettes chat Purina One Adulte - Saumon/Céréales - 450g","p":2.54,"u":"5,64 €/KG","img":"https://fd16-photos.leclercdrive.fr/image.ashx?id=2683220&use=l&cat=p&typeid=i","cat":284680},{"id":1753,"n":"Croquettes chat Purina One Adulte - Saumon/Céréales -1.5kg","p":6.61,"u":"4,41 €/KG","img":"https://fd16-photos.leclercdrive.fr/image.ashx?id=2902268&use=l&cat=p&typeid=i","cat":284680},{"id":1761,"n":"Croquettes chat Tous mes amis Saumon thon lég.verts - 400g","p":1.11,"u":"2,78 €/KG","img":"https://fd16-photos.leclercdrive.fr/image.ashx?id=2301382&use=l&cat=p&typeid=i","cat":284680},{"id":1762,"n":"Croquettes chat Tous mes amis Poulet légumes - 4kg","p":5.76,"u":"1,44 €/KG","img":"https://fd16-photos.leclercdrive.fr/image.ashx?id=2301406&use=l&cat=p&typeid=i","cat":284680},{"id":1763,"n":"Croquettes chat Tous mes amis Boeuf Poulet Légumes - 2kg","p":2.79,"u":"1,40 €/KG","img":"https://fd16-photos.leclercdrive.fr/image.ashx?id=2739724&use=l&cat=p&typeid=i","cat":284680},{"id":1764,"n":"Croquettes chat Tous mes amis Poulet dinde canard olive - 2kg","p":3.62,"u":"1,81 €/KG","img":"https://fd16-photos.leclercdrive.fr/image.ashx?id=2301400&use=l&cat=p&typeid=i","cat":284680},{"id":1766,"n":"Croquettes chat Tous mes amis Chaton - 400g","p":1.05,"u":"2,63 €/KG","img":"https://fd16-photos.leclercdrive.fr/image.ashx?id=2503275&use=l&cat=p&typeid=i","cat":284680},{"id":1767,"n":"Barquette chats Tous mes amis au Boeuf - 100g","p":0.61,"u":"6,10 €/KG","img":"https://fd16-photos.leclercdrive.fr/image.ashx?id=2042418&use=l&cat=p&typeid=i","cat":285286},{"id":1768,"n":"Barquette chats Tous mes amis à l'agneau - 100g","p":0.62,"u":"6,20 €/KG","img":"https://fd16-photos.leclercdrive.fr/image.ashx?id=2052760&use=l&cat=p&typeid=i","cat":285286},{"id":1769,"n":"Barquette chats Lycat au Foie et Volaille - 100g","p":0.59,"u":"5,90 €/KG","img":"https://fd16-photos.leclercdrive.fr/image.ashx?id=2042415&use=l&cat=p&typeid=i","cat":285286},{"id":1770,"n":"Barquette chats Tous mes amis au Saumon 100g","p":0.58,"u":"5,80 €/KG","img":"https://fd16-photos.leclercdrive.fr/image.ashx?id=2042412&use=l&cat=p&typeid=i","cat":285286},{"id":1775,"n":"Litière minérale Catsan Hygiène plus pour chat - 10L","p":5.19,"u":"0,52 €/L","img":"https://fd16-photos.leclercdrive.fr/image.ashx?id=2692677&use=l&cat=p&typeid=i","cat":284683},{"id":1776,"n":"Litière chats Eco+ 7L","p":1.2,"u":"0,17 €/L","img":"https://fd16-photos.leclercdrive.fr/image.ashx?id=2757509&use=l&cat=p&typeid=i","cat":284683},{"id":1786,"n":"Blocs WC Syphon Activ' effect Fraîcheur marine x3","p":1.22,"u":"0,41 €/P","img":"https://fd16-photos.leclercdrive.fr/image.ashx?id=2317294&use=l&cat=p&typeid=i","cat":284662},{"id":1795,"n":"Lingettes nettoyantes Clair Multi-surfaces citron x50","p":1.38,"u":"0,03 €/P","img":"https://fd16-photos.leclercdrive.fr/image.ashx?id=2835193&use=l&cat=p&typeid=i","cat":325358},{"id":1798,"n":"Eponges Multi-usages Mamison grattantes - x3","p":0.89,"u":"0,30 €/P","img":"https://fd16-photos.leclercdrive.fr/image.ashx?id=2202341&use=l&cat=p&typeid=i","cat":284667},{"id":1799,"n":"Haricots verts Notre Jardin Très fins - 3x110g","p":1.83,"u":"5,55 €/KG","img":"https://fd16-photos.leclercdrive.fr/image.ashx?id=2537355&use=l&cat=p&typeid=i","cat":312606},{"id":1800,"n":"Lingettes nettoyantes Clair Muguet x50","p":1.72,"u":"0,03 €/P","img":"https://fd16-photos.leclercdrive.fr/image.ashx?id=2835196&use=l&cat=p&typeid=i","cat":325358},{"id":1801,"n":"Boules inox Mamison x2","p":0.44,"img":"https://fd16-photos.leclercdrive.fr/image.ashx?id=555602&use=l&cat=p&typeid=i","cat":284667},{"id":1802,"n":"Insecticide Insectivor cafards Fourmis araignées 400ml","p":2.49,"u":"6,23 €/L","img":"https://fd16-photos.leclercdrive.fr/image.ashx?id=2843039&use=l&cat=p&typeid=i","cat":298368},{"id":1803,"n":"Spray désodorisant Texil Textile 500ml","p":2.61,"u":"5,22 €/L","img":"https://fd16-photos.leclercdrive.fr/image.ashx?id=2958690&use=l&cat=p&typeid=i","cat":290451},{"id":1806,"n":"Insecticide Insectivor guêpes Mouches moustiques - 400ml","p":2.22,"u":"5,55 €/L","img":"https://fd16-photos.leclercdrive.fr/image.ashx?id=2835008&use=l&cat=p&typeid=i","cat":298368},{"id":1810,"n":"Gel nettoyant wc Syphon 750ml","p":1.03,"u":"1,37 €/L","img":"https://fd16-photos.leclercdrive.fr/image.ashx?id=2558775&use=l&cat=p&typeid=i","cat":284662},{"id":1816,"n":"Déboucheur canalisations Syphon Gel 1L","p":1.39,"u":"1,39 €/L","img":"https://fd16-photos.leclercdrive.fr/image.ashx?id=2202347&use=l&cat=p&typeid=i","cat":284908},{"id":1821,"n":"Confiture Bonne Maman Figues violettes - 370g","p":1.9,"u":"5,14 €/KG","img":"https://fd16-photos.leclercdrive.fr/image.ashx?id=2547477&use=l&cat=p&typeid=i","cat":284480},{"id":1822,"n":"Confiture Bonne Maman Myrtilles - 370g","p":3.0,"u":"8,11 €/KG","img":"https://fd16-photos.leclercdrive.fr/image.ashx?id=2132361&use=l&cat=p&typeid=i","cat":284480},{"id":1825,"n":"Confiture Bonne Maman Cerises griottes - 370g","p":2.59,"u":"7,00 €/KG","img":"https://fd16-photos.leclercdrive.fr/image.ashx?id=2474981&use=l&cat=p&typeid=i","cat":284480},{"id":1826,"n":"Confiture Douceur du Verger Abricots - Allégée - 340g","p":1.05,"u":"3,09 €/KG","img":"https://fd16-photos.leclercdrive.fr/image.ashx?id=2965437&use=l&cat=p&typeid=i","cat":284480},{"id":1828,"n":"Confiture Bonne Maman Framboises - 370g","p":2.56,"u":"6,92 €/KG","img":"https://fd16-photos.leclercdrive.fr/image.ashx?id=2544807&use=l&cat=p&typeid=i","cat":284480},{"id":1833,"n":"Confiture Douceur du Verger Fraises - 340g","p":1.05,"u":"3,09 €/KG","img":"https://fd16-photos.leclercdrive.fr/image.ashx?id=2965428&use=l&cat=p&typeid=i","cat":284480},{"id":1835,"n":"Confiture Douceur du Verger Orange 340g","p":0.99,"u":"2,83 €/KG","img":"https://fd16-photos.leclercdrive.fr/image.ashx?id=2965434&use=l&cat=p&typeid=i","cat":284480},{"id":1845,"n":"Barres de céréales Frosties Kellogg's - 6x25g","p":1.73,"u":"11,53 €/KG","img":"https://fd16-photos.leclercdrive.fr/image.ashx?id=2300062&use=l&cat=p&typeid=i","cat":285869},{"id":1846,"n":"Compote Douceur du Verger Gourdes Pomme Fraise - 4x90g","p":1.39,"u":"3,86 €/KG","img":"https://fd16-photos.leclercdrive.fr/image.ashx?id=2837024&use=l&cat=p&typeid=i","cat":284508},{"id":1847,"n":"Barres céréales Fitness Nestlé Chocolat - 6x23.5g","p":1.97,"u":"13,97 €/KG","img":"https://fd16-photos.leclercdrive.fr/image.ashx?id=2947009&use=l&cat=p&typeid=i","cat":285869},{"id":1848,"n":"Chocolat au lait Tablette d'Or Lait Noisettes - 3x100g","p":3.64,"u":"12,13 €/KG","img":"https://fd16-photos.leclercdrive.fr/image.ashx?id=3014347&use=l&cat=p&typeid=i","cat":284497},{"id":1850,"n":"Chocolat au lait Tablette d'Or Céréales croustillantes 2x100g","p":2.01,"u":"10,05 €/KG","img":"https://fd16-photos.leclercdrive.fr/image.ashx?id=2555952&use=l&cat=p&typeid=i","cat":284497},{"id":1851,"n":"Chocolat au lait Tablette d'Or 3x100g","p":3.13,"u":"10,43 €/KG","img":"https://fd16-photos.leclercdrive.fr/image.ashx?id=2771508&use=l&cat=p&typeid=i","cat":284497},{"id":1867,"n":"Chocolat au lait Tablette d'Or Noisettes entières - 200g","p":2.31,"u":"11,55 €/KG","img":"https://fd16-photos.leclercdrive.fr/image.ashx?id=2580889&use=l&cat=p&typeid=i","cat":284497},{"id":1868,"n":"Chocolat blanc Tablette d'Or Noisettes entières - 200g","p":2.45,"u":"12,25 €/KG","img":"https://fd16-photos.leclercdrive.fr/image.ashx?id=2753469&use=l&cat=p&typeid=i","cat":284957},{"id":1870,"n":"Tablette de chocolat Equador Noir 85% cacao - 100g","p":1.53,"u":"15,30 €/KG","img":"https://fd16-photos.leclercdrive.fr/image.ashx?id=2840734&use=l&cat=p&typeid=i","cat":284956},{"id":1872,"n":"Pâte à tartiner Nustikao Gressins 3x60g","p":1.8,"u":"10,00 €/KG","img":"https://fd16-photos.leclercdrive.fr/image.ashx?id=2440703&use=l&cat=p&typeid=i","cat":284488},{"id":1873,"n":"Petits pains grillés Epi d'Or Complet - 225g","p":0.89,"u":"3,96 €/KG","img":"https://fd16-photos.leclercdrive.fr/image.ashx?id=2726491&use=l&cat=p&typeid=i","cat":284479},{"id":1874,"n":"Chocolat Tablette d'Or Noir noisettes entières 200g","p":2.05,"u":"10,25 €/KG","img":"https://fd16-photos.leclercdrive.fr/image.ashx?id=2582516&use=l&cat=p&typeid=i","cat":284956},{"id":1878,"n":"Compote Douceur du Verger Coupelle pomme pêche - 4x100g","p":1.19,"u":"2,98 €/KG","img":"https://fd16-photos.leclercdrive.fr/image.ashx?id=2663464&use=l&cat=p&typeid=i","cat":284508},{"id":1879,"n":"Compote Douceur du Verger Coupelle pomme poire - 4x100g","p":1.17,"u":"2,93 €/KG","img":"https://fd16-photos.leclercdrive.fr/image.ashx?id=2663470&use=l&cat=p&typeid=i","cat":284508},{"id":1883,"n":"Compote Douceur du Verger Gourdes Pomme Banane - 4x90g","p":1.59,"u":"4,42 €/KG","img":"https://fd16-photos.leclercdrive.fr/image.ashx?id=2837027&use=l&cat=p&typeid=i","cat":284508},{"id":1884,"n":"Compote Douceur du Verger Gourdes Pomme - 4x90g","p":0.99,"u":"2,75 €/KG","img":"https://fd16-photos.leclercdrive.fr/image.ashx?id=2837021&use=l&cat=p&typeid=i","cat":284508},{"id":1885,"n":"Haricots verts Notre Jardin Extra fins - 440g","p":2.58,"u":"5,86 €/KG","img":"https://fd16-photos.leclercdrive.fr/image.ashx?id=3005652&use=l&cat=p&typeid=i","cat":312606},{"id":1886,"n":"Petits pois Notre Jardin A l'étuvée - Extra fins - 560g","p":1.29,"u":"2,30 €/KG","img":"https://fd16-photos.leclercdrive.fr/image.ashx?id=2526267&use=l&cat=p&typeid=i","cat":312607},{"id":1887,"n":"Champignons Paris Notre Jardin Pieds et morceaux - 3x115g","p":1.99,"u":"5,77 €/KG","img":"https://fd16-photos.leclercdrive.fr/image.ashx?id=2991115&use=l&cat=p&typeid=i","cat":312610},{"id":1888,"n":"Flageolets verts Notre Jardin Extra fins - 530g","p":1.29,"u":"2,43 €/KG","img":"https://fd16-photos.leclercdrive.fr/image.ashx?id=2468819&use=l&cat=p&typeid=i","cat":312606},{"id":1889,"n":"Macédoine légumes Notre Jardin 3x130g","p":1.75,"u":"4,49 €/KG","img":"https://fd16-photos.leclercdrive.fr/image.ashx?id=2537349&use=l&cat=p&typeid=i","cat":312612},{"id":1895,"n":"Foie de morue Connétable MSC - Fumé - 121g","p":2.06,"u":"17,02 €/KG","img":"https://fd16-photos.leclercdrive.fr/image.ashx?id=2804454&use=l&cat=p&typeid=i","cat":305147},{"id":1898,"n":"Cassoulet Côté Table 840g","p":2.19,"u":"2,61 €/KG","img":"https://fd16-photos.leclercdrive.fr/image.ashx?id=2977096&use=l&cat=p&typeid=i","cat":284440},{"id":1901,"n":"Taboulé Côté Table Etui 730g","p":1.87,"u":"2,56 €/KG","img":"https://fd16-photos.leclercdrive.fr/image.ashx?id=2977093&use=l&cat=p&typeid=i","cat":325094},{"id":1902,"n":"Chips à l'ancienne Pom'Lisse Nature - 150g","p":1.04,"u":"6,93 €/KG","img":"https://fd16-photos.leclercdrive.fr/image.ashx?id=2724829&use=l&cat=p&typeid=i","cat":284447},{"id":1903,"n":"Saucisses cocktail Tokapi  240g","p":1.95,"u":"8,13 €/KG","img":"https://fd16-photos.leclercdrive.fr/image.ashx?id=2943614&use=l&cat=p&typeid=i","cat":284450},{"id":1909,"n":"Olives vertes Rustica Entières - 200g","p":1.24,"u":"6,20 €/KG","img":"https://fd16-photos.leclercdrive.fr/image.ashx?id=2499073&use=l&cat=p&typeid=i","cat":284458},{"id":1913,"n":"Pâtes Barilla Coquillettes - 500g","p":0.97,"u":"1,94 €/KG","img":"https://fd16-photos.leclercdrive.fr/image.ashx?id=2392218&use=l&cat=p&typeid=i","cat":284427},{"id":1920,"n":"Boisson végétale Bio Bjorg Soja Douceur - 1L","p":1.78,"u":"1,78 €/L","img":"https://fd16-photos.leclercdrive.fr/image.ashx?id=2967052&use=l&cat=p&typeid=i","cat":316067},{"id":1925,"n":"Petits beurre P'tit Déli x24 - 200g","p":0.95,"u":"4,75 €/KG","img":"https://fd16-photos.leclercdrive.fr/image.ashx?id=1898886&use=l&cat=p&typeid=i","cat":284487},{"id":1955,"n":"Farine de blé T45 Tablier Blanc 1kg","p":0.69,"u":"0,69 €/KG","img":"https://fd16-photos.leclercdrive.fr/image.ashx?id=2487419&use=l&cat=p&typeid=i","cat":284503},{"id":1956,"n":"Compote Douceur du Verger Coupelle pomme banane - 4x100g","p":1.3,"u":"3,25 €/KG","img":"https://fd16-photos.leclercdrive.fr/image.ashx?id=2663461&use=l&cat=p&typeid=i","cat":284508},{"id":1961,"n":"Tablette de chocolat Equador Noir 72% cacao 100g","p":1.39,"u":"13,90 €/KG","img":"https://fd16-photos.leclercdrive.fr/image.ashx?id=2822920&use=l&cat=p&typeid=i","cat":284956},{"id":1962,"n":"Tablette de Chocolat Blanc Galak - 2x100g","p":2.99,"u":"14,95 €/KG","img":"https://fd16-photos.leclercdrive.fr/image.ashx?id=2769618&use=l&cat=p&typeid=i","cat":284957},{"id":1975,"n":"Sirop Frucci Menthe - 75cl","p":1.85,"u":"2,47 €/L","img":"https://fd16-photos.leclercdrive.fr/image.ashx?id=2842208&use=l&cat=p&typeid=i","cat":295020},{"id":1980,"n":"Pur Jus d'ananas Jafaden Brique élopack 1L","p":2.09,"u":"2,09 €/L","img":"https://fd16-photos.leclercdrive.fr/image.ashx?id=2955683&use=l&cat=p&typeid=i","cat":284916},{"id":1989,"n":"Whisky Sir Edward's 40%vol - 70cl","p":12.68,"u":"18,11 €/L","img":"https://fd16-photos.leclercdrive.fr/image.ashx?id=2503371&use=l&cat=p&typeid=i","cat":284547},{"id":1990,"n":"Scotch Whisky Label 5 40%vol - 70cl","p":13.07,"u":"18,67 €/L","img":"https://fd16-photos.leclercdrive.fr/image.ashx?id=2639468&use=l&cat=p&typeid=i","cat":284547},{"id":1997,"n":"Whisky Clan Campbell Blended Scotch 40% vol - 70cl","p":13.98,"u":"19,97 €/L","img":"https://fd16-photos.leclercdrive.fr/image.ashx?id=2868365&use=l&cat=p&typeid=i","cat":284547},{"id":1998,"n":"Whiskey Irlandais Jameson  40% vol - 70cl","p":19.9,"pp":16.9,"u":"24,14 €/L","img":"https://fd16-photos.leclercdrive.fr/image.ashx?id=2866025&use=l&cat=p&typeid=i","cat":284547},{"id":2000,"n":"Pastis Duval 45%vol - 1L","p":17.62,"u":"17,62 €/L","img":"https://fd16-photos.leclercdrive.fr/image.ashx?id=2659656&use=l&cat=p&typeid=i","cat":284548},{"id":2001,"n":"Pastis Ricard Anisé 45% vol - 1L","p":19.89,"pp":18.89,"u":"18,89 €/L","img":"https://fd16-photos.leclercdrive.fr/image.ashx?id=2947820&use=l&cat=p&typeid=i","cat":284548},{"id":2002,"n":"Pastis de Marseille Vivalis 45%vol - 1L","p":17.02,"u":"17,02 €/L","img":"https://fd16-photos.leclercdrive.fr/image.ashx?id=2699639&use=l&cat=p&typeid=i","cat":284548},{"id":2003,"n":"Vodka premium Eristoff Original 37,5° - 70cl","p":12.63,"u":"18,04 €/L","img":"https://fd16-photos.leclercdrive.fr/image.ashx?id=2850734&use=l&cat=p&typeid=i","cat":284550},{"id":2005,"n":"Vodka Smirnoff 37.5%vol - 70cl","p":13.3,"pp":10.64,"u":"15,20 €/L","img":"https://fd16-photos.leclercdrive.fr/image.ashx?id=1897294&use=l&cat=p&typeid=i","cat":284550},{"id":2006,"n":"Vodka Novotna  Pure grain 37.5%vol - 70cl","p":10.59,"u":"15,13 €/L","img":"https://fd16-photos.leclercdrive.fr/image.ashx?id=1654441&use=l&cat=p&typeid=i","cat":284550},{"id":2007,"n":"Rhum blanc Bacardi Carta Blanca 37,5° - 70cl","p":14.69,"u":"20,99 €/L","img":"https://fd16-photos.leclercdrive.fr/image.ashx?id=2833933&use=l&cat=p&typeid=i","cat":284550},{"id":2009,"n":"Rhum ambré Negrita 40%vol - 50cl","p":7.58,"u":"15,16 €/L","img":"https://fd16-photos.leclercdrive.fr/image.ashx?id=2785112&use=l&cat=p&typeid=i","cat":284550},{"id":2010,"n":"Rhum blanc Old Nick  40%vol - 70cl","p":10.46,"pp":9.41,"u":"13,44 €/L","img":"https://fd16-photos.leclercdrive.fr/image.ashx?id=2483747&use=l&cat=p&typeid=i","cat":284550},{"id":2012,"n":"Rhum ambré Negrita 40%vol - 1L","p":14.06,"u":"14,06 €/L","img":"https://fd16-photos.leclercdrive.fr/image.ashx?id=2519633&use=l&cat=p&typeid=i","cat":284550},{"id":2014,"n":"Cognac Hennessy v.s 40%vol 70cl","p":40.88,"u":"58,40 €/L","img":"https://fd16-photos.leclercdrive.fr/image.ashx?id=2732449&use=l&cat=p&typeid=i","cat":286032},{"id":2015,"n":"Liqueur The Original Baileys Irish Cream 17%vol - 70cl","p":11.56,"u":"16,51 €/L","img":"https://fd16-photos.leclercdrive.fr/image.ashx?id=2536059&use=l&cat=p&typeid=i","cat":286032},{"id":2018,"n":"Rhum Lagoa 40%vol - 50cl","p":7.0,"u":"14,00 €/L","img":"https://fd16-photos.leclercdrive.fr/image.ashx?id=2966487&use=l&cat=p&typeid=i","cat":284550},{"id":2019,"n":"Sucre de canne Lagoa 70cl","p":1.65,"u":"2,36 €/L","img":"https://fd16-photos.leclercdrive.fr/image.ashx?id=2966475&use=l&cat=p&typeid=i","cat":284551},{"id":2021,"n":"Apéritif Suze L'Originale 15% vol - 1L","p":9.3,"pp":8.3,"u":"8,30 €/L","img":"https://fd16-photos.leclercdrive.fr/image.ashx?id=2914462&use=l&cat=p&typeid=i","cat":284913},{"id":2024,"n":"Rivesaltes ambré G. d'Arria 16%vol - 75cl","p":4.28,"u":"5,71 €/L","img":"https://fd16-photos.leclercdrive.fr/image.ashx?id=2974738&use=l&cat=p&typeid=i","cat":284913},{"id":2025,"n":"Muscat de Rivesaltes G. d'Arria 15.5%vol - 75cl","p":4.99,"u":"6,65 €/L","img":"https://fd16-photos.leclercdrive.fr/image.ashx?id=2974744&use=l&cat=p&typeid=i","cat":284913},{"id":2028,"n":"AOP Bordeaux rouge Baron de Lestac - 75cl","p":4.0,"u":"5,33 €/L","img":"https://fd16-photos.leclercdrive.fr/image.ashx?id=2471148&use=l&cat=p&typeid=i","cat":289556},{"id":2029,"n":"AOP Bordeaux rouge Malesan - 75 cl","p":4.63,"u":"6,17 €/L","img":"https://fd16-photos.leclercdrive.fr/image.ashx?id=2917432&use=l&cat=p&typeid=i","cat":289556},{"id":2049,"n":"IGP Pays d'Oc Gris vin rosé Rives & Terrasses - 75cl -12,5%","p":2.89,"u":"3,85 €/L","img":"https://fd16-photos.leclercdrive.fr/image.ashx?id=2920918&use=l&cat=p&typeid=i","cat":289558},{"id":2058,"n":"IGP Pays d'Oc Sauvignon Blanc Vieux Carion 12% vol -75 cl","p":2.25,"u":"3,00 €/L","img":"https://fd16-photos.leclercdrive.fr/image.ashx?id=2879937&use=l&cat=p&typeid=i","cat":289557},{"id":2072,"n":"AOP Champagne Mumm Cordon Rouge Brut 12% vol - 75cl","p":28.9,"pp":27.9,"u":"37,20 €/L","img":"https://fd16-photos.leclercdrive.fr/image.ashx?id=3011005&use=l&cat=p&typeid=i","cat":284542},{"id":2075,"n":"AOP Champagne brut Pol Carson - 75cl","p":17.99,"u":"23,99 €/L","img":"https://fd16-photos.leclercdrive.fr/image.ashx?id=2909843&use=l&cat=p&typeid=i","cat":284542},{"id":2079,"n":"Cidre bouché Les Goelleries Breton doux 2%vol. - 75cl","p":2.12,"u":"2,83 €/L","img":"https://fd16-photos.leclercdrive.fr/image.ashx?id=2842190&use=l&cat=p&typeid=i","cat":334880},{"id":2082,"n":"AOP Crémant d'Alsace brut Rebmann - 75 cl","p":5.95,"u":"7,93 €/L","img":"https://fd16-photos.leclercdrive.fr/image.ashx?id=2888935&use=l&cat=p&typeid=i","cat":284545},{"id":2086,"n":"Mister Cocktail sans alcool Pêche - 75cl","p":3.43,"u":"4,57 €/L","img":"https://fd16-photos.leclercdrive.fr/image.ashx?id=3014464&use=l&cat=p&typeid=i","cat":284549},{"id":2090,"n":"Emmental fromage bloc Les Croisés - 500g","p":4.19,"u":"8,38 €/KG","img":"https://fd16-photos.leclercdrive.fr/image.ashx?id=2897775&use=l&cat=p&typeid=i","cat":314034},{"id":2095,"n":"Emmental Fromage râpé Les Croisés - 3x70g","p":1.89,"u":"9,00 €/KG","img":"https://fd16-photos.leclercdrive.fr/image.ashx?id=2949406&use=l&cat=p&typeid=i","cat":314035},{"id":2104,"n":"Mousse à la liégeoise Délisse Chocolat - 8x80g","p":2.35,"u":"3,67 €/KG","img":"https://fd16-photos.leclercdrive.fr/image.ashx?id=3009490&use=l&cat=p&typeid=i","cat":284417},{"id":2107,"n":"Lait demi-écrémé Délisse Brique UHT -  1L","p":0.99,"u":"0,99 €/L","img":"https://fd16-photos.leclercdrive.fr/image.ashx?id=2981804&use=l&cat=p&typeid=i","cat":284377},{"id":2111,"n":"Beurre Extra fin Les Croisés Doux - 82% MG - 250g","p":2.35,"u":"9,40 €/KG","img":"https://fd16-photos.leclercdrive.fr/image.ashx?id=2791224&use=l&cat=p&typeid=i","cat":284379},{"id":2112,"n":"Sauce Béchamel Bridélice 3x20cl","p":3.07,"u":"5,12 €/L","img":"https://fd16-photos.leclercdrive.fr/image.ashx?id=2888458&use=l&cat=p&typeid=i","cat":284382},{"id":2114,"n":"Saucisse sèche Saint Azay Qualité supérieure - 250g","p":2.99,"u":"11,96 €/KG","img":"https://fd16-photos.leclercdrive.fr/image.ashx?id=2859149&use=l&cat=p&typeid=i","cat":316006},{"id":2121,"n":"Carottes râpées Menu Fraîcheur  Assaisonnées - 300g","p":0.69,"u":"2,30 €/KG","img":"https://fd16-photos.leclercdrive.fr/image.ashx?id=2816552&use=l&cat=p&typeid=i","cat":333657},{"id":2126,"n":"Pâte brisée Tablier Blanc Prête à dérouler - 230g","p":0.65,"u":"2,83 €/KG","img":"https://fd16-photos.leclercdrive.fr/image.ashx?id=2922385&use=l&cat=p&typeid=i","cat":333681},{"id":2139,"n":"Gants jetables Mamison latex T7 x10","p":1.33,"img":"https://fd16-photos.leclercdrive.fr/image.ashx?id=2742688&use=l&cat=p&typeid=i","cat":284668},{"id":2141,"n":"Crème nettoyante Clair 3en1 - 750ml","p":1.15,"u":"1,53 €/L","img":"https://fd16-photos.leclercdrive.fr/image.ashx?id=2868310&use=l&cat=p&typeid=i","cat":325357},{"id":2166,"n":"Piles Foxter AA/LR6 1,5V - x4","p":0.99,"u":"0,25 €/P","img":"https://fd16-photos.leclercdrive.fr/image.ashx?id=2162156&use=l&cat=p&typeid=i","cat":300572},{"id":2185,"n":"boisson végétale soja  sans sucre bio bjorg nature 1l","p":1.72,"u":"1,72 €/L","img":"https://fd16-photos.leclercdrive.fr/image.ashx?id=2939385&use=l&cat=p&typeid=i","cat":316067},{"id":2187,"n":"Mascarpone Les Croisés - 250g","p":1.78,"u":"7,12 €/KG","img":"https://fd16-photos.leclercdrive.fr/image.ashx?id=2123620&use=l&cat=p&typeid=i","cat":314026},{"id":2192,"n":"Papier aluminium Elembal 50m","p":4.4,"img":"https://fd16-photos.leclercdrive.fr/image.ashx?id=2940899&use=l&cat=p&typeid=i","cat":334134},{"id":2193,"n":"Film étirable Elembal 2en1 20m","p":1.25,"img":"https://fd16-photos.leclercdrive.fr/image.ashx?id=2059962&use=l&cat=p&typeid=i","cat":334134},{"id":2194,"n":"Sacs congélation Elembal Moyen modèle x50","p":1.08,"img":"https://fd16-photos.leclercdrive.fr/image.ashx?id=2257205&use=l&cat=p&typeid=i","cat":334134},{"id":2195,"n":"Sacs poubelle 30L Elembal Poignées coulissantes - x20","p":2.11,"u":"0,11 €/P","img":"https://fd16-photos.leclercdrive.fr/image.ashx?id=2791740&use=l&cat=p&typeid=i","cat":285168},{"id":2198,"n":"Cassoulet La Belle Chaurienne Porc 4/4 840g","p":4.46,"u":"5,31 €/KG","img":"https://fd16-photos.leclercdrive.fr/image.ashx?id=2837355&use=l&cat=p&typeid=i","cat":284440},{"id":2201,"n":"Pastis 51 Anisé 45% vol - 1L","p":19.68,"u":"19,68 €/L","img":"https://fd16-photos.leclercdrive.fr/image.ashx?id=2998916&use=l&cat=p&typeid=i","cat":284548},{"id":2203,"n":"Palermo rouge Sans alcool - 1L","p":3.54,"u":"3,54 €/L","img":"https://fd16-photos.leclercdrive.fr/image.ashx?id=1866952&use=l&cat=p&typeid=i","cat":284549},{"id":2217,"n":"Soin dents Polident Anti-bactérien comprimés x108","p":4.27,"u":"0,04 €/P","img":"https://fd16-photos.leclercdrive.fr/image.ashx?id=2557242&use=l&cat=p&typeid=i","cat":285158},{"id":2224,"n":"Boisson lactée Candy'UP Chocolat - 6x20cl","p":2.77,"u":"2,31 €/L","img":"https://fd16-photos.leclercdrive.fr/image.ashx?id=2485635&use=l&cat=p&typeid=i","cat":295246},{"id":2226,"n":"Lait vitaminé Viva Candia  1%MG Brique - 1L","p":1.17,"u":"1,17 €/L","img":"https://fd16-photos.leclercdrive.fr/image.ashx?id=2891505&use=l&cat=p&typeid=i","cat":317169},{"id":2228,"n":"Eau de toilette Scorpio rouge Flacon - 75ml","p":7.86,"pp":5.19,"u":"69,20 €/L","img":"https://fd16-photos.leclercdrive.fr/image.ashx?id=2329777&use=l&cat=p&typeid=i","cat":287740},{"id":2257,"n":"Crème Hydratante Soft Nivea Visage Corps Mains - 75ml","p":1.61,"u":"23,00 €/L","img":"https://fd16-photos.leclercdrive.fr/image.ashx?id=3005215&use=l&cat=p&typeid=i","cat":325350},{"id":2259,"n":"Crème Hydratante Soft Nivea Visage Corps Mains - 200ml","p":3.11,"u":"15,55 €/L","img":"https://fd16-photos.leclercdrive.fr/image.ashx?id=3014608&use=l&cat=p&typeid=i","cat":325350},{"id":2276,"n":"Antiseptique Mercurochrome Incolore spray - 100ml","p":3.01,"u":"30,10 €/L","img":"https://fd16-photos.leclercdrive.fr/image.ashx?id=2662268&use=l&cat=p&typeid=i","cat":284630},{"id":2277,"n":"Gel lubrifiant Intimy Classic - 70ml","p":4.05,"u":"57,86 €/L","img":"https://fd16-photos.leclercdrive.fr/image.ashx?id=2927330&use=l&cat=p&typeid=i","cat":285160},{"id":2280,"n":"Compresses stériles Mercurochrome - x60","p":6.5,"u":"0,11 €/P","img":"https://fd16-photos.leclercdrive.fr/image.ashx?id=2731483&use=l&cat=p&typeid=i","cat":284630},{"id":2282,"n":"Bandes à découper Mercurochrome 6cm x10","p":2.86,"img":"https://fd16-photos.leclercdrive.fr/image.ashx?id=2719027&use=l&cat=p&typeid=i","cat":284630},{"id":2305,"n":"Lait Démaquillant Mixa  Anti-dessèchement - 200ml","p":2.99,"u":"14,95 €/L","img":"https://fd16-photos.leclercdrive.fr/image.ashx?id=2285390&use=l&cat=p&typeid=i","cat":284603},{"id":2317,"n":"Mousse Coiffante Franck Provost Cheveux Bouclés - 200ml","p":4.4,"u":"22,00 €/L","img":"https://fd16-photos.leclercdrive.fr/image.ashx?id=2575606&use=l&cat=p&typeid=i","cat":284609},{"id":2322,"n":"Mousse Coiffante Dop Vivelle Extra boucle - 150ml","p":2.95,"u":"19,67 €/L","img":"https://fd16-photos.leclercdrive.fr/image.ashx?id=2574823&use=l&cat=p&typeid=i","cat":284609},{"id":2324,"n":"Eau Micellaire vitaminée Mixa Peaux Sensibles - 200ml","p":3.02,"u":"15,10 €/L","img":"https://fd16-photos.leclercdrive.fr/image.ashx?id=2445334&use=l&cat=p&typeid=i","cat":284603},{"id":2336,"n":"Baume soin Après-Rasage Mennen Peaux Sensibles - 100ml","p":3.91,"u":"39,10 €/L","img":"https://fd16-photos.leclercdrive.fr/image.ashx?id=2517905&use=l&cat=p&typeid=i","cat":288147},{"id":2338,"n":"Lotion Après-Rasage Mennen Apaisante - 125ml","p":3.85,"u":"30,80 €/L","img":"https://fd16-photos.leclercdrive.fr/image.ashx?id=2469620&use=l&cat=p&typeid=i","cat":288147},{"id":2356,"n":"Lingettes Demak'up Peaux sèches sensibles x25","p":3.18,"u":"0,13 €/P","img":"https://fd16-photos.leclercdrive.fr/image.ashx?id=3014458&use=l&cat=p&typeid=i","cat":284603},{"id":2373,"n":"Activateur biologique Eparcyl  Liquide fosse septique - 500 ml","p":6.92,"u":"13,84 €/L","img":"https://fd16-photos.leclercdrive.fr/image.ashx?id=2144059&use=l&cat=p&typeid=i","cat":284908},{"id":2411,"n":"Gel nettoyant Garnier Pure Tube 150ml","p":3.64,"u":"24,27 €/L","img":"https://fd16-photos.leclercdrive.fr/image.ashx?id=2751651&use=l&cat=p&typeid=i","cat":284603},{"id":2438,"n":"Eponges Spontex grattantes Stop-graisse x2","p":1.3,"u":"0,65 €/P","img":"https://fd16-photos.leclercdrive.fr/image.ashx?id=2973078&use=l&cat=p&typeid=i","cat":284667},{"id":2484,"n":"Dentifrice Signal Haleine Pure 75ml","p":1.32,"u":"17,60 €/L","img":"https://fd16-photos.leclercdrive.fr/image.ashx?id=1984459&use=l&cat=p&typeid=i","cat":284612},{"id":2504,"n":"Levure de bière Gerblé à saupoudrer - 150g","p":2.41,"u":"16,07 €/KG","img":"https://fd16-photos.leclercdrive.fr/image.ashx?id=2575036&use=l&cat=p&typeid=i","cat":288382},{"id":2511,"n":"Biscuits diététiques Gerblé Soja Orange - 280g","p":1.48,"u":"5,29 €/KG","img":"https://fd16-photos.leclercdrive.fr/image.ashx?id=2623166&use=l&cat=p&typeid=i","cat":318651},{"id":2523,"n":"Amandes effilées Couleurs Vives 125g","p":1.99,"u":"15,92 €/KG","img":"https://fd16-photos.leclercdrive.fr/image.ashx?id=2211194&use=l&cat=p&typeid=i","cat":284504},{"id":2524,"n":"Amandes Couleurs Vives En poudre - 125g","p":1.97,"u":"15,76 €/KG","img":"https://fd16-photos.leclercdrive.fr/image.ashx?id=2896871&use=l&cat=p&typeid=i","cat":284504},{"id":2532,"n":"Laitue Iceberg Notre Jardin 300g","p":0.89,"u":"2,97 €/KG","img":"https://fd16-photos.leclercdrive.fr/image.ashx?id=2727368&use=l&cat=p&typeid=i","cat":284353},{"id":2568,"n":"Laque Cheveux L'Oréal Paris Fixation forte - 150ml","p":3.89,"u":"25,93 €/L","img":"https://fd16-photos.leclercdrive.fr/image.ashx?id=2576157&use=l&cat=p&typeid=i","cat":284609},{"id":2570,"n":"Spray Cheveux L'Oréal Paris Fixation Normale - 150ml","p":4.21,"u":"28,07 €/L","img":"https://fd16-photos.leclercdrive.fr/image.ashx?id=2576160&use=l&cat=p&typeid=i","cat":284609},{"id":2571,"n":"Gel Coiffant L'Oréal Paris Ultra Fixant 24H - 150ml","p":3.51,"u":"23,40 €/L","img":"https://fd16-photos.leclercdrive.fr/image.ashx?id=2576163&use=l&cat=p&typeid=i","cat":284609},{"id":2574,"n":"Gel Coiffant L'Oréal Paris Gel Ultra Fixant 24h - 150ml","p":3.95,"u":"26,33 €/L","img":"https://fd16-photos.leclercdrive.fr/image.ashx?id=2833240&use=l&cat=p&typeid=i","cat":284609},{"id":2576,"n":"Soin anti-âge L'Oréal Paris Age Perfect - 50ml","p":7.93,"u":"158,60 €/L","img":"https://fd16-photos.leclercdrive.fr/image.ashx?id=2867356&use=l&cat=p&typeid=i","cat":325345},{"id":2588,"n":"Eau minérale Thonon 6x1.5L","p":2.74,"u":"0,30 €/L","img":"https://fd16-photos.leclercdrive.fr/image.ashx?id=2915557&use=l&cat=p&typeid=i","cat":284535},{"id":2593,"n":"Eau minérale naturelle Contrex 6x50cl","p":2.16,"u":"0,72 €/L","img":"https://fd16-photos.leclercdrive.fr/image.ashx?id=2731714&use=l&cat=p&typeid=i","cat":284535},{"id":2612,"n":"Lait demi-écrémé UHT Délisse  Brique - 6x1L","p":5.94,"u":"0,99 €/L","img":"https://fd16-photos.leclercdrive.fr/image.ashx?id=2970542&use=l&cat=p&typeid=i","cat":284377},{"id":2613,"n":"Lait demi-écrémé UHT Délisse Bouteille - 6x1L","p":6.3,"u":"1,05 €/L","img":"https://fd16-photos.leclercdrive.fr/image.ashx?id=2970530&use=l&cat=p&typeid=i","cat":284377},{"id":2614,"n":"Lait demi-écrémé Délisse UHT Bouteille -  6x50cl","p":4.74,"u":"1,58 €/L","img":"https://fd16-photos.leclercdrive.fr/image.ashx?id=2970557&use=l&cat=p&typeid=i","cat":284377},{"id":2638,"n":"Eau minérale Courmayeur 6x1.5L","p":2.58,"u":"0,29 €/L","img":"https://fd16-photos.leclercdrive.fr/image.ashx?id=2964105&use=l&cat=p&typeid=i","cat":284535},{"id":2649,"n":"Eau de source de Montagne 6x1.5L","p":1.68,"u":"0,19 €/L","img":"https://fd16-photos.leclercdrive.fr/image.ashx?id=2727617&use=l&cat=p&typeid=i","cat":284535},{"id":2650,"n":"Whisky William Lawson's Finest Blend 40° - 100cl","p":17.88,"u":"17,88 €/L","img":"https://fd16-photos.leclercdrive.fr/image.ashx?id=2966134&use=l&cat=p&typeid=i","cat":284547},{"id":2684,"n":"Fromage Camembert NRT AOP  de Normandie - 250g","p":3.39,"u":"13,56 €/KG","img":"https://fd16-photos.leclercdrive.fr/image.ashx?id=2188712&use=l&cat=p&typeid=i","cat":314033},{"id":2729,"n":"Pistaches grillées à sec Tokapi 300g","p":3.86,"u":"12,87 €/KG","img":"https://fd16-photos.leclercdrive.fr/image.ashx?id=2994172&use=l&cat=p&typeid=i","cat":284448},{"id":2737,"n":"Eau minérale Des Alpes  6x1.5L","p":2.1,"u":"0,23 €/L","img":"https://fd16-photos.leclercdrive.fr/image.ashx?id=2768667&use=l&cat=p&typeid=i","cat":284535},{"id":2742,"n":"Eau gazeuse San Pellegrino Minérale naturelle - 6x1L","p":3.84,"u":"0,64 €/L","img":"https://fd16-photos.leclercdrive.fr/image.ashx?id=2740316&use=l&cat=p&typeid=i","cat":284536},{"id":2751,"n":"Boisson lactée Candy'UP Chocolat - 6x1L","p":11.22,"u":"1,87 €/L","img":"https://fd16-photos.leclercdrive.fr/image.ashx?id=2675957&use=l&cat=p&typeid=i","cat":295246},{"id":2755,"n":"Lait demi-écrémé Lactel Vitamine D Bouteille - 6x1l","p":7.53,"u":"1,26 €/L","img":"https://fd16-photos.leclercdrive.fr/image.ashx?id=2889424&use=l&cat=p&typeid=i","cat":284377},{"id":2757,"n":"Lait Bio demi-écrémé Lactel  UHT Bouteille - 6x1l","p":9.42,"u":"1,57 €/L","img":"https://fd16-photos.leclercdrive.fr/image.ashx?id=2886918&use=l&cat=p&typeid=i","cat":284377},{"id":2758,"n":"Lait Matin Léger de Lactel Sans lactose 1.2% mg - 6x50cl","p":7.14,"u":"2,38 €/L","img":"https://fd16-photos.leclercdrive.fr/image.ashx?id=2883564&use=l&cat=p&typeid=i","cat":317169},{"id":2759,"n":"Lait Matin Léger de Lactel Sans lactose 1.2% mg - 6x1L","p":10.44,"u":"1,74 €/L","img":"https://fd16-photos.leclercdrive.fr/image.ashx?id=2883125&use=l&cat=p&typeid=i","cat":317169},{"id":2776,"n":"Crème Mains Réparatrice Mixa Mains abîmées - 100ml","p":2.31,"u":"23,10 €/L","img":"https://fd16-photos.leclercdrive.fr/image.ashx?id=2276024&use=l&cat=p&typeid=i","cat":325354},{"id":2777,"n":"Crème mains protectrice Mixa Anti-dessèchement - 100ml","p":2.27,"u":"22,70 €/L","img":"https://fd16-photos.leclercdrive.fr/image.ashx?id=2299873&use=l&cat=p&typeid=i","cat":325354},{"id":2779,"n":"Whisky William Lawson's Finest Blend 40° - 70cl","p":12.97,"u":"18,53 €/L","img":"https://fd16-photos.leclercdrive.fr/image.ashx?id=2848340&use=l&cat=p&typeid=i","cat":284547},{"id":2799,"n":"Fromage frais Délisse Fruits panachés - 24x50g","p":2.88,"u":"2,40 €/KG","img":"https://fd16-photos.leclercdrive.fr/image.ashx?id=2922494&use=l&cat=p&typeid=i","cat":284414},{"id":2802,"n":"Flûte pain  400g","p":1.0,"u":"2,50 €/KG","img":"https://fd16-photos.leclercdrive.fr/image.ashx?id=557801&use=l&cat=p&typeid=i","cat":284359},{"id":2803,"n":"Baguette de pain 250g","p":0.28,"u":"1,12 €/KG","img":"https://fd16-photos.leclercdrive.fr/image.ashx?id=2062873&use=l&cat=p&typeid=i","cat":284359},{"id":2813,"n":"Pizza Chèvre Turini Cuite au feu de bois - 420g","p":2.21,"u":"5,26 €/KG","img":"https://fd16-photos.leclercdrive.fr/image.ashx?id=2815214&use=l&cat=p&typeid=i","cat":284256},{"id":2823,"n":"Carottes en lamelles Lunor 500g","p":1.62,"u":"0,32 €/L","img":"https://fd16-photos.leclercdrive.fr/image.ashx?id=2223286&use=l&cat=p&typeid=i","cat":284352},{"id":2864,"n":"Steak de boeuf** à griller x2 - 320g","p":7.9,"u":"24,69 €/KG","img":"https://fd16-photos.leclercdrive.fr/image.ashx?id=659566&use=l&cat=p&typeid=i","cat":284328},{"id":2930,"n":"Biscuits pomme noisette GERBLE   4x4 - 230g","p":1.5,"u":"6,52 €/KG","img":"https://fd16-photos.leclercdrive.fr/image.ashx?id=2967753&use=l&cat=p&typeid=i","cat":318651},{"id":2933,"n":"Germe de blé Gerblé 250g","p":1.85,"u":"7,40 €/KG","img":"https://fd16-photos.leclercdrive.fr/image.ashx?id=2575060&use=l&cat=p&typeid=i","cat":288382},{"id":2935,"n":"Biscuits écorce confite GERBLE   - 4x5,  360g","p":1.57,"u":"4,36 €/KG","img":"https://fd16-photos.leclercdrive.fr/image.ashx?id=2662907&use=l&cat=p&typeid=i","cat":318651},{"id":2937,"n":"Biscuits goûter chocolat GERBLE  - 3x4,  250g","p":1.62,"u":"6,48 €/KG","img":"https://fd16-photos.leclercdrive.fr/image.ashx?id=2625181&use=l&cat=p&typeid=i","cat":318651},{"id":2938,"n":"Biscuits germe de blé GERBLE   - 5x5, 210g","p":1.28,"u":"6,10 €/KG","img":"https://fd16-photos.leclercdrive.fr/image.ashx?id=2573540&use=l&cat=p&typeid=i","cat":318651},{"id":2950,"n":"Biscuits lait chocolat GERBLE   - 5x4, 230g","p":1.58,"u":"6,87 €/KG","img":"https://fd16-photos.leclercdrive.fr/image.ashx?id=2575030&use=l&cat=p&typeid=i","cat":318651},{"id":2968,"n":"Tablette chocolat Milka Chocolat lait/caramel - 2x100g","p":3.25,"u":"16,25 €/KG","img":"https://fd16-photos.leclercdrive.fr/image.ashx?id=3009146&use=l&cat=p&typeid=i","cat":284497},{"id":2969,"n":"Sticks et bretzels Tokapi 300g","p":1.2,"u":"4,00 €/KG","img":"https://fd16-photos.leclercdrive.fr/image.ashx?id=2431104&use=l&cat=p&typeid=i","cat":297000},{"id":2973,"n":"Chips Pom'Lisse Barbecue - 135g","p":0.89,"u":"6,59 €/KG","img":"https://fd16-photos.leclercdrive.fr/image.ashx?id=2774046&use=l&cat=p&typeid=i","cat":284447},{"id":2975,"n":"Huile arachide Lesieur 1L","p":4.32,"u":"4,32 €/L","img":"https://fd16-photos.leclercdrive.fr/image.ashx?id=2916845&use=l&cat=p&typeid=i","cat":284453},{"id":2994,"n":"Chicorée soluble Leroux Nature - 200g","p":4.08,"u":"20,40 €/KG","img":"https://fd16-photos.leclercdrive.fr/image.ashx?id=2693512&use=l&cat=p&typeid=i","cat":284843},{"id":3000,"n":"Oeufs frais plein air Bio Bio Village - x6","p":2.09,"u":"0,35 €/P","img":"https://fd16-photos.leclercdrive.fr/image.ashx?id=2724868&use=l&cat=p&typeid=i","cat":284378},{"id":3012,"n":"Sauce Fajitas Tables du Monde 430g","p":1.97,"u":"4,58 €/KG","img":"https://fd16-photos.leclercdrive.fr/image.ashx?id=2470228&use=l&cat=p&typeid=i","cat":288993},{"id":3013,"n":"Pain de mie 7 céréales Epi d'Or Grandes tranches - 550g","p":1.19,"u":"2,16 €/KG","img":"https://fd16-photos.leclercdrive.fr/image.ashx?id=1959532&use=l&cat=p&typeid=i","cat":284477},{"id":3014,"n":"Brioche tressée Epi d'Or Pépites de chocolat - 600g","p":2.36,"u":"3,93 €/KG","img":"https://fd16-photos.leclercdrive.fr/image.ashx?id=2867898&use=l&cat=p&typeid=i","cat":284478},{"id":3028,"n":"Brioche tranchée Epi d'Or Pépites de chocolat 500g","p":2.09,"u":"4,18 €/KG","img":"https://fd16-photos.leclercdrive.fr/image.ashx?id=2867901&use=l&cat=p&typeid=i","cat":284478},{"id":3033,"n":"Pâtes fraîches Turini Fettuccini - 350g","p":1.49,"u":"4,26 €/KG","img":"https://fd16-photos.leclercdrive.fr/image.ashx?id=2882313&use=l&cat=p&typeid=i","cat":333682},{"id":3034,"n":"Fromage Parmesan Parmareggio 60g","p":1.46,"u":"24,33 €/KG","img":"https://fd16-photos.leclercdrive.fr/image.ashx?id=2975458&use=l&cat=p&typeid=i","cat":314035},{"id":3040,"n":"Beurre moulé bio Bio Village Doux - 82% MG - 250g","p":2.99,"u":"11,96 €/KG","img":"https://fd16-photos.leclercdrive.fr/image.ashx?id=2437052&use=l&cat=p&typeid=i","cat":284379},{"id":3041,"n":"Beurre moulé bio Bio Village Demi-sel - 80% MG - 250g","p":2.99,"u":"11,96 €/KG","img":"https://fd16-photos.leclercdrive.fr/image.ashx?id=2437055&use=l&cat=p&typeid=i","cat":284379},{"id":3055,"n":"Gel à raser féminin Siliss Velours abricot - 200ml","p":1.69,"u":"8,45 €/L","img":"https://fd16-photos.leclercdrive.fr/image.ashx?id=2699408&use=l&cat=p&typeid=i","cat":325352},{"id":3072,"n":"Serviette hygiénique Doulys Maxi confort - Super - x16","p":1.45,"u":"0,09 €/P","img":"https://fd16-photos.leclercdrive.fr/image.ashx?id=2838912&use=l&cat=p&typeid=i","cat":284624},{"id":3089,"n":"Sauce Béchamel Elle&Vire au Lait Entier - 33cl","p":1.94,"u":"5,88 €/L","img":"https://fd16-photos.leclercdrive.fr/image.ashx?id=2835992&use=l&cat=p&typeid=i","cat":284382},{"id":3093,"n":"Cake fruits P'tit déli Tranché 300g","p":1.66,"u":"5,53 €/KG","img":"https://fd16-photos.leclercdrive.fr/image.ashx?id=2823078&use=l&cat=p&typeid=i","cat":284493},{"id":3101,"n":"Biscuits fourrés Chamonix LU Orange - 250g","p":1.56,"u":"6,24 €/KG","img":"https://fd16-photos.leclercdrive.fr/image.ashx?id=2982982&use=l&cat=p&typeid=i","cat":284489},{"id":3106,"n":"Biscuits Cookies P'tit Déli Noix coco Chocolat - 200g","p":1.39,"u":"6,95 €/KG","img":"https://fd16-photos.leclercdrive.fr/image.ashx?id=2896853&use=l&cat=p&typeid=i","cat":325066},{"id":3107,"n":"Biscuits petit beurre LU Pocket - 300g","p":1.98,"u":"6,60 €/KG","img":"https://fd16-photos.leclercdrive.fr/image.ashx?id=3001940&use=l&cat=p&typeid=i","cat":284487},{"id":3123,"n":"Plat bébé Blédina 8 mois  Pomme de terre poulet - 2x200g","p":2.52,"u":"6,30 €/KG","img":"https://fd16-photos.leclercdrive.fr/image.ashx?id=2975056&use=l&cat=p&typeid=i","cat":312236},{"id":3142,"n":"Café et Chicorée Soluble Ricoré  Original - 100g","p":2.78,"u":"27,80 €/KG","img":"https://fd16-photos.leclercdrive.fr/image.ashx?id=2951542&use=l&cat=p&typeid=i","cat":284843},{"id":3144,"n":"Chocolat Tablette d'Or noir Extra 47% cacao 3x100g","p":2.77,"u":"9,23 €/KG","img":"https://fd16-photos.leclercdrive.fr/image.ashx?id=2882310&use=l&cat=p&typeid=i","cat":284956},{"id":3147,"n":"Madeleines P'tit déli coquilles 500g","p":1.7,"u":"3,40 €/KG","img":"https://fd16-photos.leclercdrive.fr/image.ashx?id=2999484&use=l&cat=p&typeid=i","cat":284492},{"id":3148,"n":"Madeleines longues P'tit déli Marbrées chocolat 250g","p":1.45,"u":"5,80 €/KG","img":"https://fd16-photos.leclercdrive.fr/image.ashx?id=2999490&use=l&cat=p&typeid=i","cat":284492},{"id":3152,"n":"Café Plantation  Kenya - 250g","p":3.92,"u":"15,68 €/KG","img":"https://fd16-photos.leclercdrive.fr/image.ashx?id=2607431&use=l&cat=p&typeid=i","cat":284750},{"id":3153,"n":"Café moulu Plantation  Tradition décaféiné - 250g","p":2.95,"u":"11,80 €/KG","img":"https://fd16-photos.leclercdrive.fr/image.ashx?id=2607407&use=l&cat=p&typeid=i","cat":284750},{"id":3158,"n":"Café moulu Plantation  doux - 2x250g","p":6.88,"u":"13,76 €/KG","img":"https://fd16-photos.leclercdrive.fr/image.ashx?id=2607428&use=l&cat=p&typeid=i","cat":284750},{"id":3166,"n":"Dessert fruitier pomme Douceur du Verger 16x100g","p":2.8,"u":"1,75 €/KG","img":"https://fd16-photos.leclercdrive.fr/image.ashx?id=1956829&use=l&cat=p&typeid=i","cat":284416},{"id":3171,"n":"Tortellini Turini Jambon cru - 250g","p":1.96,"u":"7,84 €/KG","img":"https://fd16-photos.leclercdrive.fr/image.ashx?id=2778039&use=l&cat=p&typeid=i","cat":333682},{"id":3186,"n":"Liquide vaisselle Visior citron 1,5L","p":2.15,"u":"1,43 €/L","img":"https://fd16-photos.leclercdrive.fr/image.ashx?id=2930852&use=l&cat=p&typeid=i","cat":284655},{"id":3192,"n":"Détachant sans javel Textil 2L","p":3.19,"u":"1,60 €/L","img":"https://fd16-photos.leclercdrive.fr/image.ashx?id=2988036&use=l&cat=p&typeid=i","cat":284651},{"id":3195,"n":"Coton Primoplast prédécoupé 100g","p":0.98,"u":"9,80 €/KG","img":"https://fd16-photos.leclercdrive.fr/image.ashx?id=2856453&use=l&cat=p&typeid=i","cat":284630},{"id":3200,"n":"Petits pains grillés Epi d'Or  Froment - 225g","p":0.79,"u":"3,51 €/KG","img":"https://fd16-photos.leclercdrive.fr/image.ashx?id=2496410&use=l&cat=p&typeid=i","cat":284479},{"id":3208,"n":"Confiture Allégée aux Fraises Andros - 350g","p":1.72,"u":"4,91 €/KG","img":"https://fd16-photos.leclercdrive.fr/image.ashx?id=2911229&use=l&cat=p&typeid=i","cat":284480},{"id":3215,"n":"Riz long Comptoir du Grain Etuvé - 1kg","p":1.72,"u":"1,72 €/KG","img":"https://fd16-photos.leclercdrive.fr/image.ashx?id=2076640&use=l&cat=p&typeid=i","cat":284428},{"id":3217,"n":"Riz Basmati Comptoir du Grain Sélection Riz long - 500g","p":1.35,"u":"2,70 €/KG","img":"https://fd16-photos.leclercdrive.fr/image.ashx?id=2076643&use=l&cat=p&typeid=i","cat":284428},{"id":3220,"n":"Céréales Tipiak - Blé Maïs Soja Prêt en 4 min - 400g","p":1.6,"u":"4,00 €/KG","img":"https://fd16-photos.leclercdrive.fr/image.ashx?id=2989144&use=l&cat=p&typeid=i","cat":284429},{"id":3221,"n":"Purée pomme de terre Pom'lisse Nature - 8x125g - 1kg","p":3.19,"u":"3,19 €/KG","img":"https://fd16-photos.leclercdrive.fr/image.ashx?id=2929864&use=l&cat=p&typeid=i","cat":284431},{"id":3223,"n":"Pâtes capellini Panzani 500g","p":1.1,"u":"2,20 €/KG","img":"https://fd16-photos.leclercdrive.fr/image.ashx?id=2876038&use=l&cat=p&typeid=i","cat":284427},{"id":3224,"n":"Pâtes Barilla Spaghetti n°5 - 1kg","p":1.81,"u":"1,81 €/KG","img":"https://fd16-photos.leclercdrive.fr/image.ashx?id=2481182&use=l&cat=p&typeid=i","cat":284427},{"id":3225,"n":"Pâtes Lasagnes Panzani - 500G","p":1.8,"u":"3,60 €/KG","img":"https://fd16-photos.leclercdrive.fr/image.ashx?id=2896105&use=l&cat=p&typeid=i","cat":284427},{"id":3226,"n":"Pâtes cannelloni Panzani  A farcir - 250g","p":1.17,"u":"4,68 €/KG","img":"https://fd16-photos.leclercdrive.fr/image.ashx?id=2896108&use=l&cat=p&typeid=i","cat":284427},{"id":3233,"n":"Haricots verts Notre Jardin Extra fins - 220g","p":1.89,"u":"8,59 €/KG","img":"https://fd16-photos.leclercdrive.fr/image.ashx?id=2050621&use=l&cat=p&typeid=i","cat":312606},{"id":3239,"n":"Biscuit Petit beurre P'tit Déli Tablette chocolat noir - 150g","p":1.37,"u":"9,13 €/KG","img":"https://fd16-photos.leclercdrive.fr/image.ashx?id=2711641&use=l&cat=p&typeid=i","cat":284488},{"id":3240,"n":"Biscuit Petit beurre P'tit Déli Tablette lait noisette - 150g","p":1.61,"u":"10,73 €/KG","img":"https://fd16-photos.leclercdrive.fr/image.ashx?id=2523673&use=l&cat=p&typeid=i","cat":284488},{"id":3255,"n":"Bûche glacée Eskiss Fruits exotiques - 570g","p":3.84,"u":"6,74 €/KG","img":"https://fd16-photos.leclercdrive.fr/image.ashx?id=2209846&use=l&cat=p&typeid=i","cat":284266},{"id":3258,"n":"Champignons Paris Notre Jardin Pieds et morceaux - 460g","p":2.29,"u":"4,98 €/KG","img":"https://fd16-photos.leclercdrive.fr/image.ashx?id=2553893&use=l&cat=p&typeid=i","cat":312610},{"id":3263,"n":"Champignons Paris Notre Jardin Entiers - 460g","p":2.69,"u":"5,85 €/KG","img":"https://fd16-photos.leclercdrive.fr/image.ashx?id=2553887&use=l&cat=p&typeid=i","cat":312610},{"id":3270,"n":"Coeurs de palmiers Notre Jardin Extra tendres - 250g","p":4.74,"u":"18,96 €/KG","img":"https://fd16-photos.leclercdrive.fr/image.ashx?id=2669666&use=l&cat=p&typeid=i","cat":312611},{"id":3271,"n":"Maïs Notre Jardin Tendre - 3x140g","p":1.89,"u":"4,50 €/KG","img":"https://fd16-photos.leclercdrive.fr/image.ashx?id=2074653&use=l&cat=p&typeid=i","cat":312611},{"id":3272,"n":"Asperges blanches grosses Notre Jardin - 320g","p":3.49,"u":"10,91 €/KG","img":"https://fd16-photos.leclercdrive.fr/image.ashx?id=2049016&use=l&cat=p&typeid=i","cat":312611},{"id":3277,"n":"Chips à l'ancienne Pom'lisse Nature - 6x30g","p":1.58,"u":"8,78 €/KG","img":"https://fd16-photos.leclercdrive.fr/image.ashx?id=2657193&use=l&cat=p&typeid=i","cat":284447},{"id":3282,"n":"Moutarde Amora Mi-forte - 230g Divers coloris","p":1.94,"u":"8,43 €/KG","img":"https://fd16-photos.leclercdrive.fr/image.ashx?id=2504473&use=l&cat=p&typeid=i","cat":288850},{"id":3285,"n":"Vinaigre balsamique Rustica 50cl","p":1.57,"u":"3,14 €/L","img":"https://fd16-photos.leclercdrive.fr/image.ashx?id=2765701&use=l&cat=p&typeid=i","cat":298543},{"id":3292,"n":"Tomates pelées Notre Jardin Entières - 238g","p":0.85,"u":"3,57 €/KG","img":"https://fd16-photos.leclercdrive.fr/image.ashx?id=2190002&use=l&cat=p&typeid=i","cat":312608},{"id":3305,"n":"Sauce Provençale Turini 420g","p":0.97,"u":"2,31 €/KG","img":"https://fd16-photos.leclercdrive.fr/image.ashx?id=2047010&use=l&cat=p&typeid=i","cat":287599},{"id":3307,"n":"Cidre bouché Les Goelleries Normand brut 5.5%vol. - 75cl","p":1.79,"u":"2,39 €/L","img":"https://fd16-photos.leclercdrive.fr/image.ashx?id=2842193&use=l&cat=p&typeid=i","cat":334880},{"id":3308,"n":"Pur jus de carotte Jafaden - 1L","p":2.29,"u":"2,29 €/L","img":"https://fd16-photos.leclercdrive.fr/image.ashx?id=2860712&use=l&cat=p&typeid=i","cat":284523},{"id":3309,"n":"Pur jus de pomme Jafaden 1L","p":1.34,"u":"1,34 €/L","img":"https://fd16-photos.leclercdrive.fr/image.ashx?id=2726697&use=l&cat=p&typeid=i","cat":284522},{"id":3311,"n":"Thé glacé Fresh Tea Pêche - 1,5L","p":1.25,"u":"0,83 €/L","img":"https://fd16-photos.leclercdrive.fr/image.ashx?id=2982601&use=l&cat=p&typeid=i","cat":295019},{"id":3316,"n":"Sirop Frucci Grenadine - 1L","p":2.76,"u":"2,76 €/L","img":"https://fd16-photos.leclercdrive.fr/image.ashx?id=2954073&use=l&cat=p&typeid=i","cat":295020},{"id":3324,"n":"Dentifrice Vademecum Blancheur & plantes 75ml","p":1.74,"u":"23,20 €/L","img":"https://fd16-photos.leclercdrive.fr/image.ashx?id=2438225&use=l&cat=p&typeid=i","cat":284612},{"id":3338,"n":"Protège-slips Doulys Mince - Plié - x30","p":1.25,"u":"0,04 €/P","img":"https://fd16-photos.leclercdrive.fr/image.ashx?id=2824129&use=l&cat=p&typeid=i","cat":284625},{"id":3343,"n":"Vodka Poliakov 37.5%vol - 70cl","p":11.09,"u":"15,84 €/L","img":"https://fd16-photos.leclercdrive.fr/image.ashx?id=2810759&use=l&cat=p&typeid=i","cat":284550},{"id":3344,"n":"Nectar Jafaden Banane - 1L","p":2.09,"u":"2,09 €/L","img":"https://fd16-photos.leclercdrive.fr/image.ashx?id=2955701&use=l&cat=p&typeid=i","cat":284915},{"id":3345,"n":"Nectar Jafaden Poire - 1L","p":2.49,"u":"2,49 €/L","img":"https://fd16-photos.leclercdrive.fr/image.ashx?id=2955695&use=l&cat=p&typeid=i","cat":284915},{"id":3355,"n":"World Mix Haribo Sachet bonbons - 500g","p":2.91,"u":"5,82 €/KG","img":"https://fd16-photos.leclercdrive.fr/image.ashx?id=2805207&use=l&cat=p&typeid=i","cat":304250},{"id":3356,"n":"Banan's Haribo Sachet bonbons - 300g","p":1.52,"u":"5,07 €/KG","img":"https://fd16-photos.leclercdrive.fr/image.ashx?id=1739936&use=l&cat=p&typeid=i","cat":304250},{"id":3359,"n":"Compote Andros Pomme 750g","p":1.49,"u":"1,99 €/KG","img":"https://fd16-photos.leclercdrive.fr/image.ashx?id=2327716&use=l&cat=p&typeid=i","cat":284508},{"id":3361,"n":"Pâtée chats Gourmet gold Mousselines 4x85g","p":1.96,"u":"5,76 €/KG","img":"https://fd16-photos.leclercdrive.fr/image.ashx?id=2711103&use=l&cat=p&typeid=i","cat":285286},{"id":3364,"n":"Huile de douche Manava Bien être oriental 250ml","p":1.16,"u":"4,64 €/L","img":"https://fd16-photos.leclercdrive.fr/image.ashx?id=2809659&use=l&cat=p&typeid=i","cat":284594},{"id":3365,"n":"Gel douche et shampooing Carré Homme Dynamisante - 250ml","p":1.15,"u":"4,60 €/L","img":"https://fd16-photos.leclercdrive.fr/image.ashx?id=2910329&use=l&cat=p&typeid=i","cat":284619},{"id":3372,"n":"Terrines Tous Mes Amis Pour chats  3 saveurs - 3x400g","p":3.29,"u":"2,74 €/KG","img":"https://fd16-photos.leclercdrive.fr/image.ashx?id=2865050&use=l&cat=p&typeid=i","cat":285601},{"id":3375,"n":"Lingettes bébé Mots d'Enfants Toilettes fruits rouges - x60","p":1.7,"u":"0,03 €/P","img":"https://fd16-photos.leclercdrive.fr/image.ashx?id=2856465&use=l&cat=p&typeid=i","cat":284738},{"id":3387,"n":"Gel à raser Carré Homme Vitaminé protecteur 200ml","p":1.89,"u":"9,45 €/L","img":"https://fd16-photos.leclercdrive.fr/image.ashx?id=2704642&use=l&cat=p&typeid=i","cat":284617},{"id":3393,"n":"Dentifrice Protection Signal Caries 100ml","p":1.17,"u":"11,70 €/L","img":"https://fd16-photos.leclercdrive.fr/image.ashx?id=2961810&use=l&cat=p&typeid=i","cat":284612},{"id":3395,"n":"Dentifrice Dentamyl Aux plantes 75ml","p":0.94,"u":"12,53 €/L","img":"https://fd16-photos.leclercdrive.fr/image.ashx?id=2489104&use=l&cat=p&typeid=i","cat":284612},{"id":3396,"n":"Dentifrice Dentamyl Haleine fraîche 75ml","p":0.76,"u":"10,13 €/L","img":"https://fd16-photos.leclercdrive.fr/image.ashx?id=2489101&use=l&cat=p&typeid=i","cat":284612},{"id":3401,"n":"Serviette hygiénique Doulys Maxi - Spécial nuit - x12","p":0.95,"u":"0,08 €/P","img":"https://fd16-photos.leclercdrive.fr/image.ashx?id=2838927&use=l&cat=p&typeid=i","cat":284624},{"id":3412,"n":"Soupe de poissons Régal Soupe 1L","p":2.69,"u":"2,69 €/L","img":"https://fd16-photos.leclercdrive.fr/image.ashx?id=2607410&use=l&cat=p&typeid=i","cat":287366},{"id":3413,"n":"Asperges blanches Notre Jardin Pointes - 110g","p":2.35,"u":"21,36 €/KG","img":"https://fd16-photos.leclercdrive.fr/image.ashx?id=2049022&use=l&cat=p&typeid=i","cat":312611},{"id":3416,"n":"Ratatouille Notre Jardin A la provençale - 750g","p":1.29,"u":"1,72 €/KG","img":"https://fd16-photos.leclercdrive.fr/image.ashx?id=2526291&use=l&cat=p&typeid=i","cat":312612},{"id":3429,"n":"Lasagnes bolognaises Côté table 1kg","p":3.49,"u":"3,49 €/KG","img":"https://fd16-photos.leclercdrive.fr/image.ashx?id=2545628&use=l&cat=p&typeid=i","cat":284254},{"id":3441,"n":"AOP Freixenet Cava Cordon Negro Brut - 75cl","p":5.7,"u":"7,60 €/L","img":"https://fd16-photos.leclercdrive.fr/image.ashx?id=3011929&use=l&cat=p&typeid=i","cat":289461},{"id":3459,"n":"Petit Pois et Carottes Cassegrain 465g","p":2.71,"u":"5,83 €/KG","img":"https://fd16-photos.leclercdrive.fr/image.ashx?id=2912971&use=l&cat=p&typeid=i","cat":312607},{"id":3461,"n":"Maïs Bonduelle Sans Sucres Ajoutés 285g","p":1.01,"u":"3,54 €/KG","img":"https://fd16-photos.leclercdrive.fr/image.ashx?id=2955303&use=l&cat=p&typeid=i","cat":312611},{"id":3462,"n":"Pain précuit Epi d'Or Demi-baguette x2 - 300g","p":0.65,"u":"2,17 €/KG","img":"https://fd16-photos.leclercdrive.fr/image.ashx?id=2684814&use=l&cat=p&typeid=i","cat":325069},{"id":3508,"n":"Protège-slips Nana Fraicheur Qutodienne - Plié - x32","p":1.5,"u":"0,05 €/P","img":"https://fd16-photos.leclercdrive.fr/image.ashx?id=2986891&use=l&cat=p&typeid=i","cat":284625},{"id":3517,"n":"Bonbons Haribo Réglisse Carensac - 250g","p":1.92,"u":"7,68 €/KG","img":"https://fd16-photos.leclercdrive.fr/image.ashx?id=2982405&use=l&cat=p&typeid=i","cat":304250},{"id":3525,"n":"Crêpes fourrées P'tit déli Chocolat x8 - 256g","p":1.65,"u":"6,45 €/KG","img":"https://fd16-photos.leclercdrive.fr/image.ashx?id=2656335&use=l&cat=p&typeid=i","cat":284494},{"id":3528,"n":"Gel arnica Mercurochrome 75ml","p":2.77,"u":"36,93 €/L","img":"https://fd16-photos.leclercdrive.fr/image.ashx?id=2663989&use=l&cat=p&typeid=i","cat":284630},{"id":3549,"n":"IGP Pays d'Oc rosé J.P. Chenet 12.5% vol - 75cl","p":3.24,"u":"4,32 €/L","img":"https://fd16-photos.leclercdrive.fr/image.ashx?id=2985108&use=l&cat=p&typeid=i","cat":289558},{"id":3550,"n":"AOP Côtes de Provence rosé Billette Bouquet - 75cl","p":5.98,"u":"7,97 €/L","img":"https://fd16-photos.leclercdrive.fr/image.ashx?id=2625433&use=l&cat=p&typeid=i","cat":289558},{"id":3558,"n":"IGP Pays d'Oc rouge J-P Chenet Cabernet-Syrah 13% vol - 75 cl","p":3.24,"u":"4,32 €/L","img":"https://fd16-photos.leclercdrive.fr/image.ashx?id=2810864&use=l&cat=p&typeid=i","cat":289556},{"id":3559,"n":"IGP Pays d'Oc rouge J-P Chenet Merlot HVE - 75 cl","p":3.24,"u":"4,32 €/L","img":"https://fd16-photos.leclercdrive.fr/image.ashx?id=2837157&use=l&cat=p&typeid=i","cat":289556},{"id":3564,"n":"Vin de l'Union Européenne  La Villageoise - 6x25cl","p":4.39,"u":"2,93 €/L","img":"https://fd16-photos.leclercdrive.fr/image.ashx?id=2731651&use=l&cat=p&typeid=i","cat":289557},{"id":3570,"n":"Concentré à diluer Pulco Citron - 70cl","p":2.2,"u":"3,14 €/L","img":"https://fd16-photos.leclercdrive.fr/image.ashx?id=2687845&use=l&cat=p&typeid=i","cat":295020},{"id":3571,"n":"Nectar Jafaden Abricot - 1L","p":2.59,"u":"2,59 €/L","img":"https://fd16-photos.leclercdrive.fr/image.ashx?id=2955713&use=l&cat=p&typeid=i","cat":284915},{"id":3575,"n":"Litière chats Tous mes Amis Végétale - 10L","p":4.39,"u":"0,44 €/L","img":"https://fd16-photos.leclercdrive.fr/image.ashx?id=2055217&use=l&cat=p&typeid=i","cat":284683},{"id":3576,"n":"Litière chats Tous mes Amis Minérale - Hygiénique - 10L","p":4.65,"u":"0,47 €/L","img":"https://fd16-photos.leclercdrive.fr/image.ashx?id=2055211&use=l&cat=p&typeid=i","cat":284683},{"id":3584,"n":"Macédoine de Légumes Bonduelle 530g","p":1.59,"u":"3,00 €/KG","img":"https://fd16-photos.leclercdrive.fr/image.ashx?id=2939235&use=l&cat=p&typeid=i","cat":312612},{"id":3587,"n":"AOP Bordeaux rouge Blaissac - 75cl","p":4.01,"u":"5,35 €/L","img":"https://fd16-photos.leclercdrive.fr/image.ashx?id=2917429&use=l&cat=p&typeid=i","cat":289556},{"id":3588,"n":"IGP Pays d'Oc rouge Roche Mazet Cabernet Sauvignon 12.5% 75cl","p":3.03,"u":"4,04 €/L","img":"https://fd16-photos.leclercdrive.fr/image.ashx?id=2333000&use=l&cat=p&typeid=i","cat":289556},{"id":3590,"n":"IGP Pays d'Oc rosé Roche Mazet Cinsault Grenache 12% vol 75cl","p":3.02,"u":"4,03 €/L","img":"https://fd16-photos.leclercdrive.fr/image.ashx?id=2341510&use=l&cat=p&typeid=i","cat":289558},{"id":3599,"n":"IGP Pays d'Oc rosé Listel Grain De gris 12.5% vol - 75cl","p":3.5,"u":"4,67 €/L","img":"https://fd16-photos.leclercdrive.fr/image.ashx?id=2556135&use=l&cat=p&typeid=i","cat":289558},{"id":3600,"n":"Miel Lune de Miel Tartimiel 250g","p":2.25,"u":"9,00 €/KG","img":"https://fd16-photos.leclercdrive.fr/image.ashx?id=2662610&use=l&cat=p&typeid=i","cat":287643},{"id":3604,"n":"Allume-feu Silex cubes x28 200g","p":1.11,"u":"5,55 €/KG","img":"https://fd16-photos.leclercdrive.fr/image.ashx?id=2558781&use=l&cat=p&typeid=i","cat":300578},{"id":3610,"n":"Petits pois Notre Jardin A l'étuvée -Extra fins - 3x140g","p":1.57,"u":"3,74 €/KG","img":"https://fd16-photos.leclercdrive.fr/image.ashx?id=2537343&use=l&cat=p&typeid=i","cat":312607},{"id":3617,"n":"Galettes de riz bio Bio Village Complet x17 - 130g","p":0.91,"u":"7,00 €/KG","img":"https://fd16-photos.leclercdrive.fr/image.ashx?id=2816151&use=l&cat=p&typeid=i","cat":318651},{"id":3621,"n":"Pansements Mercurochrome Ampoules x10","p":4.7,"img":"https://fd16-photos.leclercdrive.fr/image.ashx?id=2862143&use=l&cat=p&typeid=i","cat":284630},{"id":3622,"n":"Alcool modifié Mercurochrome 90° - 100ml","p":2.68,"u":"26,80 €/L","img":"https://fd16-photos.leclercdrive.fr/image.ashx?id=2663977&use=l&cat=p&typeid=i","cat":284630},{"id":3630,"n":"Filets colin Alaska Pêche océan 4 tranches - MSC - 400g","p":2.49,"u":"6,23 €/KG","img":"https://fd16-photos.leclercdrive.fr/image.ashx?id=2930087&use=l&cat=p&typeid=i","cat":319786},{"id":3638,"n":"Fromage Mini Caprice Des Dieux 3 Portions - 150g","p":2.72,"u":"18,13 €/KG","img":"https://fd16-photos.leclercdrive.fr/image.ashx?id=2217434&use=l&cat=p&typeid=i","cat":314033},{"id":3641,"n":"Fromage Apéritif Apérivrais  Saveurs d'Italie - 100g","p":2.08,"u":"20,80 €/KG","img":"https://fd16-photos.leclercdrive.fr/image.ashx?id=2944705&use=l&cat=p&typeid=i","cat":314027},{"id":3643,"n":"Scotch Whisky Baird's 40%vol - 70cl","p":10.99,"u":"15,70 €/L","img":"https://fd16-photos.leclercdrive.fr/image.ashx?id=2907159&use=l&cat=p&typeid=i","cat":284547},{"id":3665,"n":"Beurrier Président Demi-sel - 80% MG - 250g","p":3.22,"u":"12,88 €/KG","img":"https://fd16-photos.leclercdrive.fr/image.ashx?id=2731849&use=l&cat=p&typeid=i","cat":284379},{"id":3684,"n":"Eau gazeuse Rozana 6x1L","p":2.65,"u":"0,44 €/L","img":"https://fd16-photos.leclercdrive.fr/image.ashx?id=2870602&use=l&cat=p&typeid=i","cat":284536},{"id":3688,"n":"Ile gourmande Yoplait Vanille - 6x101g","p":2.92,"u":"4,82 €/KG","img":"https://fd16-photos.leclercdrive.fr/image.ashx?id=2731654&use=l&cat=p&typeid=i","cat":284419},{"id":3694,"n":"Pâtes Torti Legumes Panzani - 500G","p":1.3,"u":"2,60 €/KG","img":"https://fd16-photos.leclercdrive.fr/image.ashx?id=2876032&use=l&cat=p&typeid=i","cat":284427},{"id":3712,"n":"Emincé poulet Côté Table Sauce curry - 300g","p":2.02,"u":"6,73 €/KG","img":"https://fd16-photos.leclercdrive.fr/image.ashx?id=2393857&use=l&cat=p&typeid=i","cat":284953},{"id":3713,"n":"Huile d'olive Rustica Vierge extra - 50cl","p":4.8,"u":"9,60 €/L","img":"https://fd16-photos.leclercdrive.fr/image.ashx?id=2930340&use=l&cat=p&typeid=i","cat":284453},{"id":3714,"n":"Serviette hygiénique Doulys Ultra minces - Normal - x16","p":1.03,"u":"0,06 €/P","img":"https://fd16-photos.leclercdrive.fr/image.ashx?id=2838924&use=l&cat=p&typeid=i","cat":284624},{"id":3719,"n":"Gomme Coiffante L'Oréal Paris Effet Remodelable - 150ml","p":3.51,"u":"23,40 €/L","img":"https://fd16-photos.leclercdrive.fr/image.ashx?id=2614194&use=l&cat=p&typeid=i","cat":284609},{"id":3736,"n":"Chocolat Pâtissier Menier Tablette Noir - 200g","p":2.29,"u":"11,45 €/KG","img":"https://fd16-photos.leclercdrive.fr/image.ashx?id=2624146&use=l&cat=p&typeid=i","cat":285562},{"id":3741,"n":"Biscottes fourrées Cracotte LU  Fraise - 200g","p":1.7,"u":"8,50 €/KG","img":"https://fd16-photos.leclercdrive.fr/image.ashx?id=3004807&use=l&cat=p&typeid=i","cat":284479},{"id":3742,"n":"Goûter Moelleux P'tit déli   Lait cacao et coco x10 420g","p":2.63,"u":"6,26 €/KG","img":"https://fd16-photos.leclercdrive.fr/image.ashx?id=2523691&use=l&cat=p&typeid=i","cat":284495},{"id":3743,"n":"Mini brownie Brossard Chocolat pépites x8 - 240g","p":2.66,"u":"11,08 €/KG","img":"https://fd16-photos.leclercdrive.fr/image.ashx?id=2965100&use=l&cat=p&typeid=i","cat":294776},{"id":3748,"n":"Soufflés Grignot' Tokapi  Saveur Fromage - 90g","p":0.72,"u":"8,00 €/KG","img":"https://fd16-photos.leclercdrive.fr/image.ashx?id=1956625&use=l&cat=p&typeid=i","cat":284449},{"id":3756,"n":"Mélange Exotique Tokapi  Bananes et papaye - 120g","p":1.47,"u":"12,25 €/KG","img":"https://fd16-photos.leclercdrive.fr/image.ashx?id=2793991&use=l&cat=p&typeid=i","cat":284448},{"id":3758,"n":"Sachet repas chats Gourmet 4 variétés de filets - 4x85g","p":1.9,"u":"5,59 €/KG","img":"https://fd16-photos.leclercdrive.fr/image.ashx?id=2902274&use=l&cat=p&typeid=i","cat":285286},{"id":3759,"n":"Sachet repas chats Gourmet Filets en sachet - 4x85g","p":1.89,"u":"5,56 €/KG","img":"https://fd16-photos.leclercdrive.fr/image.ashx?id=2902337&use=l&cat=p&typeid=i","cat":285286},{"id":3773,"n":"Feuilletés paniers Côté Table Jambon fromage - 4x100g","p":2.15,"u":"5,38 €/KG","img":"https://fd16-photos.leclercdrive.fr/image.ashx?id=2549382&use=l&cat=p&typeid=i","cat":319776},{"id":3775,"n":"Feuilletés paniers Côté Table Fromage de chèvre - 4x100g","p":2.95,"u":"7,38 €/KG","img":"https://fd16-photos.leclercdrive.fr/image.ashx?id=2549385&use=l&cat=p&typeid=i","cat":319776},{"id":3777,"n":"Légumes couscous Notre jardin 1kg","p":1.99,"u":"1,99 €/KG","img":"https://fd16-photos.leclercdrive.fr/image.ashx?id=2900031&use=l&cat=p&typeid=i","cat":319823},{"id":3786,"n":"Poisson pané Pêche Océan MSC - x20 - 1kg","p":6.95,"u":"6,95 €/KG","img":"https://fd16-photos.leclercdrive.fr/image.ashx?id=2930105&use=l&cat=p&typeid=i","cat":319788},{"id":3796,"n":"Croquettes poisson Pêche Océan MSC - x6 - 300g","p":1.72,"u":"5,73 €/KG","img":"https://fd16-photos.leclercdrive.fr/image.ashx?id=2856157&use=l&cat=p&typeid=i","cat":319788},{"id":3827,"n":"Ailes poulet rôti mexicain Maître Coq - 1kg","p":7.0,"u":"7,00 €/KG","img":"https://fd16-photos.leclercdrive.fr/image.ashx?id=2094319&use=l&cat=p&typeid=i","cat":333685},{"id":3828,"n":"Pansements Mercurochrome Economiques x20","p":2.73,"img":"https://fd16-photos.leclercdrive.fr/image.ashx?id=2748269&use=l&cat=p&typeid=i","cat":284630},{"id":3844,"n":"Sirop érable Maple Joe Du Canada - 250g","p":3.89,"u":"15,56 €/KG","img":"https://fd16-photos.leclercdrive.fr/image.ashx?id=2656559&use=l&cat=p&typeid=i","cat":287643},{"id":3862,"n":"Cacahuètes grillées Tokapi Salées - 500g","p":1.44,"u":"2,88 €/KG","img":"https://fd16-photos.leclercdrive.fr/image.ashx?id=2795532&use=l&cat=p&typeid=i","cat":284448},{"id":3864,"n":"Jus multifruits Jafaden 12 fruits - 1L","p":1.33,"u":"1,33 €/L","img":"https://fd16-photos.leclercdrive.fr/image.ashx?id=2188682&use=l&cat=p&typeid=i","cat":284917},{"id":3871,"n":"Pain grillé Pelletier Blé complet - 500g","p":1.96,"u":"3,92 €/KG","img":"https://fd16-photos.leclercdrive.fr/image.ashx?id=2345376&use=l&cat=p&typeid=i","cat":284479},{"id":3923,"n":"Bacon burger Charal 2x155g","p":6.33,"u":"20,42 €/KG","img":"https://fd16-photos.leclercdrive.fr/image.ashx?id=2547092&use=l&cat=p&typeid=i","cat":333671},{"id":3924,"n":"Cheese Burger Charal Viande bovine française 2x145g","p":6.02,"u":"20,76 €/KG","img":"https://fd16-photos.leclercdrive.fr/image.ashx?id=2516095&use=l&cat=p&typeid=i","cat":333671},{"id":3926,"n":"Hot dog Charal 120g","p":2.45,"u":"20,42 €/KG","img":"https://fd16-photos.leclercdrive.fr/image.ashx?id=2653465&use=l&cat=p&typeid=i","cat":333671},{"id":3944,"n":"Jus multifruits Jafaden Briquettes - 6x20cl","p":1.79,"u":"1,49 €/L","img":"https://fd16-photos.leclercdrive.fr/image.ashx?id=2751880&use=l&cat=p&typeid=i","cat":284524},{"id":3946,"n":"Pâtes Barilla Spaghettoni n°7 - 500g","p":0.99,"u":"1,98 €/KG","img":"https://fd16-photos.leclercdrive.fr/image.ashx?id=2392221&use=l&cat=p&typeid=i","cat":284427},{"id":3951,"n":"Sucre vanillé Tablier blanc x10 75g","p":0.79,"u":"10,53 €/KG","img":"https://fd16-photos.leclercdrive.fr/image.ashx?id=2487431&use=l&cat=p&typeid=i","cat":294686},{"id":3955,"n":"Ravioli pur bœuf  Panzani - 400g","p":1.61,"u":"4,03 €/KG","img":"https://fd16-photos.leclercdrive.fr/image.ashx?id=2876050&use=l&cat=p&typeid=i","cat":284442},{"id":3960,"n":"Haricots Mungo  Notre Jardin 3x90g","p":1.99,"u":"7,37 €/KG","img":"https://fd16-photos.leclercdrive.fr/image.ashx?id=2174678&use=l&cat=p&typeid=i","cat":312611},{"id":3980,"n":"Sauce bolognaise Turini 680g","p":2.44,"u":"3,59 €/KG","img":"https://fd16-photos.leclercdrive.fr/image.ashx?id=2634863&use=l&cat=p&typeid=i","cat":287599},{"id":3981,"n":"Petits pois carottes Extra fins Notre Jardin - 3x130g","p":1.69,"u":"4,33 €/KG","img":"https://fd16-photos.leclercdrive.fr/image.ashx?id=2537346&use=l&cat=p&typeid=i","cat":312607},{"id":3983,"n":"Flageolets verts Notre Jardin Extra fins - 3x130g","p":1.99,"u":"5,10 €/KG","img":"https://fd16-photos.leclercdrive.fr/image.ashx?id=2573199&use=l&cat=p&typeid=i","cat":312606},{"id":3989,"n":"Soda Jean's Cola  2L","p":1.44,"u":"0,72 €/L","img":"https://fd16-photos.leclercdrive.fr/image.ashx?id=2984655&use=l&cat=p&typeid=i","cat":284530},{"id":3991,"n":"Tarte aux 3 fromages Côté Table - 400g","p":2.82,"u":"7,05 €/KG","img":"https://fd16-photos.leclercdrive.fr/image.ashx?id=2791707&use=l&cat=p&typeid=i","cat":284257},{"id":3994,"n":"Tourte Côté Table Champignon jambon - 500g","p":4.99,"u":"9,98 €/KG","img":"https://fd16-photos.leclercdrive.fr/image.ashx?id=2791680&use=l&cat=p&typeid=i","cat":284257},{"id":3996,"n":"Hachis parmentier Côté table 600g","p":3.52,"u":"5,87 €/KG","img":"https://fd16-photos.leclercdrive.fr/image.ashx?id=2045181&use=l&cat=p&typeid=i","cat":284254},{"id":3997,"n":"Hachis parmentier Côté table 1kg","p":4.83,"u":"4,83 €/KG","img":"https://fd16-photos.leclercdrive.fr/image.ashx?id=2045172&use=l&cat=p&typeid=i","cat":284254},{"id":3998,"n":"Frites allumettes Pom'lisse Au four - 600g","p":1.24,"u":"2,07 €/KG","img":"https://fd16-photos.leclercdrive.fr/image.ashx?id=2699666&use=l&cat=p&typeid=i","cat":319791},{"id":3999,"n":"Crêpes Côté Table Champignons x6 - 300g","p":1.88,"u":"6,27 €/KG","img":"https://fd16-photos.leclercdrive.fr/image.ashx?id=2499352&use=l&cat=p&typeid=i","cat":319776},{"id":4008,"n":"Julienne légumes Notre jardin 600g","p":1.38,"u":"2,30 €/KG","img":"https://fd16-photos.leclercdrive.fr/image.ashx?id=2873102&use=l&cat=p&typeid=i","cat":319823},{"id":4009,"n":"Printanière légumes Notre jardin 1kg","p":1.47,"u":"1,47 €/KG","img":"https://fd16-photos.leclercdrive.fr/image.ashx?id=2873033&use=l&cat=p&typeid=i","cat":319823},{"id":4024,"n":"Sauce crudité Rustica Nature - 50cl","p":0.88,"u":"1,76 €/L","img":"https://fd16-photos.leclercdrive.fr/image.ashx?id=1972910&use=l&cat=p&typeid=i","cat":284456},{"id":4025,"n":"Pois chiches Notre Jardin 530g","p":1.19,"u":"2,25 €/KG","img":"https://fd16-photos.leclercdrive.fr/image.ashx?id=2988006&use=l&cat=p&typeid=i","cat":312609},{"id":4026,"n":"Cuisses poulet rôti Le gaulois x2 - 350g","p":4.3,"u":"12,29 €/KG","img":"https://fd16-photos.leclercdrive.fr/image.ashx?id=2277122&use=l&cat=p&typeid=i","cat":284336},{"id":4028,"n":"Filets poulet rôti Le gaulois 230g","p":4.4,"u":"19,13 €/KG","img":"https://fd16-photos.leclercdrive.fr/image.ashx?id=2686879&use=l&cat=p&typeid=i","cat":284336},{"id":4063,"n":"Cidre bouché Les Goelleries Normand doux 2%vol. - 75cl","p":1.79,"u":"2,39 €/L","img":"https://fd16-photos.leclercdrive.fr/image.ashx?id=2842202&use=l&cat=p&typeid=i","cat":334880},{"id":4120,"n":"Bouchées chocolatées Mon Chéri Liqueur cerise x16 - 168g","p":5.59,"u":"33,27 €/KG","img":"https://fd16-photos.leclercdrive.fr/image.ashx?id=2964018&use=l&cat=p&typeid=i","cat":327601},{"id":4193,"n":"Noix NRT 500g","p":3.99,"u":"7,98 €/KG","img":"https://fd16-photos.leclercdrive.fr/image.ashx?id=2321947&use=l&cat=p&typeid=i","cat":284357},{"id":4258,"n":"Glace Tyrolia Eskiss 320g","p":2.03,"u":"6,34 €/KG","img":"https://fd16-photos.leclercdrive.fr/image.ashx?id=2075663&use=l&cat=p&typeid=i","cat":284266},{"id":4259,"n":"Pâtes spaghetti Panzani 1kg","p":1.72,"u":"1,72 €/KG","img":"https://fd16-photos.leclercdrive.fr/image.ashx?id=2869555&use=l&cat=p&typeid=i","cat":284427},{"id":4260,"n":"Biscuits sablés P'tit Déli Chocolat au lait - 200g","p":1.19,"u":"5,95 €/KG","img":"https://fd16-photos.leclercdrive.fr/image.ashx?id=2768457&use=l&cat=p&typeid=i","cat":284488},{"id":4289,"n":"Boisson apéritif Voltano Base de vin rosso 14.4%vol 1L","p":4.75,"u":"4,75 €/L","img":"https://fd16-photos.leclercdrive.fr/image.ashx?id=2473957&use=l&cat=p&typeid=i","cat":284913},{"id":4381,"n":"Safran poudre Rustica 3 doses de 0,1g","p":2.96,"img":"https://fd16-photos.leclercdrive.fr/image.ashx?id=2797769&use=l&cat=p&typeid=i","cat":298297},{"id":4407,"n":"Biscuits duo glacier P'tit Déli 100g","p":1.25,"u":"12,50 €/KG","img":"https://fd16-photos.leclercdrive.fr/image.ashx?id=2874687&use=l&cat=p&typeid=i","cat":284487},{"id":4412,"n":"Boisson énergisante Red Bull 250ml","p":1.12,"u":"4,48 €/L","img":"https://fd16-photos.leclercdrive.fr/image.ashx?id=2340300&use=l&cat=p&typeid=i","cat":284533},{"id":4431,"n":"Plumeaux Clair jetables Avec poignée x5","p":3.03,"img":"https://fd16-photos.leclercdrive.fr/image.ashx?id=561719&use=l&cat=p&typeid=i","cat":325364},{"id":4438,"n":"Hot Dog Charal ketchup 120g","p":2.45,"u":"20,42 €/KG","img":"https://fd16-photos.leclercdrive.fr/image.ashx?id=2264734&use=l&cat=p&typeid=i","cat":333671},{"id":4497,"n":"Gomme Esquisse Caoutchouc","p":0.5,"img":"https://fd16-photos.leclercdrive.fr/image.ashx?id=2943211&use=l&cat=p&typeid=i","cat":334133},{"id":4499,"n":"Surligneur Esquisse 4 couleurs fluos - x4","p":1.99,"img":"https://fd16-photos.leclercdrive.fr/image.ashx?id=2943208&use=l&cat=p&typeid=i","cat":284696},{"id":4512,"n":"Pur jus orange Jafaden Sans pulpe - 1L","p":2.43,"u":"2,43 €/L","img":"https://fd16-photos.leclercdrive.fr/image.ashx?id=2916668&use=l&cat=p&typeid=i","cat":285435},{"id":4515,"n":"Pansements Primoplast Pré-découpés x100","p":2.97,"img":"https://fd16-photos.leclercdrive.fr/image.ashx?id=2856459&use=l&cat=p&typeid=i","cat":284630},{"id":4518,"n":"Pomme de terre de consommation N.Jardin entières, épluch. 500g","p":1.35,"u":"2,70 €/KG","img":"https://fd16-photos.leclercdrive.fr/image.ashx?id=2670326&use=l&cat=p&typeid=i","cat":284352},{"id":4519,"n":"Bande à découper Primoplast Multi-usages - 10x6cm","p":0.79,"img":"https://fd16-photos.leclercdrive.fr/image.ashx?id=2885560&use=l&cat=p&typeid=i","cat":284630},{"id":4524,"n":"Filtre café Eco+ N°4 - x100","p":0.99,"u":"0,01 €/P","img":"https://fd16-photos.leclercdrive.fr/image.ashx?id=2905195&use=l&cat=p&typeid=i","cat":284751},{"id":4538,"n":"Crème pieds Scholl Réparatrice - 75ml","p":3.7,"u":"49,33 €/L","img":"https://fd16-photos.leclercdrive.fr/image.ashx?id=3011803&use=l&cat=p&typeid=i","cat":325354},{"id":4574,"n":"Haché à la tomate Charal 10x100g - 1kg","p":8.27,"u":"8,27 €/KG","img":"https://fd16-photos.leclercdrive.fr/image.ashx?id=2731744&use=l&cat=p&typeid=i","cat":319778},{"id":4622,"n":"Betterave Notre Jardin En cubes - 500g","p":0.99,"u":"1,98 €/KG","img":"https://fd16-photos.leclercdrive.fr/image.ashx?id=2551621&use=l&cat=p&typeid=i","cat":284352},{"id":4624,"n":"Dattes Couleurs Vives 500g","p":2.75,"u":"5,50 €/KG","img":"https://fd16-photos.leclercdrive.fr/image.ashx?id=2542926&use=l&cat=p&typeid=i","cat":284357},{"id":4625,"n":"Arachides coques Couleurs Vives Grillées - 500g","p":2.45,"u":"4,90 €/KG","img":"https://fd16-photos.leclercdrive.fr/image.ashx?id=2886439&use=l&cat=p&typeid=i","cat":284448},{"id":4626,"n":"Vinaigrette Rustica Nature - 50cl","p":0.88,"u":"1,76 €/L","img":"https://fd16-photos.leclercdrive.fr/image.ashx?id=1972898&use=l&cat=p&typeid=i","cat":284456},{"id":4627,"n":"Vinaigre de Xérès Rustica 50cl","p":1.99,"u":"3,98 €/L","img":"https://fd16-photos.leclercdrive.fr/image.ashx?id=2603581&use=l&cat=p&typeid=i","cat":298543},{"id":4628,"n":"Moutarde de Dijon Rustica  Fine et forte - 440g","p":1.13,"u":"2,57 €/KG","img":"https://fd16-photos.leclercdrive.fr/image.ashx?id=2954340&use=l&cat=p&typeid=i","cat":288850},{"id":4629,"n":"Moutarde à l'ancienne Rustica Vinaigre - 350g","p":1.12,"u":"3,20 €/KG","img":"https://fd16-photos.leclercdrive.fr/image.ashx?id=2055467&use=l&cat=p&typeid=i","cat":288850},{"id":4630,"n":"Pâté piment d'Espelette NRT Label Rouge - 180g","p":2.39,"u":"13,28 €/KG","img":"https://fd16-photos.leclercdrive.fr/image.ashx?id=2991485&use=l&cat=p&typeid=i","cat":305149},{"id":4640,"n":"Petits pois carottes Notre Jard Extra fins - 420g","p":1.35,"u":"3,21 €/KG","img":"https://fd16-photos.leclercdrive.fr/image.ashx?id=2987943&use=l&cat=p&typeid=i","cat":312607},{"id":4641,"n":"Croquettes chaton Purina One Junior - Poulet/Céréales - 450g","p":2.63,"u":"5,84 €/KG","img":"https://fd16-photos.leclercdrive.fr/image.ashx?id=2499883&use=l&cat=p&typeid=i","cat":284680},{"id":4679,"n":"Gel WC nettoyant Syphon Javel eucalyptus - 750ml","p":0.87,"u":"1,16 €/L","img":"https://fd16-photos.leclercdrive.fr/image.ashx?id=2663359&use=l&cat=p&typeid=i","cat":284662},{"id":4688,"n":"Pâtes Blé complet Barilla Penne Rigate Integrale - 500g","p":1.17,"u":"2,34 €/KG","img":"https://fd16-photos.leclercdrive.fr/image.ashx?id=2986954&use=l&cat=p&typeid=i","cat":284427},{"id":4863,"n":"Tampons Doulys Digitaux Normal - x24","p":1.24,"u":"0,05 €/P","img":"https://fd16-photos.leclercdrive.fr/image.ashx?id=2965401&use=l&cat=p&typeid=i","cat":284626},{"id":4876,"n":"Petits pots bébé NATURNES Carottes 4M+ - 2x130g","p":1.13,"u":"4,35 €/KG","img":"https://fd16-photos.leclercdrive.fr/image.ashx?id=2522398&use=l&cat=p&typeid=i","cat":312234},{"id":4877,"n":"Petits pots bébé NATURNES Haricots Verts 4M+ - 2x130g","p":1.15,"u":"4,42 €/KG","img":"https://fd16-photos.leclercdrive.fr/image.ashx?id=2522401&use=l&cat=p&typeid=i","cat":312234},{"id":4878,"n":"Petits pots bébé NATURNES Petits Pois 4M+ - 2x130g","p":1.14,"u":"4,38 €/KG","img":"https://fd16-photos.leclercdrive.fr/image.ashx?id=2536182&use=l&cat=p&typeid=i","cat":312234},{"id":4879,"n":"Petits pots bébé NATURNES Courgettes 4M+ - 2x130g","p":1.01,"u":"3,88 €/KG","img":"https://fd16-photos.leclercdrive.fr/image.ashx?id=2532249&use=l&cat=p&typeid=i","cat":312234},{"id":4880,"n":"Petits pots bébé NATURNES Epinards 4M+ - 2x130g","p":1.09,"u":"4,19 €/KG","img":"https://fd16-photos.leclercdrive.fr/image.ashx?id=2736973&use=l&cat=p&typeid=i","cat":312234},{"id":4881,"n":"Petits pots bébé NATURNES Potiron 4M+ - 2x130g","p":1.03,"u":"3,96 €/KG","img":"https://fd16-photos.leclercdrive.fr/image.ashx?id=2532252&use=l&cat=p&typeid=i","cat":312234},{"id":4903,"n":"Purée de fruit NATURNES Pommes Pruneaux 4M+ - 4x130g","p":2.28,"u":"4,38 €/KG","img":"https://fd16-photos.leclercdrive.fr/image.ashx?id=2571770&use=l&cat=p&typeid=i","cat":312387},{"id":4905,"n":"Purée de fruit NATURNES Pomme banane 4M+ - 4x130g","p":2.18,"u":"4,19 €/KG","img":"https://fd16-photos.leclercdrive.fr/image.ashx?id=2599937&use=l&cat=p&typeid=i","cat":312387},{"id":4909,"n":"Purée de fruit NATURNES Fruits du soleil 8M+ - 4x130g","p":2.21,"u":"4,25 €/KG","img":"https://fd16-photos.leclercdrive.fr/image.ashx?id=2629647&use=l&cat=p&typeid=i","cat":312388},{"id":4910,"n":"Purée de fruit NATURNES 6M+ Pomme Fraise Myrtilles - 4x130g","p":2.26,"u":"4,35 €/KG","img":"https://fd16-photos.leclercdrive.fr/image.ashx?id=2478399&use=l&cat=p&typeid=i","cat":312388},{"id":4922,"n":"Cracotte Lu Craquinette Choco noisette - 216g","p":2.25,"u":"10,42 €/KG","img":"https://fd16-photos.leclercdrive.fr/image.ashx?id=2474206&use=l&cat=p&typeid=i","cat":284479},{"id":4988,"n":"Beurre Moulé Paysan Breton Doux - 82%MG - 500g","p":6.25,"u":"12,50 €/KG","img":"https://fd16-photos.leclercdrive.fr/image.ashx?id=2774496&use=l&cat=p&typeid=i","cat":284379},{"id":4996,"n":"Cordon bleu Le Gaulois Dinde - 200g","p":2.4,"u":"12,00 €/KG","img":"https://fd16-photos.leclercdrive.fr/image.ashx?id=2860220&use=l&cat=p&typeid=i","cat":333683},{"id":4997,"n":"Gésiers de volaille Le Gaulois 300g","p":3.4,"u":"11,33 €/KG","img":"https://fd16-photos.leclercdrive.fr/image.ashx?id=2732722&use=l&cat=p&typeid=i","cat":284715},{"id":5000,"n":"Frites de poulet Le Gaulois Panées France - 200g","p":2.49,"u":"12,45 €/KG","img":"https://fd16-photos.leclercdrive.fr/image.ashx?id=2261657&use=l&cat=p&typeid=i","cat":333684},{"id":5005,"n":"Rôti filet de dinde le Gaulois 600g","p":8.99,"u":"14,98 €/KG","img":"https://fd16-photos.leclercdrive.fr/image.ashx?id=2263889&use=l&cat=p&typeid=i","cat":284337},{"id":5015,"n":"Yaourts Les Zaros Délisse Fruits panachés - 16x125g","p":2.48,"u":"1,24 €/KG","img":"https://fd16-photos.leclercdrive.fr/image.ashx?id=2970444&use=l&cat=p&typeid=i","cat":284414},{"id":5017,"n":"Betterave rouge Notre Jardin Entière cuite sous vide - 500g","p":0.72,"u":"1,44 €/KG","img":"https://fd16-photos.leclercdrive.fr/image.ashx?id=2885116&use=l&cat=p&typeid=i","cat":284352},{"id":5021,"n":"Crottin de chèvre Les Croisés 23%mg - 2x60g","p":1.78,"u":"14,83 €/KG","img":"https://fd16-photos.leclercdrive.fr/image.ashx?id=2891878&use=l&cat=p&typeid=i","cat":314031},{"id":5026,"n":"Ravioli Turini Boeuf aux oignons - 300g","p":1.53,"u":"5,10 €/KG","img":"https://fd16-photos.leclercdrive.fr/image.ashx?id=2778036&use=l&cat=p&typeid=i","cat":333682},{"id":5032,"n":"Pizza Turini Chorizo - 450g","p":2.69,"u":"5,98 €/KG","img":"https://fd16-photos.leclercdrive.fr/image.ashx?id=2989649&use=l&cat=p&typeid=i","cat":333679},{"id":5037,"n":"Gésiers de volaille Volandrie 300g","p":2.49,"u":"8,30 €/KG","img":"https://fd16-photos.leclercdrive.fr/image.ashx?id=2814860&use=l&cat=p&typeid=i","cat":284715},{"id":5041,"n":"Fromage blanc Déli'light Nature 0% MG - 1kg","p":1.79,"u":"1,79 €/KG","img":"https://fd16-photos.leclercdrive.fr/image.ashx?id=2834238&use=l&cat=p&typeid=i","cat":315000},{"id":5042,"n":"Fromage raclette Les Croisés 3 variétés - 26%mg - 700g","p":9.29,"u":"13,27 €/KG","img":"https://fd16-photos.leclercdrive.fr/image.ashx?id=2791755&use=l&cat=p&typeid=i","cat":314037},{"id":5044,"n":"Fromage à tartiner Les Croisés  Ail et fines herbes 25%mg 150g","p":1.29,"u":"8,60 €/KG","img":"https://fd16-photos.leclercdrive.fr/image.ashx?id=2476122&use=l&cat=p&typeid=i","cat":314029},{"id":5045,"n":"Riz au lait Délisse Vanille - 8x115g","p":2.08,"u":"2,26 €/KG","img":"https://fd16-photos.leclercdrive.fr/image.ashx?id=2489116&use=l&cat=p&typeid=i","cat":284418},{"id":5046,"n":"Roquefort NRT AOP  Fromage de brebis -150g","p":2.99,"u":"19,93 €/KG","img":"https://fd16-photos.leclercdrive.fr/image.ashx?id=2771046&use=l&cat=p&typeid=i","cat":314032},{"id":5047,"n":"Gratte éponge Spontex Sans rinçage x3","p":1.35,"u":"0,45 €/P","img":"https://fd16-photos.leclercdrive.fr/image.ashx?id=2975783&use=l&cat=p&typeid=i","cat":284667},{"id":5049,"n":"Whisky Sir Edward's 40%vol - 1L","p":16.88,"pp":15.19,"u":"15,19 €/L","img":"https://fd16-photos.leclercdrive.fr/image.ashx?id=2510747&use=l&cat=p&typeid=i","cat":284547},{"id":5073,"n":"Muscat Olympio Samos 75cl","p":4.52,"u":"6,03 €/L","img":"https://fd16-photos.leclercdrive.fr/image.ashx?id=2504077&use=l&cat=p&typeid=i","cat":284913},{"id":5078,"n":"Sucres morceaux Béghin Say n°4 1kg","p":1.88,"u":"1,88 €/KG","img":"https://fd16-photos.leclercdrive.fr/image.ashx?id=2860172&use=l&cat=p&typeid=i","cat":284502},{"id":5080,"n":"Sucre poudre Béghin Say Etui 1kg","p":1.8,"u":"1,80 €/KG","img":"https://fd16-photos.leclercdrive.fr/image.ashx?id=2866346&use=l&cat=p&typeid=i","cat":284502},{"id":5082,"n":"Sucre blanc Beghin Say Spécial confiture - 1kg","p":3.03,"u":"3,03 €/KG","img":"https://fd16-photos.leclercdrive.fr/image.ashx?id=2666761&use=l&cat=p&typeid=i","cat":284502},{"id":5099,"n":"Huile touche d'olive Isio 4 1L","p":5.08,"u":"5,08 €/L","img":"https://fd16-photos.leclercdrive.fr/image.ashx?id=2918724&use=l&cat=p&typeid=i","cat":284453},{"id":5102,"n":"Cacahuètes Maître Prunille Chouchou sucrées - 500g","p":4.45,"u":"8,90 €/KG","img":"https://fd16-photos.leclercdrive.fr/image.ashx?id=2234018&use=l&cat=p&typeid=i","cat":284357},{"id":5103,"n":"Biscuits Maître Prunille Japonais - 250g","p":3.9,"u":"15,60 €/KG","img":"https://fd16-photos.leclercdrive.fr/image.ashx?id=2234021&use=l&cat=p&typeid=i","cat":316002},{"id":5107,"n":"Huile d'arachide Rustica  1L","p":3.55,"u":"3,55 €/L","img":"https://fd16-photos.leclercdrive.fr/image.ashx?id=3002509&use=l&cat=p&typeid=i","cat":284453},{"id":5110,"n":"Pâtes Coquillettes Turini  1kg","p":1.35,"u":"1,35 €/KG","img":"https://fd16-photos.leclercdrive.fr/image.ashx?id=2980441&use=l&cat=p&typeid=i","cat":284427},{"id":5111,"n":"Couscous Comptoir du grain Grain fin - 500g","p":1.27,"u":"2,54 €/KG","img":"https://fd16-photos.leclercdrive.fr/image.ashx?id=3012806&use=l&cat=p&typeid=i","cat":284429},{"id":5112,"n":"Chocolat blanc Tablette d'Or Blanc - 2x100g","p":2.23,"u":"11,15 €/KG","img":"https://fd16-photos.leclercdrive.fr/image.ashx?id=2790880&use=l&cat=p&typeid=i","cat":284957},{"id":5115,"n":"Biscuits Croustillants Tokapi Bacon-  85g","p":0.99,"u":"11,65 €/KG","img":"https://fd16-photos.leclercdrive.fr/image.ashx?id=2632837&use=l&cat=p&typeid=i","cat":297000},{"id":5116,"n":"Crème de pêche Auguste Muniot 15%vol. - 50cl","p":4.99,"u":"9,98 €/L","img":"https://fd16-photos.leclercdrive.fr/image.ashx?id=2753360&use=l&cat=p&typeid=i","cat":286032},{"id":5117,"n":"Café soluble Plantation Qualité filtre - 200g","p":4.4,"u":"22,00 €/KG","img":"https://fd16-photos.leclercdrive.fr/image.ashx?id=2834269&use=l&cat=p&typeid=i","cat":284843},{"id":5121,"n":"Café moulu Plantation Ethiopie - 250g","p":3.89,"u":"15,56 €/KG","img":"https://fd16-photos.leclercdrive.fr/image.ashx?id=2607434&use=l&cat=p&typeid=i","cat":284750},{"id":5125,"n":"Farine de blé bio T65 Bio Village - 1kg","p":0.99,"u":"0,99 €/KG","img":"https://fd16-photos.leclercdrive.fr/image.ashx?id=2448418&use=l&cat=p&typeid=i","cat":284503},{"id":5126,"n":"Riz long Comptoir du Grain Cuisson rapide 10min - 1kg","p":1.69,"u":"1,69 €/KG","img":"https://fd16-photos.leclercdrive.fr/image.ashx?id=2764137&use=l&cat=p&typeid=i","cat":284428},{"id":5128,"n":"Chips Pom'lisse Bolognaise - 135g","p":1.29,"u":"9,56 €/KG","img":"https://fd16-photos.leclercdrive.fr/image.ashx?id=2919604&use=l&cat=p&typeid=i","cat":284447},{"id":5132,"n":"Croûtons Epi d'Or Nature - 2x90g","p":0.99,"u":"5,50 €/KG","img":"https://fd16-photos.leclercdrive.fr/image.ashx?id=2606037&use=l&cat=p&typeid=i","cat":284464},{"id":5158,"n":"Déodorant Bille Femme Nivea Dry Confort 72H - 50ml","p":2.24,"u":"44,80 €/L","img":"https://fd16-photos.leclercdrive.fr/image.ashx?id=2871058&use=l&cat=p&typeid=i","cat":284595},{"id":5166,"n":"Sucettes Chupa Chups The Best x16 192g","p":1.83,"u":"9,53 €/KG","img":"https://fd16-photos.leclercdrive.fr/image.ashx?id=2647654&use=l&cat=p&typeid=i","cat":304250},{"id":5176,"n":"Pâtes Alphabet Panzani 500g","p":1.28,"u":"2,56 €/KG","img":"https://fd16-photos.leclercdrive.fr/image.ashx?id=2896063&use=l&cat=p&typeid=i","cat":284427},{"id":5227,"n":"Pâtes Lustucru coquillettes Oeufs frais - 250g","p":0.94,"u":"3,76 €/KG","img":"https://fd16-photos.leclercdrive.fr/image.ashx?id=2519474&use=l&cat=p&typeid=i","cat":284427},{"id":5228,"n":"Pâtes Lustucru spaghetti courts Oeufs frais - 250g","p":0.94,"u":"3,76 €/KG","img":"https://fd16-photos.leclercdrive.fr/image.ashx?id=2519477&use=l&cat=p&typeid=i","cat":284427},{"id":5252,"n":"Pansements Primoplast Spécial articulations 10 bandes","p":1.99,"img":"https://fd16-photos.leclercdrive.fr/image.ashx?id=2856420&use=l&cat=p&typeid=i","cat":284630},{"id":5253,"n":"Pansements Primoplast Spécial Articulations x30","p":1.59,"img":"https://fd16-photos.leclercdrive.fr/image.ashx?id=2832912&use=l&cat=p&typeid=i","cat":284630},{"id":5254,"n":"Croc's jambon Côté Croc Dinde x2 - 100g","p":1.72,"u":"8,60 €/KG","img":"https://fd16-photos.leclercdrive.fr/image.ashx?id=2449760&use=l&cat=p&typeid=i","cat":333683},{"id":5256,"n":"Bonbons Copains Copines Assortiment - 750g","p":3.85,"u":"5,13 €/KG","img":"https://fd16-photos.leclercdrive.fr/image.ashx?id=2934652&use=l&cat=p&typeid=i","cat":304250},{"id":5261,"n":"Fromage blanc Délisse Nature 7.8% MG - 8x100g","p":2.89,"u":"3,61 €/KG","img":"https://fd16-photos.leclercdrive.fr/image.ashx?id=3012812&use=l&cat=p&typeid=i","cat":284409},{"id":5263,"n":"Yaourts Pulpe de fruits Délisse Panaché de fruits - 16x100g","p":3.54,"u":"2,21 €/KG","img":"https://fd16-photos.leclercdrive.fr/image.ashx?id=2595534&use=l&cat=p&typeid=i","cat":284414},{"id":5265,"n":"Piémontaise Menu Fraîcheur  Au jambon - 300g","p":1.59,"u":"5,30 €/KG","img":"https://fd16-photos.leclercdrive.fr/image.ashx?id=2901425&use=l&cat=p&typeid=i","cat":333657},{"id":5271,"n":"Betteraves Menu Fraîcheur  Rouge en dés - 300g","p":1.19,"u":"3,97 €/KG","img":"https://fd16-photos.leclercdrive.fr/image.ashx?id=2552418&use=l&cat=p&typeid=i","cat":333657},{"id":5281,"n":"Yaourts Petits Délis Chocolat - 6x100g","p":1.91,"u":"3,18 €/KG","img":"https://fd16-photos.leclercdrive.fr/image.ashx?id=2865188&use=l&cat=p&typeid=i","cat":284414},{"id":5284,"n":"Foies de volaille Volandrie confits - 300g","p":2.7,"u":"9,00 €/KG","img":"https://fd16-photos.leclercdrive.fr/image.ashx?id=2814857&use=l&cat=p&typeid=i","cat":284715},{"id":5288,"n":"Crème dessert Petits Délis Chocolat et lait - 6x70g","p":1.3,"u":"3,10 €/KG","img":"https://fd16-photos.leclercdrive.fr/image.ashx?id=2572061&use=l&cat=p&typeid=i","cat":285041},{"id":5289,"n":"Torti au surimi Menu Fraîcheur 300g","p":1.7,"u":"5,67 €/KG","img":"https://fd16-photos.leclercdrive.fr/image.ashx?id=2965443&use=l&cat=p&typeid=i","cat":333657},{"id":5291,"n":"Cordon bleu Côté Croc Dinde - 400g","p":3.67,"u":"9,18 €/KG","img":"https://fd16-photos.leclercdrive.fr/image.ashx?id=2915116&use=l&cat=p&typeid=i","cat":333683},{"id":5293,"n":"Biscuits apéritifs Tokapi 3 saveurs - 100g","p":0.79,"u":"7,90 €/KG","img":"https://fd16-photos.leclercdrive.fr/image.ashx?id=2885768&use=l&cat=p&typeid=i","cat":284449},{"id":5296,"n":"Crème dessert Délisse Chocolat blanc - 4x125g","p":1.36,"u":"2,72 €/KG","img":"https://fd16-photos.leclercdrive.fr/image.ashx?id=2753475&use=l&cat=p&typeid=i","cat":285041},{"id":5297,"n":"Croque Kebab Père Dodu x2 - 200g","p":2.51,"u":"12,55 €/KG","img":"https://fd16-photos.leclercdrive.fr/image.ashx?id=2957158&use=l&cat=p&typeid=i","cat":333683},{"id":5308,"n":"Biscuits Mini Rollos Pépito Chocolat au lait - 225g","p":1.84,"u":"8,18 €/KG","img":"https://fd16-photos.leclercdrive.fr/image.ashx?id=3014407&use=l&cat=p&typeid=i","cat":284488},{"id":5311,"n":"Petits pois carottes d'Aucy A l'étuvée - Extra fins - 530g","p":1.67,"u":"3,15 €/KG","img":"https://fd16-photos.leclercdrive.fr/image.ashx?id=2426364&use=l&cat=p&typeid=i","cat":312607},{"id":5318,"n":"Biscuits galettes St Michel 130g","p":0.89,"u":"6,85 €/KG","img":"https://fd16-photos.leclercdrive.fr/image.ashx?id=2986149&use=l&cat=p&typeid=i","cat":284487},{"id":5321,"n":"Chocolat poudre Benco 400g","p":2.3,"u":"5,75 €/KG","img":"https://fd16-photos.leclercdrive.fr/image.ashx?id=2871805&use=l&cat=p&typeid=i","cat":293235},{"id":5325,"n":"Confiture Bonne Maman Fraise - 370g","p":1.7,"u":"4,59 €/KG","img":"https://fd16-photos.leclercdrive.fr/image.ashx?id=2474984&use=l&cat=p&typeid=i","cat":284480},{"id":5329,"n":"Saucisses aux lentilles William Saurin - 420g","p":2.14,"u":"5,10 €/KG","img":"https://fd16-photos.leclercdrive.fr/image.ashx?id=2890067&use=l&cat=p&typeid=i","cat":284441},{"id":5339,"n":"Fruits au sirop St Mamet Cocktail - 500g","p":3.49,"u":"6,98 €/KG","img":"https://fd16-photos.leclercdrive.fr/image.ashx?id=2412435&use=l&cat=p&typeid=i","cat":284507},{"id":5342,"n":"Soda Canada Dry Ginger Ale 1,5L","p":1.95,"u":"1,30 €/L","img":"https://fd16-photos.leclercdrive.fr/image.ashx?id=2654674&use=l&cat=p&typeid=i","cat":284531},{"id":5361,"n":"Bière blonde extra forte  Brauperle - 8%vol. - 50cl","p":1.25,"u":"2,50 €/L","img":"https://fd16-photos.leclercdrive.fr/image.ashx?id=1651801&use=l&cat=p&typeid=i","cat":334853},{"id":5362,"n":"Vin mousseux Charles Volner Brut - 12%vol. - 75cl","p":4.3,"u":"5,73 €/L","img":"https://fd16-photos.leclercdrive.fr/image.ashx?id=1592052&use=l&cat=p&typeid=i","cat":284544},{"id":5364,"n":"Fromage blanc Délisse Nature 7% MG - 1kg","p":2.39,"u":"2,39 €/KG","img":"https://fd16-photos.leclercdrive.fr/image.ashx?id=2539454&use=l&cat=p&typeid=i","cat":284409},{"id":5366,"n":"Cire Dépilatoire Siliss Méthode orientale - 250ml","p":3.89,"u":"15,56 €/L","img":"https://fd16-photos.leclercdrive.fr/image.ashx?id=2510717&use=l&cat=p&typeid=i","cat":325351},{"id":5367,"n":"Biscuits tuiles P'tit Déli 100g","p":1.17,"u":"11,70 €/KG","img":"https://fd16-photos.leclercdrive.fr/image.ashx?id=1898889&use=l&cat=p&typeid=i","cat":284487},{"id":5368,"n":"Biscuits Croustillants Tokapi Gouda - 85g","p":0.99,"u":"11,65 €/KG","img":"https://fd16-photos.leclercdrive.fr/image.ashx?id=2507685&use=l&cat=p&typeid=i","cat":297000},{"id":5369,"n":"Légumes couscous Notre Jardin 800g","p":1.49,"u":"1,86 €/KG","img":"https://fd16-photos.leclercdrive.fr/image.ashx?id=2854213&use=l&cat=p&typeid=i","cat":312612},{"id":5381,"n":"Dentifrice Dentamyl Haleine fraîche 75ml","p":1.39,"u":"18,53 €/L","img":"https://fd16-photos.leclercdrive.fr/image.ashx?id=2613828&use=l&cat=p&typeid=i","cat":284612},{"id":5386,"n":"Biscuit Petit beurre P'tit Déli Tablette chocolat lait - 150g","p":1.29,"u":"8,60 €/KG","img":"https://fd16-photos.leclercdrive.fr/image.ashx?id=2949176&use=l&cat=p&typeid=i","cat":284488},{"id":5387,"n":"Boisson soja Calcium Végé 1L Végé - 200g","p":0.9,"u":"0,90 €/L","img":"https://fd16-photos.leclercdrive.fr/image.ashx?id=2859155&use=l&cat=p&typeid=i","cat":316067},{"id":5390,"n":"Crème anglaise Délisse 50cl","p":1.28,"u":"2,56 €/L","img":"https://fd16-photos.leclercdrive.fr/image.ashx?id=3002569&use=l&cat=p&typeid=i","cat":284382},{"id":5391,"n":"Yaourts à boire Délisse 3 parfums - 6x180g","p":2.39,"u":"2,21 €/KG","img":"https://fd16-photos.leclercdrive.fr/image.ashx?id=2757924&use=l&cat=p&typeid=i","cat":284415},{"id":5393,"n":"Fromage blanc Délisse Framboise 5.5% MG - 500g","p":2.39,"u":"4,78 €/KG","img":"https://fd16-photos.leclercdrive.fr/image.ashx?id=3012821&use=l&cat=p&typeid=i","cat":284409},{"id":5396,"n":"Bain de bouche Dentamyl Multi Protection - 500ml","p":1.89,"u":"3,78 €/L","img":"https://fd16-photos.leclercdrive.fr/image.ashx?id=2500806&use=l&cat=p&typeid=i","cat":284613},{"id":5403,"n":"Plumes d'Alsace NRT 250g","p":1.39,"u":"5,56 €/KG","img":"https://fd16-photos.leclercdrive.fr/image.ashx?id=2839971&use=l&cat=p&typeid=i","cat":284427},{"id":5404,"n":"IGP Coquilles d'Alsace NRT 250g","p":1.39,"u":"5,56 €/KG","img":"https://fd16-photos.leclercdrive.fr/image.ashx?id=2839974&use=l&cat=p&typeid=i","cat":284427},{"id":5405,"n":"Saucisse sèche d'Auvergne  NRT - 300g","p":5.74,"u":"19,13 €/KG","img":"https://fd16-photos.leclercdrive.fr/image.ashx?id=2991473&use=l&cat=p&typeid=i","cat":316006},{"id":5406,"n":"Saucisson sec d'Auvergne IGP Nos Régions ont du Talent 300g","p":5.54,"u":"18,47 €/KG","img":"https://fd16-photos.leclercdrive.fr/image.ashx?id=2991476&use=l&cat=p&typeid=i","cat":316006},{"id":5407,"n":"Coquillettes d'Alsace NRT 250g","p":1.39,"u":"5,56 €/KG","img":"https://fd16-photos.leclercdrive.fr/image.ashx?id=2839977&use=l&cat=p&typeid=i","cat":284427},{"id":5465,"n":"Eau de source de Montagne 6x50cl","p":1.67,"u":"0,56 €/L","img":"https://fd16-photos.leclercdrive.fr/image.ashx?id=2727614&use=l&cat=p&typeid=i","cat":284535},{"id":5467,"n":"Papier toilette Parfumé Mimosa Instant zen - x6","p":2.85,"u":"0,48 €/P","img":"https://fd16-photos.leclercdrive.fr/image.ashx?id=1496767&use=l&cat=p&typeid=i","cat":284634},{"id":5468,"n":"Papier toilette Parfumé Mimosa Soleil d'été - x6","p":2.99,"u":"0,50 €/P","img":"https://fd16-photos.leclercdrive.fr/image.ashx?id=2836316&use=l&cat=p&typeid=i","cat":284634},{"id":5472,"n":"Biscuits barquettes P'tit Déli Fraise - 2x120g","p":1.66,"u":"6,92 €/KG","img":"https://fd16-photos.leclercdrive.fr/image.ashx?id=2691168&use=l&cat=p&typeid=i","cat":284489},{"id":5480,"n":"Biscuits Dejeuner REM 3x255g","p":3.28,"u":"4,29 €/KG","img":"https://fd16-photos.leclercdrive.fr/image.ashx?id=3002201&use=l&cat=p&typeid=i","cat":284491},{"id":5497,"n":"Gelée Bonne Maman Cassis - 370g","p":1.7,"u":"4,59 €/KG","img":"https://fd16-photos.leclercdrive.fr/image.ashx?id=2901662&use=l&cat=p&typeid=i","cat":284480},{"id":5498,"n":"Comté des terroirs Entremont 200g","p":3.62,"u":"18,10 €/KG","img":"https://fd16-photos.leclercdrive.fr/image.ashx?id=2474245&use=l&cat=p&typeid=i","cat":314034},{"id":5501,"n":"Sel La Baleine  Fin iodé 125g","p":0.36,"u":"2,88 €/KG","img":"https://fd16-photos.leclercdrive.fr/image.ashx?id=2019879&use=l&cat=p&typeid=i","cat":284457},{"id":5509,"n":"Pâtes Torsades Turini 1kg","p":1.29,"u":"1,29 €/KG","img":"https://fd16-photos.leclercdrive.fr/image.ashx?id=2980767&use=l&cat=p&typeid=i","cat":284427},{"id":5511,"n":"Sparadrap Primoplast Peaux délicates 5mx2.5cm","p":1.48,"img":"https://fd16-photos.leclercdrive.fr/image.ashx?id=2856426&use=l&cat=p&typeid=i","cat":284630},{"id":5512,"n":"Sparadrap Primoplast résistant 5mx2.5cm","p":1.49,"img":"https://fd16-photos.leclercdrive.fr/image.ashx?id=2856435&use=l&cat=p&typeid=i","cat":284630},{"id":5514,"n":"Bande strapping Primoplast Adhésive 2.5mx6cm","p":3.39,"img":"https://fd16-photos.leclercdrive.fr/image.ashx?id=2856441&use=l&cat=p&typeid=i","cat":284630},{"id":5515,"n":"Vin mousseux d'Union Européenne  brut  -75cl","p":2.99,"u":"3,99 €/L","img":"https://fd16-photos.leclercdrive.fr/image.ashx?id=2807279&use=l&cat=p&typeid=i","cat":284544},{"id":5517,"n":"Canapés toasts Epi d'Or Nature - 280g","p":1.12,"u":"4,00 €/KG","img":"https://fd16-photos.leclercdrive.fr/image.ashx?id=1859140&use=l&cat=p&typeid=i","cat":285454},{"id":5526,"n":"Fromage Bleu d'Auvergne NRT  AOP - 125g","p":1.39,"u":"11,12 €/KG","img":"https://fd16-photos.leclercdrive.fr/image.ashx?id=2771040&use=l&cat=p&typeid=i","cat":314032},{"id":5529,"n":"Croquettes petits chiens Ultima  Poulet - Yorkshire - 800g","p":3.12,"u":"3,90 €/KG","img":"https://fd16-photos.leclercdrive.fr/image.ashx?id=2922224&use=l&cat=p&typeid=i","cat":294526},{"id":5536,"n":"Biscuits Pockitos Pépito Chocolat au lait - 295g","p":3.38,"u":"11,46 €/KG","img":"https://fd16-photos.leclercdrive.fr/image.ashx?id=3001955&use=l&cat=p&typeid=i","cat":284488},{"id":5561,"n":"Tampons Doulys Digitaux Super - x24","p":1.26,"u":"0,05 €/P","img":"https://fd16-photos.leclercdrive.fr/image.ashx?id=2965413&use=l&cat=p&typeid=i","cat":284626},{"id":5563,"n":"Biscuits P'tit Déli Délimousse 175g","p":1.51,"u":"8,63 €/KG","img":"https://fd16-photos.leclercdrive.fr/image.ashx?id=2540936&use=l&cat=p&typeid=i","cat":284495},{"id":5564,"n":"Lingettes nettoyantes Clair Vitres 3en1 x20","p":0.87,"u":"0,04 €/P","img":"https://fd16-photos.leclercdrive.fr/image.ashx?id=2858827&use=l&cat=p&typeid=i","cat":325363},{"id":5574,"n":"Quenelles Côté Table saumon Sauce crevette 400g","p":1.8,"u":"4,50 €/KG","img":"https://fd16-photos.leclercdrive.fr/image.ashx?id=2977138&use=l&cat=p&typeid=i","cat":284441},{"id":5575,"n":"Compote Douceur du Verger Gourdes Pomme - 12x90g","p":2.7,"u":"2,50 €/KG","img":"https://fd16-photos.leclercdrive.fr/image.ashx?id=2837030&use=l&cat=p&typeid=i","cat":284508},{"id":5576,"n":"Biscuits choco barre P'tit Déli Chocolat lait 295g","p":2.64,"u":"8,95 €/KG","img":"https://fd16-photos.leclercdrive.fr/image.ashx?id=2618229&use=l&cat=p&typeid=i","cat":284488},{"id":5600,"n":"Pâté Hénaff 78g","p":1.24,"u":"15,90 €/KG","img":"https://fd16-photos.leclercdrive.fr/image.ashx?id=2280516&use=l&cat=p&typeid=i","cat":305149},{"id":5612,"n":"Eau de source Cristaline 6x1,5L","p":1.08,"u":"0,12 €/L","img":"https://fd16-photos.leclercdrive.fr/image.ashx?id=2389449&use=l&cat=p&typeid=i","cat":284535},{"id":5619,"n":"Oeufs de lompe Ronde des Mers Rouge - MSC - 100g","p":2.6,"u":"26,00 €/KG","img":"https://fd16-photos.leclercdrive.fr/image.ashx?id=2822720&use=l&cat=p&typeid=i","cat":285191},{"id":5621,"n":"Chips crevette Tokapi 50g","p":0.65,"u":"13,00 €/KG","img":"https://fd16-photos.leclercdrive.fr/image.ashx?id=3013573&use=l&cat=p&typeid=i","cat":288992},{"id":5622,"n":"Croquettes chiens Lydog Spécial Forme - Volaille - 4kg","p":4.99,"u":"1,25 €/KG","img":"https://fd16-photos.leclercdrive.fr/image.ashx?id=2191117&use=l&cat=p&typeid=i","cat":284672},{"id":5624,"n":"Croquettes chiens Lydog Junior - Volaille - 4kg","p":7.98,"u":"2,00 €/KG","img":"https://fd16-photos.leclercdrive.fr/image.ashx?id=1937477&use=l&cat=p&typeid=i","cat":284672},{"id":5626,"n":"Bonbons Copains Copines Frites acides - 275 g","p":1.71,"u":"6,22 €/KG","img":"https://fd16-photos.leclercdrive.fr/image.ashx?id=2934655&use=l&cat=p&typeid=i","cat":304250},{"id":5627,"n":"Lasagnes bolognaise Côté Table 1kg","p":4.14,"u":"4,14 €/KG","img":"https://fd16-photos.leclercdrive.fr/image.ashx?id=2570915&use=l&cat=p&typeid=i","cat":333666},{"id":5630,"n":"Papier toilette blanc Mimosa Ultra doux maxi rouleau - x12","p":5.4,"u":"0,45 €/P","img":"https://fd16-photos.leclercdrive.fr/image.ashx?id=2777848&use=l&cat=p&typeid=i","cat":284634},{"id":5633,"n":"Soufflés Grignot' Tokapi Cacahuète - 90g","p":0.7,"u":"7,78 €/KG","img":"https://fd16-photos.leclercdrive.fr/image.ashx?id=2049223&use=l&cat=p&typeid=i","cat":284449},{"id":5736,"n":"Sel adoucisseur Axal Pastilles - 10kg","p":4.9,"u":"0,49 €/KG","img":"https://fd16-photos.leclercdrive.fr/image.ashx?id=2504482&use=l&cat=p&typeid=i","cat":335918},{"id":5802,"n":"Lait entier Vitamine D Lactel UHT Bouteille - 6x1l","p":10.42,"u":"1,74 €/L","img":"https://fd16-photos.leclercdrive.fr/image.ashx?id=2889427&use=l&cat=p&typeid=i","cat":285610},{"id":5817,"n":"Rillettes de saumon Cap ocean 150g","p":1.88,"u":"12,53 €/KG","img":"https://fd16-photos.leclercdrive.fr/image.ashx?id=2985147&use=l&cat=p&typeid=i","cat":285191},{"id":5833,"n":"Biscuits Cuillers P'tit Déli Dégustation x20 - 200g","p":2.49,"u":"12,45 €/KG","img":"https://fd16-photos.leclercdrive.fr/image.ashx?id=1856164&use=l&cat=p&typeid=i","cat":284487},{"id":5841,"n":"Allume-feu Silex gel 1L","p":4.52,"u":"4,52 €/L","img":"https://fd16-photos.leclercdrive.fr/image.ashx?id=2753363&use=l&cat=p&typeid=i","cat":300578},{"id":5842,"n":"Mélange exotique Couleurs Vives 250g","p":2.23,"u":"8,92 €/KG","img":"https://fd16-photos.leclercdrive.fr/image.ashx?id=2691102&use=l&cat=p&typeid=i","cat":284448},{"id":5844,"n":"Saumon Ronde des Mers Tranches pour toasts - 80g","p":4.59,"u":"57,38 €/KG","img":"https://fd16-photos.leclercdrive.fr/image.ashx?id=2449972&use=l&cat=p&typeid=i","cat":285188},{"id":5850,"n":"Couscous Côté Table Poulet merguez 450g","p":2.7,"u":"6,00 €/KG","img":"https://fd16-photos.leclercdrive.fr/image.ashx?id=1936608&use=l&cat=p&typeid=i","cat":333665},{"id":5856,"n":"Préparation pour crème brûlée Délisse 4x100g","p":2.59,"u":"6,48 €/KG","img":"https://fd16-photos.leclercdrive.fr/image.ashx?id=2842465&use=l&cat=p&typeid=i","cat":284419},{"id":5860,"n":"Petit pot de crème Délisse Pistache - 4x100g","p":1.85,"u":"4,63 €/KG","img":"https://fd16-photos.leclercdrive.fr/image.ashx?id=2550378&use=l&cat=p&typeid=i","cat":285041},{"id":5866,"n":"Actifidus Délisse Vanille - 12x125g","p":2.58,"u":"1,72 €/KG","img":"https://fd16-photos.leclercdrive.fr/image.ashx?id=2751877&use=l&cat=p&typeid=i","cat":315000},{"id":5869,"n":"Spécialité au soja Nat & Vie Chocolat - 4x100g","p":1.34,"u":"3,35 €/KG","img":"https://fd16-photos.leclercdrive.fr/image.ashx?id=2901437&use=l&cat=p&typeid=i","cat":316071},{"id":5870,"n":"Boisson soja nature Végé 1L Végé - 200g","p":0.85,"u":"0,85 €/L","img":"https://fd16-photos.leclercdrive.fr/image.ashx?id=2852064&use=l&cat=p&typeid=i","cat":316067},{"id":5880,"n":"Yaourts mousse Petits Délis Fruits - 6x74g","p":1.77,"u":"3,99 €/KG","img":"https://fd16-photos.leclercdrive.fr/image.ashx?id=2907057&use=l&cat=p&typeid=i","cat":284414},{"id":5895,"n":"Tripes mode de caen NRT 600g","p":3.99,"u":"6,65 €/KG","img":"https://fd16-photos.leclercdrive.fr/image.ashx?id=2723198&use=l&cat=p&typeid=i","cat":284441},{"id":5896,"n":"Litière rongeurs P'tit Ami 15L","p":1.32,"u":"0,09 €/L","img":"https://fd16-photos.leclercdrive.fr/image.ashx?id=2162198&use=l&cat=p&typeid=i","cat":284677},{"id":5898,"n":"Litière rongeurs P'tit Ami 60L","p":4.2,"u":"0,07 €/L","img":"https://fd16-photos.leclercdrive.fr/image.ashx?id=2162204&use=l&cat=p&typeid=i","cat":284677},{"id":5901,"n":"Filtre à café Melitta 1x4 Original - x40","p":0.99,"u":"0,02 €/P","img":"https://fd16-photos.leclercdrive.fr/image.ashx?id=2882053&use=l&cat=p&typeid=i","cat":284751},{"id":5907,"n":"Haricots beurre d'aucy Extra-fins - 440g","p":1.94,"u":"4,41 €/KG","img":"https://fd16-photos.leclercdrive.fr/image.ashx?id=2431536&use=l&cat=p&typeid=i","cat":312606},{"id":5909,"n":"Mini gâches briochettes NRT Pur beurre x8 - 360g","p":2.07,"u":"5,75 €/KG","img":"https://fd16-photos.leclercdrive.fr/image.ashx?id=2670416&use=l&cat=p&typeid=i","cat":284478},{"id":5910,"n":"Ketchup Amora 280g","p":1.06,"u":"3,79 €/KG","img":"https://fd16-photos.leclercdrive.fr/image.ashx?id=2766667&use=l&cat=p&typeid=i","cat":284455},{"id":5911,"n":"Sel fin Cérébos 250g","p":0.86,"u":"3,44 €/KG","img":"https://fd16-photos.leclercdrive.fr/image.ashx?id=2904173&use=l&cat=p&typeid=i","cat":284457},{"id":5912,"n":"Sel fin iodé Cérébos 500g","p":0.56,"u":"1,12 €/KG","img":"https://fd16-photos.leclercdrive.fr/image.ashx?id=2522095&use=l&cat=p&typeid=i","cat":284457},{"id":5951,"n":"Ravioli bolognaise   Panzani - 800g","p":3.89,"u":"4,86 €/KG","img":"https://fd16-photos.leclercdrive.fr/image.ashx?id=2876062&use=l&cat=p&typeid=i","cat":284442},{"id":5954,"n":"Café moulu San Marco Arabica - 2x250g","p":10.49,"u":"20,98 €/KG","img":"https://fd16-photos.leclercdrive.fr/image.ashx?id=2645510&use=l&cat=p&typeid=i","cat":284750},{"id":6003,"n":"Collants Well Elastivoile Résistant ibiza T1","p":3.45,"img":"https://fd16-photos.leclercdrive.fr/image.ashx?id=2538638&use=l&cat=p&typeid=i","cat":334130},{"id":6004,"n":"Collants Well Elastivoile Résistant ibiza T2","p":3.45,"img":"https://fd16-photos.leclercdrive.fr/image.ashx?id=2560840&use=l&cat=p&typeid=i","cat":334130},{"id":6032,"n":"Mi-bas Well Elastivoile Ibiza taille TU x2","p":3.45,"img":"https://fd16-photos.leclercdrive.fr/image.ashx?id=2282958&use=l&cat=p&typeid=i","cat":334130},{"id":6069,"n":"Pâtes Coquillettes Bio Village Bio - 500g","p":0.84,"u":"1,68 €/KG","img":"https://fd16-photos.leclercdrive.fr/image.ashx?id=2625364&use=l&cat=p&typeid=i","cat":284427},{"id":6070,"n":"Pâtes tagliatelles Bio Village Bio - 250g","p":1.65,"u":"6,60 €/KG","img":"https://fd16-photos.leclercdrive.fr/image.ashx?id=1986832&use=l&cat=p&typeid=i","cat":284427},{"id":6078,"n":"Yaourts lait brebis nature Bio Bio village - 2x125g","p":1.42,"u":"5,68 €/KG","img":"https://fd16-photos.leclercdrive.fr/image.ashx?id=2841959&use=l&cat=p&typeid=i","cat":314998},{"id":6089,"n":"Pâtes Blé complet Barilla Spaghetti Integrale - 500g","p":1.23,"u":"2,46 €/KG","img":"https://fd16-photos.leclercdrive.fr/image.ashx?id=2986951&use=l&cat=p&typeid=i","cat":284427},{"id":6105,"n":"Biscuits apéritif Lay's 3D's Goût Nature Sel - 85g","p":0.78,"u":"9,18 €/KG","img":"https://fd16-photos.leclercdrive.fr/image.ashx?id=2917417&use=l&cat=p&typeid=i","cat":284449},{"id":6106,"n":"Biscuits apéritif Lay's 3D's Goût Fromage - 85g","p":0.8,"u":"9,41 €/KG","img":"https://fd16-photos.leclercdrive.fr/image.ashx?id=2923672&use=l&cat=p&typeid=i","cat":284449},{"id":6145,"n":"Biscuits Goûters REM Chocolat - 3x125g","p":2.5,"u":"6,67 €/KG","img":"https://fd16-photos.leclercdrive.fr/image.ashx?id=2841193&use=l&cat=p&typeid=i","cat":284488},{"id":6151,"n":"Pâtes Coudes rayés Panzani 500g","p":1.15,"u":"2,30 €/KG","img":"https://fd16-photos.leclercdrive.fr/image.ashx?id=2876008&use=l&cat=p&typeid=i","cat":284427},{"id":6152,"n":"Pâtes gansettes Panzani 500g","p":1.16,"u":"2,32 €/KG","img":"https://fd16-photos.leclercdrive.fr/image.ashx?id=2876017&use=l&cat=p&typeid=i","cat":284427},{"id":6153,"n":"Pâtes Macaroni Panzani 1kg","p":1.84,"u":"1,84 €/KG","img":"https://fd16-photos.leclercdrive.fr/image.ashx?id=2876026&use=l&cat=p&typeid=i","cat":284427},{"id":6154,"n":"Pâtes farfalle Panzani 500g","p":1.05,"u":"2,10 €/KG","img":"https://fd16-photos.leclercdrive.fr/image.ashx?id=2884300&use=l&cat=p&typeid=i","cat":284427},{"id":6155,"n":"Pâtes Torti Panzani 3 Minutes - 500G","p":1.17,"u":"2,34 €/KG","img":"https://fd16-photos.leclercdrive.fr/image.ashx?id=2896084&use=l&cat=p&typeid=i","cat":284427},{"id":6169,"n":"Fromage apéritif Apéricube Nature 24 cubes","p":2.15,"u":"17,20 €/KG","img":"https://fd16-photos.leclercdrive.fr/image.ashx?id=2883447&use=l&cat=p&typeid=i","cat":314027},{"id":6175,"n":"Rasoirs jetables Bic Sensitive 2 lames - x10","p":2.49,"u":"0,25 €/P","img":"https://fd16-photos.leclercdrive.fr/image.ashx?id=2481553&use=l&cat=p&typeid=i","cat":284616},{"id":6185,"n":"Sucre glace Béghin Say 500g","p":1.9,"u":"3,80 €/KG","img":"https://fd16-photos.leclercdrive.fr/image.ashx?id=2593608&use=l&cat=p&typeid=i","cat":284502},{"id":6188,"n":"Boisson lactée Candy'UP Fraise - 6x20cl","p":2.8,"u":"2,33 €/L","img":"https://fd16-photos.leclercdrive.fr/image.ashx?id=2485629&use=l&cat=p&typeid=i","cat":295246},{"id":6196,"n":"AOP Côtes du Rhône rouge Prestige Cellier Dauphins 75cl","p":3.45,"u":"4,60 €/L","img":"https://fd16-photos.leclercdrive.fr/image.ashx?id=2490533&use=l&cat=p&typeid=i","cat":289556},{"id":6199,"n":"Beurre Moulé Paysan Breton Demi-sel - 80%MG - 250g","p":3.24,"u":"12,96 €/KG","img":"https://fd16-photos.leclercdrive.fr/image.ashx?id=2947844&use=l&cat=p&typeid=i","cat":284379},{"id":6222,"n":"Fromage à tartiner Les Croisés Noix - 25%mg - 125g","p":1.4,"u":"11,20 €/KG","img":"https://fd16-photos.leclercdrive.fr/image.ashx?id=2482621&use=l&cat=p&typeid=i","cat":314029},{"id":6223,"n":"Fromage Maroilles AOP  Nos Régions ont du Talent 200g","p":2.69,"u":"13,45 €/KG","img":"https://fd16-photos.leclercdrive.fr/image.ashx?id=2411892&use=l&cat=p&typeid=i","cat":329558},{"id":6239,"n":"Nuggets de dinde Le Gaulois  x50 - 1kg","p":7.5,"u":"7,50 €/KG","img":"https://fd16-photos.leclercdrive.fr/image.ashx?id=2921274&use=l&cat=p&typeid=i","cat":333684},{"id":6242,"n":"Café soluble Plantation Qualité filtre - 100g","p":2.75,"u":"27,50 €/KG","img":"https://fd16-photos.leclercdrive.fr/image.ashx?id=2834272&use=l&cat=p&typeid=i","cat":284843},{"id":6254,"n":"Salade Coleslaw Menu Fraîcheur  300g","p":1.19,"u":"3,97 €/KG","img":"https://fd16-photos.leclercdrive.fr/image.ashx?id=2645891&use=l&cat=p&typeid=i","cat":333657},{"id":6314,"n":"Pansements Primoplast Peaux sensibles x30","p":0.88,"img":"https://fd16-photos.leclercdrive.fr/image.ashx?id=2832918&use=l&cat=p&typeid=i","cat":284630},{"id":6316,"n":"Escalope de poulet Côté Croc À la Bolognaise x2 - 200g","p":2.13,"u":"10,65 €/KG","img":"https://fd16-photos.leclercdrive.fr/image.ashx?id=2814420&use=l&cat=p&typeid=i","cat":333683},{"id":6340,"n":"Goûters fourrés P'tit Déli Chocolat x16 - 300g","p":1.19,"u":"3,97 €/KG","img":"https://fd16-photos.leclercdrive.fr/image.ashx?id=2100548&use=l&cat=p&typeid=i","cat":284488},{"id":6343,"n":"Garniture de céleris  Notre Jardin - 250g","p":0.99,"u":"3,96 €/KG","img":"https://fd16-photos.leclercdrive.fr/image.ashx?id=2529534&use=l&cat=p&typeid=i","cat":312612},{"id":6344,"n":"Boules soufflées Tokapi  Fromage - 50g","p":0.58,"u":"11,60 €/KG","img":"https://fd16-photos.leclercdrive.fr/image.ashx?id=2885762&use=l&cat=p&typeid=i","cat":284449},{"id":6345,"n":"Couscous Comptoir du Monde Grain moyen - 500g","p":0.84,"u":"1,68 €/KG","img":"https://fd16-photos.leclercdrive.fr/image.ashx?id=3012800&use=l&cat=p&typeid=i","cat":284429},{"id":6346,"n":"Madeleines longues P'tit Déli  Pur beurre 250g","p":1.57,"u":"6,28 €/KG","img":"https://fd16-photos.leclercdrive.fr/image.ashx?id=2999487&use=l&cat=p&typeid=i","cat":284492},{"id":6350,"n":"Eponges Mamison couleur Super absorbantes x3","p":1.22,"u":"0,41 €/P","img":"https://fd16-photos.leclercdrive.fr/image.ashx?id=2458049&use=l&cat=p&typeid=i","cat":284667},{"id":6355,"n":"AOC Clairette de Die doux Rives et Terrasses - 75cl","p":5.29,"u":"7,05 €/L","img":"https://fd16-photos.leclercdrive.fr/image.ashx?id=2753369&use=l&cat=p&typeid=i","cat":284544},{"id":6357,"n":"Chorizo doux Saint Azay 30 tranches - 150g","p":2.09,"u":"13,93 €/KG","img":"https://fd16-photos.leclercdrive.fr/image.ashx?id=1873710&use=l&cat=p&typeid=i","cat":316007},{"id":6358,"n":"Gel nettoyant wc javel Syphon Agrumes 750ml","p":0.89,"u":"1,19 €/L","img":"https://fd16-photos.leclercdrive.fr/image.ashx?id=2669696&use=l&cat=p&typeid=i","cat":284662},{"id":6359,"n":"Croûtons Epi d'Or Fromage - 90g","p":0.99,"u":"11,00 €/KG","img":"https://fd16-photos.leclercdrive.fr/image.ashx?id=2651783&use=l&cat=p&typeid=i","cat":284464},{"id":6361,"n":"Crème Dépilatoire Siliss Tous types de peaux - 200ml","p":1.79,"u":"8,95 €/L","img":"https://fd16-photos.leclercdrive.fr/image.ashx?id=2699678&use=l&cat=p&typeid=i","cat":325351},{"id":6362,"n":"Mélange Gourmand Tokapi  Graines et raisins - 120g","p":1.29,"u":"10,75 €/KG","img":"https://fd16-photos.leclercdrive.fr/image.ashx?id=2795547&use=l&cat=p&typeid=i","cat":284448},{"id":6364,"n":"Fromage Reblochon de Savoie NRT AOP - 450g","p":6.25,"u":"13,89 €/KG","img":"https://fd16-photos.leclercdrive.fr/image.ashx?id=2663809&use=l&cat=p&typeid=i","cat":314037},{"id":6365,"n":"Galettes sarrasin NRT de Bretagne 230g","p":1.79,"u":"7,78 €/KG","img":"https://fd16-photos.leclercdrive.fr/image.ashx?id=2770259&use=l&cat=p&typeid=i","cat":333672},{"id":6390,"n":"Compotes Andros Pomme banane 750g","p":1.72,"u":"2,29 €/KG","img":"https://fd16-photos.leclercdrive.fr/image.ashx?id=2396114&use=l&cat=p&typeid=i","cat":284508},{"id":6391,"n":"Compotes Andros Pomme poire 750g","p":1.78,"u":"2,37 €/KG","img":"https://fd16-photos.leclercdrive.fr/image.ashx?id=2396117&use=l&cat=p&typeid=i","cat":284508},{"id":6397,"n":"Fruits au sirop St Mamet Cocktail avec son jus - 250g","p":2.25,"u":"9,00 €/KG","img":"https://fd16-photos.leclercdrive.fr/image.ashx?id=2412432&use=l&cat=p&typeid=i","cat":284507},{"id":6434,"n":"Eau gazeuse Cristaline 6x1,5L","p":1.74,"u":"0,19 €/L","img":"https://fd16-photos.leclercdrive.fr/image.ashx?id=2694602&use=l&cat=p&typeid=i","cat":284536},{"id":6437,"n":"Fromage P'tit Louis  Filet 8 Portions - 160g","p":2.77,"u":"17,31 €/KG","img":"https://fd16-photos.leclercdrive.fr/image.ashx?id=2845994&use=l&cat=p&typeid=i","cat":314030},{"id":6448,"n":"Petits pois carottes Très fins  Notre Jardin -A l'étuvée - 265g","p":0.95,"u":"3,58 €/KG","img":"https://fd16-photos.leclercdrive.fr/image.ashx?id=2987973&use=l&cat=p&typeid=i","cat":312607},{"id":6452,"n":"Flan Délisse Vanille Caramel - 12x100g","p":1.89,"u":"1,58 €/KG","img":"https://fd16-photos.leclercdrive.fr/image.ashx?id=2851637&use=l&cat=p&typeid=i","cat":284420},{"id":6455,"n":"Soufflés Snacks Tokapi Bacon - 60g","p":0.48,"u":"8,00 €/KG","img":"https://fd16-photos.leclercdrive.fr/image.ashx?id=2625062&use=l&cat=p&typeid=i","cat":284449},{"id":6456,"n":"Haricots beurre d'aucy Extra-fins - 220g","p":1.36,"u":"6,18 €/KG","img":"https://fd16-photos.leclercdrive.fr/image.ashx?id=2438123&use=l&cat=p&typeid=i","cat":312606},{"id":6458,"n":"Haricots verts D'aucy  Extra-fins - 3x110g","p":2.32,"u":"7,03 €/KG","img":"https://fd16-photos.leclercdrive.fr/image.ashx?id=2503428&use=l&cat=p&typeid=i","cat":312606},{"id":6467,"n":"Pâtes Macaroni Turini 1kg","p":1.35,"u":"1,35 €/KG","img":"https://fd16-photos.leclercdrive.fr/image.ashx?id=2980435&use=l&cat=p&typeid=i","cat":284427},{"id":6471,"n":"Lingettes Individuelles Hygiène Intime Hamamélis Intima x16","p":2.37,"u":"0,15 €/P","img":"https://fd16-photos.leclercdrive.fr/image.ashx?id=2959859&use=l&cat=p&typeid=i","cat":284627},{"id":6484,"n":"Alcool modifié Mercurochrome 70° - 200ml","p":2.21,"u":"11,05 €/L","img":"https://fd16-photos.leclercdrive.fr/image.ashx?id=2663974&use=l&cat=p&typeid=i","cat":284630},{"id":6486,"n":"Biscuits apéritif Lay's 3D's Goût Bacon - 85g","p":0.78,"u":"9,18 €/KG","img":"https://fd16-photos.leclercdrive.fr/image.ashx?id=2917414&use=l&cat=p&typeid=i","cat":284449},{"id":6488,"n":"Sucre cristal Béghin Say 5kg","p":8.92,"u":"1,78 €/KG","img":"https://fd16-photos.leclercdrive.fr/image.ashx?id=2866340&use=l&cat=p&typeid=i","cat":284502},{"id":6496,"n":"Sauce au Beurre Blan KNORR Échalote - Brique 30cl","p":1.38,"u":"4,60 €/L","img":"https://fd16-photos.leclercdrive.fr/image.ashx?id=2915991&use=l&cat=p&typeid=i","cat":288381},{"id":6511,"n":"Pâtes Spaghetti Turini 1kg","p":1.35,"u":"1,35 €/KG","img":"https://fd16-photos.leclercdrive.fr/image.ashx?id=2980450&use=l&cat=p&typeid=i","cat":284427},{"id":6512,"n":"Riz long Comptoir du Grain Sachet cuisson rapide x4 - 500g","p":1.25,"u":"2,50 €/KG","img":"https://fd16-photos.leclercdrive.fr/image.ashx?id=2118454&use=l&cat=p&typeid=i","cat":284428},{"id":6513,"n":"Vinaigre de vin Rustica Aromatisé à l'échalote - 75cl","p":1.35,"u":"1,80 €/L","img":"https://fd16-photos.leclercdrive.fr/image.ashx?id=1659936&use=l&cat=p&typeid=i","cat":298543},{"id":6514,"n":"Margarine Nat & vie Idéal cuisson - 500g","p":1.29,"u":"2,58 €/KG","img":"https://fd16-photos.leclercdrive.fr/image.ashx?id=2903932&use=l&cat=p&typeid=i","cat":315229},{"id":6516,"n":"Gâteaux P'tit Déli Pépites au chocolat 5x30g","p":1.02,"u":"6,80 €/KG","img":"https://fd16-photos.leclercdrive.fr/image.ashx?id=1986647&use=l&cat=p&typeid=i","cat":284495},{"id":6519,"n":"Soufflés Frites Tokapi Salé - 80g","p":0.65,"u":"8,13 €/KG","img":"https://fd16-photos.leclercdrive.fr/image.ashx?id=2486074&use=l&cat=p&typeid=i","cat":284449},{"id":6521,"n":"Pâtes chinoises Tables du Monde 250g","p":1.19,"u":"4,76 €/KG","img":"https://fd16-photos.leclercdrive.fr/image.ashx?id=2572058&use=l&cat=p&typeid=i","cat":288992},{"id":6523,"n":"Champignons Paris Notre Jardin Emincés - 2x115g","p":1.71,"u":"7,43 €/KG","img":"https://fd16-photos.leclercdrive.fr/image.ashx?id=2724696&use=l&cat=p&typeid=i","cat":312610},{"id":6524,"n":"Dessert fruitier pomme Douceur du Verger 8x100g","p":1.69,"u":"2,11 €/KG","img":"https://fd16-photos.leclercdrive.fr/image.ashx?id=3009773&use=l&cat=p&typeid=i","cat":284416},{"id":6525,"n":"Serviette hygiénique Doulys Ultra - Super+ - x12","p":0.9,"u":"0,08 €/P","img":"https://fd16-photos.leclercdrive.fr/image.ashx?id=2838918&use=l&cat=p&typeid=i","cat":284624},{"id":6526,"n":"Serviette hygiénique Doulys Ultra - Spécial nuit - x10","p":1.29,"u":"0,13 €/P","img":"https://fd16-photos.leclercdrive.fr/image.ashx?id=2838921&use=l&cat=p&typeid=i","cat":284624},{"id":6579,"n":"Vinaigre d'alcool coloré Eco+ 1L","p":0.35,"u":"0,35 €/L","img":"https://fd16-photos.leclercdrive.fr/image.ashx?id=2831553&use=l&cat=p&typeid=i","cat":298543},{"id":6580,"n":"Fromage de chévre Les Croisés 150g","p":1.42,"u":"9,47 €/KG","img":"https://fd16-photos.leclercdrive.fr/image.ashx?id=2978510&use=l&cat=p&typeid=i","cat":314031},{"id":6581,"n":"Fromage : Le carrou Les croisés Authentique - 27% mg - 220g","p":2.43,"u":"11,05 €/KG","img":"https://fd16-photos.leclercdrive.fr/image.ashx?id=2856272&use=l&cat=p&typeid=i","cat":314033},{"id":6582,"n":"Coulommiers De pays  Les Croisés - 21% mg - 350g","p":2.55,"u":"7,29 €/KG","img":"https://fd16-photos.leclercdrive.fr/image.ashx?id=2463465&use=l&cat=p&typeid=i","cat":314033},{"id":6584,"n":"Fromage blanc Délisse Mirabelle 5.5% MG - 500g","p":2.55,"u":"5,10 €/KG","img":"https://fd16-photos.leclercdrive.fr/image.ashx?id=3012824&use=l&cat=p&typeid=i","cat":284409},{"id":6589,"n":"Fromage Chaource NRT AOP  250g","p":3.55,"u":"14,20 €/KG","img":"https://fd16-photos.leclercdrive.fr/image.ashx?id=2874768&use=l&cat=p&typeid=i","cat":329558},{"id":6630,"n":"Pâtes torsettes Turini Les 3 min - 500g","p":0.82,"u":"1,64 €/KG","img":"https://fd16-photos.leclercdrive.fr/image.ashx?id=2607467&use=l&cat=p&typeid=i","cat":284427},{"id":6697,"n":"Collants Well Elastivoile Résistant noir T1","p":3.45,"img":"https://fd16-photos.leclercdrive.fr/image.ashx?id=2056539&use=l&cat=p&typeid=i","cat":334130},{"id":6711,"n":"Spray nettoyant vitres Clair Recharge 750ml","p":1.09,"u":"1,45 €/L","img":"https://fd16-photos.leclercdrive.fr/image.ashx?id=1647691&use=l&cat=p&typeid=i","cat":325363},{"id":6712,"n":"Spray nettoyant vitres Clair 750ml","p":1.29,"u":"1,72 €/L","img":"https://fd16-photos.leclercdrive.fr/image.ashx?id=2943623&use=l&cat=p&typeid=i","cat":325363},{"id":6715,"n":"Assiette charcuterie Saint Azay 200g","p":3.11,"u":"15,55 €/KG","img":"https://fd16-photos.leclercdrive.fr/image.ashx?id=2417734&use=l&cat=p&typeid=i","cat":316007},{"id":6829,"n":"Sucre Daddy n°4 Morceaux - 1kg","p":1.78,"u":"1,78 €/KG","img":"https://fd16-photos.leclercdrive.fr/image.ashx?id=2936056&use=l&cat=p&typeid=i","cat":284502},{"id":6834,"n":"Soufflés l'Original Curly Cacahuète - 60g","p":0.62,"u":"10,33 €/KG","img":"https://fd16-photos.leclercdrive.fr/image.ashx?id=2971035&use=l&cat=p&typeid=i","cat":284449},{"id":6847,"n":"Canapés toasts Epi d'Or Briochés - 250g","p":1.12,"u":"4,48 €/KG","img":"https://fd16-photos.leclercdrive.fr/image.ashx?id=2564488&use=l&cat=p&typeid=i","cat":285454},{"id":6873,"n":"Saucisson cuit à l'ail Herta 300g","p":3.3,"u":"11,00 €/KG","img":"https://fd16-photos.leclercdrive.fr/image.ashx?id=2731342&use=l&cat=p&typeid=i","cat":316006},{"id":6879,"n":"Fromage Gouda Les Croisés En tranche - 200g","p":1.97,"u":"9,85 €/KG","img":"https://fd16-photos.leclercdrive.fr/image.ashx?id=2028173&use=l&cat=p&typeid=i","cat":314028},{"id":6880,"n":"Fromage Mimolette Les Croisés En tranche x8 - 200g","p":1.85,"u":"9,25 €/KG","img":"https://fd16-photos.leclercdrive.fr/image.ashx?id=2028176&use=l&cat=p&typeid=i","cat":314028},{"id":6881,"n":"Fromage Maasdam Les Croisés En tranche x8 - 200g","p":1.91,"u":"9,55 €/KG","img":"https://fd16-photos.leclercdrive.fr/image.ashx?id=1990673&use=l&cat=p&typeid=i","cat":314028},{"id":6892,"n":"Pâtes Piccolini Barilla Mini Pipe Rigate- 500g","p":1.2,"u":"2,40 €/KG","img":"https://fd16-photos.leclercdrive.fr/image.ashx?id=2964108&use=l&cat=p&typeid=i","cat":284427},{"id":6913,"n":"Comprimés de stérilisation Mots d'enfants x30","p":2.95,"img":"https://fd16-photos.leclercdrive.fr/image.ashx?id=581487&use=l&cat=p&typeid=i","cat":289435},{"id":7025,"n":"Pizza Cuite sur pierre Turini Jambon fromage - 400g","p":2.85,"u":"7,13 €/KG","img":"https://fd16-photos.leclercdrive.fr/image.ashx?id=2815223&use=l&cat=p&typeid=i","cat":284256},{"id":7030,"n":"Sauce Tomate cuisinée Turini Aux petits légumes - 180g","p":0.84,"u":"4,67 €/KG","img":"https://fd16-photos.leclercdrive.fr/image.ashx?id=2490034&use=l&cat=p&typeid=i","cat":288384},{"id":7085,"n":"Vin mousseux d'Union Européenne  Demi-sec -75cl","p":2.89,"u":"3,85 €/L","img":"https://fd16-photos.leclercdrive.fr/image.ashx?id=1951019&use=l&cat=p&typeid=i","cat":284544},{"id":7128,"n":"Porc au caramel Tables du Monde Riz thaï 300g","p":3.05,"u":"10,17 €/KG","img":"https://fd16-photos.leclercdrive.fr/image.ashx?id=2063332&use=l&cat=p&typeid=i","cat":333665},{"id":7216,"n":"Talc bébé Mots d'Enfants 250g","p":1.89,"u":"7,56 €/KG","img":"https://fd16-photos.leclercdrive.fr/image.ashx?id=3015033&use=l&cat=p&typeid=i","cat":284741},{"id":7282,"n":"Compote Douceur du Verger  Pomme Poire - 4x100g","p":1.09,"u":"2,73 €/KG","img":"https://fd16-photos.leclercdrive.fr/image.ashx?id=1910598&use=l&cat=p&typeid=i","cat":284416},{"id":7283,"n":"Compote Douceur du Verger Pomme banane - 4x100g","p":1.25,"u":"3,13 €/KG","img":"https://fd16-photos.leclercdrive.fr/image.ashx?id=1944099&use=l&cat=p&typeid=i","cat":284416},{"id":7284,"n":"Compote Douceur du Verger Pomme Fraise - 4x100g","p":1.09,"u":"2,73 €/KG","img":"https://fd16-photos.leclercdrive.fr/image.ashx?id=3009779&use=l&cat=p&typeid=i","cat":284416},{"id":7289,"n":"Crème Dépilatoire Siliss Peaux sensibles - 200ml","p":1.79,"u":"8,95 €/L","img":"https://fd16-photos.leclercdrive.fr/image.ashx?id=2699675&use=l&cat=p&typeid=i","cat":325351},{"id":7293,"n":"Râpé 3 fromages Les Croisés 200g","p":1.79,"u":"8,95 €/KG","img":"https://fd16-photos.leclercdrive.fr/image.ashx?id=2860067&use=l&cat=p&typeid=i","cat":314035},{"id":7315,"n":"Concentré de tomates Eco+ 2x140g","p":1.28,"u":"4,57 €/KG","img":"https://fd16-photos.leclercdrive.fr/image.ashx?id=2683511&use=l&cat=p&typeid=i","cat":288384},{"id":7316,"n":"Concentré de tomates Eco+ 3x70g","p":1.75,"u":"8,33 €/KG","img":"https://fd16-photos.leclercdrive.fr/image.ashx?id=3012373&use=l&cat=p&typeid=i","cat":288384},{"id":7343,"n":"Pâtes Panzani Penne rigate - 500g","p":1.02,"u":"2,04 €/KG","img":"https://fd16-photos.leclercdrive.fr/image.ashx?id=2876011&use=l&cat=p&typeid=i","cat":284427},{"id":7349,"n":"Croquettes chat One Purina Stérilisé - Boeuf/Blé - 450g","p":2.5,"u":"5,56 €/KG","img":"https://fd16-photos.leclercdrive.fr/image.ashx?id=2681044&use=l&cat=p&typeid=i","cat":284680},{"id":7359,"n":"Gorgonzola AOP Les Croisés -150g","p":2.47,"u":"16,47 €/KG","img":"https://fd16-photos.leclercdrive.fr/image.ashx?id=2796037&use=l&cat=p&typeid=i","cat":314032},{"id":7361,"n":"Fromage Edam Les Croisés En tranche x8 - 200g","p":1.97,"u":"9,85 €/KG","img":"https://fd16-photos.leclercdrive.fr/image.ashx?id=2041351&use=l&cat=p&typeid=i","cat":314028},{"id":7363,"n":"Riz Express Comptoir du Grain A la méditerranéenne - 250g","p":1.2,"u":"4,80 €/KG","img":"https://fd16-photos.leclercdrive.fr/image.ashx?id=2856474&use=l&cat=p&typeid=i","cat":287600},{"id":7366,"n":"Sauce Champignons Rustica 27g","p":0.55,"u":"20,37 €/KG","img":"https://fd16-photos.leclercdrive.fr/image.ashx?id=2188829&use=l&cat=p&typeid=i","cat":288381},{"id":7368,"n":"Chiffonnade de jambon sec Saint Azay affiné 7 mois - 100g","p":2.99,"u":"29,90 €/KG","img":"https://fd16-photos.leclercdrive.fr/image.ashx?id=2462254&use=l&cat=p&typeid=i","cat":316007},{"id":7369,"n":"Chiffonades de rosette Saint Azay - 100g","p":2.0,"u":"20,00 €/KG","img":"https://fd16-photos.leclercdrive.fr/image.ashx?id=2401891&use=l&cat=p&typeid=i","cat":316007},{"id":7375,"n":"Lunettes de Romans NRT Fraise - 350g","p":2.75,"u":"7,86 €/KG","img":"https://fd16-photos.leclercdrive.fr/image.ashx?id=2791920&use=l&cat=p&typeid=i","cat":284489},{"id":7378,"n":"Jambon d'Auvergne IGP NRT x4 - 100g","p":3.4,"u":"34,00 €/KG","img":"https://fd16-photos.leclercdrive.fr/image.ashx?id=2670419&use=l&cat=p&typeid=i","cat":316007},{"id":7379,"n":"Jambon de Savoie NRT x6 - 90g","p":2.66,"u":"29,56 €/KG","img":"https://fd16-photos.leclercdrive.fr/image.ashx?id=2670422&use=l&cat=p&typeid=i","cat":316007},{"id":7381,"n":"Sachet repas chats Gourmet 4 variétés poissons - 4x85g","p":1.82,"u":"5,35 €/KG","img":"https://fd16-photos.leclercdrive.fr/image.ashx?id=2867788&use=l&cat=p&typeid=i","cat":285286},{"id":7424,"n":"Bouillon Cubes bouquet garni Knorr - thym persil laurier -x9","p":1.3,"u":"13,13 €/KG","img":"https://fd16-photos.leclercdrive.fr/image.ashx?id=2915667&use=l&cat=p&typeid=i","cat":288379},{"id":7431,"n":"Huile de friture Frial Lesieur 1l","p":3.73,"u":"3,73 €/L","img":"https://fd16-photos.leclercdrive.fr/image.ashx?id=2916851&use=l&cat=p&typeid=i","cat":284453},{"id":7432,"n":"Huile de friture Frial Lesieur 2L","p":6.15,"u":"3,08 €/L","img":"https://fd16-photos.leclercdrive.fr/image.ashx?id=2916857&use=l&cat=p&typeid=i","cat":284453},{"id":7433,"n":"Vinaigrette Rustica Fines herbes - 50cl","p":1.19,"u":"2,38 €/L","img":"https://fd16-photos.leclercdrive.fr/image.ashx?id=1964912&use=l&cat=p&typeid=i","cat":284456},{"id":7436,"n":"Assortiment biscuits P'tit Déli Biscuits fins - 750g","p":7.8,"u":"10,40 €/KG","img":"https://fd16-photos.leclercdrive.fr/image.ashx?id=2535643&use=l&cat=p&typeid=i","cat":284490},{"id":7437,"n":"Pâte brisée Tablier Blanc Au beurre - 230g","p":1.19,"u":"5,17 €/KG","img":"https://fd16-photos.leclercdrive.fr/image.ashx?id=2635892&use=l&cat=p&typeid=i","cat":333681},{"id":7439,"n":"Vinaigrette Rustica Nature - 1L","p":1.76,"u":"1,76 €/L","img":"https://fd16-photos.leclercdrive.fr/image.ashx?id=1972904&use=l&cat=p&typeid=i","cat":284456},{"id":7441,"n":"Huile de friture Rustica 1L","p":2.75,"u":"2,75 €/L","img":"https://fd16-photos.leclercdrive.fr/image.ashx?id=2900331&use=l&cat=p&typeid=i","cat":284453},{"id":7443,"n":"Dessert fruitier pomme poire Douceur du Verger s/sucre 4x97g","p":1.25,"u":"3,22 €/KG","img":"https://fd16-photos.leclercdrive.fr/image.ashx?id=1957066&use=l&cat=p&typeid=i","cat":284416},{"id":7448,"n":"Compote Douceur du Verger Coupelle pomme pruneau - 4x100g","p":1.36,"u":"3,40 €/KG","img":"https://fd16-photos.leclercdrive.fr/image.ashx?id=2878705&use=l&cat=p&typeid=i","cat":284508},{"id":7450,"n":"Gâteaux fourrés P'tit Déli Fraise x7 - 196g","p":2.8,"u":"14,29 €/KG","img":"https://fd16-photos.leclercdrive.fr/image.ashx?id=2659777&use=l&cat=p&typeid=i","cat":284495},{"id":7451,"n":"Biscuits P'tit Déli Goûters Fourrés au chocolat 2x300g","p":2.3,"u":"3,83 €/KG","img":"https://fd16-photos.leclercdrive.fr/image.ashx?id=2116182&use=l&cat=p&typeid=i","cat":284488},{"id":7452,"n":"Tubes Fromage blanc Délisse 3 parfums - 12 x40g","p":2.38,"u":"4,96 €/KG","img":"https://fd16-photos.leclercdrive.fr/image.ashx?id=2884231&use=l&cat=p&typeid=i","cat":284415},{"id":7455,"n":"Fromage Bleu des Causses NRT  AOP - 125g","p":1.99,"u":"15,92 €/KG","img":"https://fd16-photos.leclercdrive.fr/image.ashx?id=2771043&use=l&cat=p&typeid=i","cat":314032},{"id":7459,"n":"Pâtes Barilla Spaghetti n°5 - 500g","p":0.93,"u":"1,86 €/KG","img":"https://fd16-photos.leclercdrive.fr/image.ashx?id=2392200&use=l&cat=p&typeid=i","cat":284427},{"id":7466,"n":"Pain grillé Epi d'or Brioché x26 - 300g","p":2.15,"u":"7,17 €/KG","img":"https://fd16-photos.leclercdrive.fr/image.ashx?id=2532835&use=l&cat=p&typeid=i","cat":284479},{"id":7529,"n":"Fromage Comté Entremont 200g","p":3.11,"u":"15,55 €/KG","img":"https://fd16-photos.leclercdrive.fr/image.ashx?id=2983144&use=l&cat=p&typeid=i","cat":314034},{"id":7530,"n":"Crème fraîche épaisse Bridélice 15%mg 20cl","p":0.82,"u":"4,10 €/L","img":"https://fd16-photos.leclercdrive.fr/image.ashx?id=2970873&use=l&cat=p&typeid=i","cat":284381},{"id":7540,"n":"Barquette chiens Lydog Au Poulet et Rognons - 300g","p":1.35,"u":"4,50 €/KG","img":"https://fd16-photos.leclercdrive.fr/image.ashx?id=2042427&use=l&cat=p&typeid=i","cat":284673},{"id":7541,"n":"Barquette chiens Lydog Au Boeuf et Coeur - 300g","p":1.63,"u":"5,43 €/KG","img":"https://fd16-photos.leclercdrive.fr/image.ashx?id=2042430&use=l&cat=p&typeid=i","cat":284673},{"id":7542,"n":"Barquette chien Lydog au Foie et Volailles - 300g","p":1.45,"u":"4,83 €/KG","img":"https://fd16-photos.leclercdrive.fr/image.ashx?id=2042436&use=l&cat=p&typeid=i","cat":284673},{"id":7556,"n":"Olives fromage Pause Fraîcheur 150g","p":1.99,"u":"13,27 €/KG","img":"https://fd16-photos.leclercdrive.fr/image.ashx?id=2601286&use=l&cat=p&typeid=i","cat":316002},{"id":7560,"n":"Barquettes chats Tous mes amis Mousselines 4 variétés - 4x85g","p":1.75,"u":"5,15 €/KG","img":"https://fd16-photos.leclercdrive.fr/image.ashx?id=2815749&use=l&cat=p&typeid=i","cat":285286},{"id":7585,"n":"Echalote Rustica 100g","p":1.69,"u":"16,90 €/KG","img":"https://fd16-photos.leclercdrive.fr/image.ashx?id=2365457&use=l&cat=p&typeid=i","cat":319804},{"id":7589,"n":"Biscuits Mikado LU Chocolat au lait - 3x39g","p":2.14,"u":"18,29 €/KG","img":"https://fd16-photos.leclercdrive.fr/image.ashx?id=3001970&use=l&cat=p&typeid=i","cat":284488},{"id":7610,"n":"Préparation crêpes Francine 380g","p":1.72,"u":"4,53 €/KG","img":"https://fd16-photos.leclercdrive.fr/image.ashx?id=2989120&use=l&cat=p&typeid=i","cat":284505},{"id":7614,"n":"Sauté de porc 600g","p":5.99,"u":"9,98 €/KG","img":"https://fd16-photos.leclercdrive.fr/image.ashx?id=619534&use=l&cat=p&typeid=i","cat":284331},{"id":7620,"n":"Rôti de boeuf **  1kg","p":19.95,"u":"19,95 €/KG","img":"https://fd16-photos.leclercdrive.fr/image.ashx?id=1495728&use=l&cat=p&typeid=i","cat":284328},{"id":7652,"n":"Compotes Pomme Pruneau Andros 4x100g","p":1.39,"u":"3,48 €/KG","img":"https://fd16-photos.leclercdrive.fr/image.ashx?id=2935789&use=l&cat=p&typeid=i","cat":284416},{"id":7654,"n":"Compote Andros Pomme rhubarbe 4x100g","p":1.51,"u":"15,10 €/KG","img":"https://fd16-photos.leclercdrive.fr/image.ashx?id=2883934&use=l&cat=p&typeid=i","cat":284416},{"id":7655,"n":"Compote Andros Pomme framboise - 4x100g","p":1.72,"u":"4,30 €/KG","img":"https://fd16-photos.leclercdrive.fr/image.ashx?id=2907875&use=l&cat=p&typeid=i","cat":284416},{"id":7666,"n":"Camembert Lepetit  250g","p":2.48,"u":"9,92 €/KG","img":"https://fd16-photos.leclercdrive.fr/image.ashx?id=2504350&use=l&cat=p&typeid=i","cat":314033},{"id":7672,"n":"Cordon Bleu Le Gaulois Poulet - 200g","p":2.32,"u":"11,60 €/KG","img":"https://fd16-photos.leclercdrive.fr/image.ashx?id=2860223&use=l&cat=p&typeid=i","cat":333683},{"id":7696,"n":"Camembert Bons Mayennais Lait pasteurisé 22%mg - 250g","p":2.14,"pp":1.5,"u":"6,00 €/KG","img":"https://fd16-photos.leclercdrive.fr/image.ashx?id=2966689&use=l&cat=p&typeid=i","cat":314033},{"id":7700,"n":"Pavé Normand Le Gaulois 200g","p":2.49,"u":"12,45 €/KG","img":"https://fd16-photos.leclercdrive.fr/image.ashx?id=2342827&use=l&cat=p&typeid=i","cat":333683},{"id":7716,"n":"Papier toilette Mimosa Décoré - Ultra Confort - x6","p":3.06,"u":"0,51 €/P","img":"https://fd16-photos.leclercdrive.fr/image.ashx?id=2778752&use=l&cat=p&typeid=i","cat":284634},{"id":7857,"n":"Croquettes chiens Fido Au boeuf 1kg","p":2.86,"u":"2,86 €/KG","img":"https://fd16-photos.leclercdrive.fr/image.ashx?id=2972964&use=l&cat=p&typeid=i","cat":294526},{"id":7864,"n":"Yaourts sucrés Délisse Nature  - 4x125g","p":0.99,"u":"1,98 €/KG","img":"https://fd16-photos.leclercdrive.fr/image.ashx?id=2590415&use=l&cat=p&typeid=i","cat":284409},{"id":7866,"n":"Beurre Tendre Les Croisés Demi-sel - 80% MG - 250g","p":2.51,"u":"10,04 €/KG","img":"https://fd16-photos.leclercdrive.fr/image.ashx?id=2956221&use=l&cat=p&typeid=i","cat":284379},{"id":7869,"n":"Yaourts aromatisés Délisse Citron - 4x125g","p":1.45,"u":"2,90 €/KG","img":"https://fd16-photos.leclercdrive.fr/image.ashx?id=2771121&use=l&cat=p&typeid=i","cat":286006},{"id":7881,"n":"Camembert Les Croisés 8 portions - 22% mg - 8x30g","p":2.19,"u":"9,13 €/KG","img":"https://fd16-photos.leclercdrive.fr/image.ashx?id=2974798&use=l&cat=p&typeid=i","cat":314033},{"id":7885,"n":"Chabichou du Poitou NRT Fromage de chèvre - 150g","p":3.45,"u":"23,00 €/KG","img":"https://fd16-photos.leclercdrive.fr/image.ashx?id=2449577&use=l&cat=p&typeid=i","cat":314031},{"id":7886,"n":"Diots fumés de Savoie NRT 4x90g","p":4.22,"u":"11,72 €/KG","img":"https://fd16-photos.leclercdrive.fr/image.ashx?id=2991467&use=l&cat=p&typeid=i","cat":316012},{"id":7889,"n":"Fromage Reblochon NRT AOP 240g","p":3.7,"u":"15,42 €/KG","img":"https://fd16-photos.leclercdrive.fr/image.ashx?id=2933337&use=l&cat=p&typeid=i","cat":314037},{"id":7895,"n":"Gâteau de riz La Laitiere 500g","p":2.24,"u":"4,48 €/KG","img":"https://fd16-photos.leclercdrive.fr/image.ashx?id=3010972&use=l&cat=p&typeid=i","cat":284418},{"id":7965,"n":"Matière grasse Bridelight à tartiner 15% MG - 250g","p":2.09,"u":"8,36 €/KG","img":"https://fd16-photos.leclercdrive.fr/image.ashx?id=2643884&use=l&cat=p&typeid=i","cat":284379},{"id":7972,"n":"Beurre Moulé Paysan Breton Doux - 82%MG - 250g","p":3.25,"u":"13,00 €/KG","img":"https://fd16-photos.leclercdrive.fr/image.ashx?id=2946943&use=l&cat=p&typeid=i","cat":284379},{"id":7993,"n":"Beurre d'escargot Rustica Ail et persil - 250g","p":3.49,"u":"13,96 €/KG","img":"https://fd16-photos.leclercdrive.fr/image.ashx?id=1915569&use=l&cat=p&typeid=i","cat":319775},{"id":7996,"n":"Poireaux Notre Jardin En rondelles 1kg","p":1.28,"u":"1,28 €/KG","img":"https://fd16-photos.leclercdrive.fr/image.ashx?id=2873126&use=l&cat=p&typeid=i","cat":319805},{"id":8000,"n":"Cordon Bleu Poulet Père Dodu  Bacon de Dinde x2 - 200g","p":2.45,"u":"12,25 €/KG","img":"https://fd16-photos.leclercdrive.fr/image.ashx?id=2956987&use=l&cat=p&typeid=i","cat":333683},{"id":8003,"n":"Fromage Enfant Kiri Goûter 5 portions barquettes - 175g","p":2.27,"u":"12,97 €/KG","img":"https://fd16-photos.leclercdrive.fr/image.ashx?id=2972883&use=l&cat=p&typeid=i","cat":314030},{"id":8012,"n":"Friandises pour chien Lydog Biscuits fourrés Viande - 500g","p":1.29,"u":"2,58 €/KG","img":"https://fd16-photos.leclercdrive.fr/image.ashx?id=2191114&use=l&cat=p&typeid=i","cat":294527},{"id":8013,"n":"Friandises pour chien Lydog Biscuits croquants - 500g","p":1.29,"u":"2,58 €/KG","img":"https://fd16-photos.leclercdrive.fr/image.ashx?id=1954353&use=l&cat=p&typeid=i","cat":294527},{"id":8017,"n":"Pâtes Penne Regate Turini 500g","p":0.6,"u":"1,20 €/KG","img":"https://fd16-photos.leclercdrive.fr/image.ashx?id=2980776&use=l&cat=p&typeid=i","cat":284427},{"id":8023,"n":"Paëla Royale Côté Table 400g","p":2.85,"u":"7,13 €/KG","img":"https://fd16-photos.leclercdrive.fr/image.ashx?id=2499355&use=l&cat=p&typeid=i","cat":333665},{"id":8024,"n":"Barquette chiens Lydog 3 saveurs - 3x300g","p":3.78,"u":"4,20 €/KG","img":"https://fd16-photos.leclercdrive.fr/image.ashx?id=2050639&use=l&cat=p&typeid=i","cat":284673},{"id":8025,"n":"Barquette chiens Lydog 3 saveurs - 3x300g","p":3.79,"u":"4,21 €/KG","img":"https://fd16-photos.leclercdrive.fr/image.ashx?id=2050642&use=l&cat=p&typeid=i","cat":284673},{"id":8027,"n":"Soupe Velouté Régal Soupe 10 légumes - 2x30cl","p":1.19,"u":"1,98 €/L","img":"https://fd16-photos.leclercdrive.fr/image.ashx?id=2607443&use=l&cat=p&typeid=i","cat":284462},{"id":8029,"n":"Barquettes chats Tous mes amis Menus saveurs - 4x100g","p":2.29,"u":"5,73 €/KG","img":"https://fd16-photos.leclercdrive.fr/image.ashx?id=2042445&use=l&cat=p&typeid=i","cat":285286},{"id":8059,"n":"Coloration Belle Color n°2 Blond naturel","p":6.19,"img":"https://fd16-photos.leclercdrive.fr/image.ashx?id=2960792&use=l&cat=p&typeid=i","cat":288899},{"id":8060,"n":"Coloration Belle Color n°03 Blond doré","p":6.63,"img":"https://fd16-photos.leclercdrive.fr/image.ashx?id=2884357&use=l&cat=p&typeid=i","cat":288899},{"id":8066,"n":"Coloration Belle Color n°20 Chatain clair","p":5.87,"img":"https://fd16-photos.leclercdrive.fr/image.ashx?id=2884366&use=l&cat=p&typeid=i","cat":288899},{"id":8068,"n":"Coloration Belle Color n°22 Chatain","p":5.57,"img":"https://fd16-photos.leclercdrive.fr/image.ashx?id=2884372&use=l&cat=p&typeid=i","cat":288899},{"id":8073,"n":"Coloration Belle Color n°80 Noir","p":5.87,"img":"https://fd16-photos.leclercdrive.fr/image.ashx?id=2884378&use=l&cat=p&typeid=i","cat":288899},{"id":8120,"n":"Cassoulet Saucisse de Toulouse Côté Table - 840g","p":3.63,"u":"4,32 €/KG","img":"https://fd16-photos.leclercdrive.fr/image.ashx?id=2977129&use=l&cat=p&typeid=i","cat":284440},{"id":8125,"n":"Spaghetti Frais Turini 350g","p":1.49,"u":"4,26 €/KG","img":"https://fd16-photos.leclercdrive.fr/image.ashx?id=2840470&use=l&cat=p&typeid=i","cat":333682},{"id":8129,"n":"Soupe Mouliné Régal Soupe 10 légumes variés - 2x30cl","p":1.45,"u":"2,42 €/L","img":"https://fd16-photos.leclercdrive.fr/image.ashx?id=2607476&use=l&cat=p&typeid=i","cat":284462},{"id":8136,"n":"Biscuits raisin GERBLE  - 4x5, 360g","p":1.57,"u":"4,36 €/KG","img":"https://fd16-photos.leclercdrive.fr/image.ashx?id=2578726&use=l&cat=p&typeid=i","cat":318651},{"id":8178,"n":"Infusion Tisea Douce soirée 25 sachets","p":0.99,"u":"28,29 €/KG","img":"https://fd16-photos.leclercdrive.fr/image.ashx?id=2553902&use=l&cat=p&typeid=i","cat":293234},{"id":8182,"n":"Mini Feuilletés Côté Table Saucisse x20 - 350g","p":4.19,"u":"11,97 €/KG","img":"https://fd16-photos.leclercdrive.fr/image.ashx?id=2622016&use=l&cat=p&typeid=i","cat":319774},{"id":8191,"n":"Colin d'Alaska Pêche Océan À la Florentine - MSC - 400g","p":3.49,"u":"8,73 €/KG","img":"https://fd16-photos.leclercdrive.fr/image.ashx?id=2930108&use=l&cat=p&typeid=i","cat":319786},{"id":8194,"n":"Fagots de haricots verts Notre Jardin x6 - 270g","p":3.99,"u":"14,78 €/KG","img":"https://fd16-photos.leclercdrive.fr/image.ashx?id=2900082&use=l&cat=p&typeid=i","cat":319805},{"id":8381,"n":"Soupe instantanée Royco  Bouillon à la Chinoise 3x200ml","p":1.57,"u":"33,40 €/KG","img":"https://fd16-photos.leclercdrive.fr/image.ashx?id=2650976&use=l&cat=p&typeid=i","cat":288992},{"id":8382,"n":"Pâtes spaghetti plat Panzani 500g","p":1.02,"u":"2,04 €/KG","img":"https://fd16-photos.leclercdrive.fr/image.ashx?id=2876041&use=l&cat=p&typeid=i","cat":284427},{"id":8383,"n":"Pâtes Coquillettes Panzani 3 Minutes - 500G","p":1.18,"u":"2,36 €/KG","img":"https://fd16-photos.leclercdrive.fr/image.ashx?id=2867945&use=l&cat=p&typeid=i","cat":284427},{"id":8388,"n":"Pâtes Lustucru macaroni Aux oeufs - 250g","p":1.0,"u":"4,00 €/KG","img":"https://fd16-photos.leclercdrive.fr/image.ashx?id=2519471&use=l&cat=p&typeid=i","cat":284427},{"id":8392,"n":"Torti Weight Watchers St Jacques - 300g","p":4.0,"u":"13,33 €/KG","img":"https://fd16-photos.leclercdrive.fr/image.ashx?id=2610861&use=l&cat=p&typeid=i","cat":333665},{"id":8407,"n":"Crème expert rides Diadermine Nuit Anti-rides - 50ml","p":8.3,"pp":5.48,"u":"109,60 €/L","img":"https://fd16-photos.leclercdrive.fr/image.ashx?id=2500491&use=l&cat=p&typeid=i","cat":325345},{"id":8413,"n":"Biscuits Crackers Tokapi  Nature - 3x100g","p":1.38,"u":"4,60 €/KG","img":"https://fd16-photos.leclercdrive.fr/image.ashx?id=2660550&use=l&cat=p&typeid=i","cat":297000},{"id":8414,"n":"Chocolat au lait Equador Doux et fondant - 100g","p":1.65,"u":"16,50 €/KG","img":"https://fd16-photos.leclercdrive.fr/image.ashx?id=2499382&use=l&cat=p&typeid=i","cat":284497},{"id":8415,"n":"Pâtes coquillettes Turini Les 3 min - 500g","p":0.72,"u":"1,44 €/KG","img":"https://fd16-photos.leclercdrive.fr/image.ashx?id=2607461&use=l&cat=p&typeid=i","cat":284427},{"id":8416,"n":"Parmentier poisson Côté Table 300g","p":2.35,"u":"7,83 €/KG","img":"https://fd16-photos.leclercdrive.fr/image.ashx?id=2970729&use=l&cat=p&typeid=i","cat":333665},{"id":8419,"n":"Biscuits Crackers Tokapi Emmental - 100g","p":0.68,"u":"6,80 €/KG","img":"https://fd16-photos.leclercdrive.fr/image.ashx?id=2351226&use=l&cat=p&typeid=i","cat":297000},{"id":8420,"n":"Chocolat blanc Tablette D'Or Noix de coco - 200g","p":2.69,"u":"13,45 €/KG","img":"https://fd16-photos.leclercdrive.fr/image.ashx?id=2753472&use=l&cat=p&typeid=i","cat":284957},{"id":8433,"n":"Pâtes Coquillettes Panzani Prêt en 3 min - 1kg","p":2.21,"u":"2,21 €/KG","img":"https://fd16-photos.leclercdrive.fr/image.ashx?id=2896093&use=l&cat=p&typeid=i","cat":284427},{"id":8447,"n":"Pommes Pink Lady Barquette x6","p":3.99,"u":"0,67 €/P","img":"https://fd16-photos.leclercdrive.fr/image.ashx?id=2121671&use=l&cat=p&typeid=i","cat":284356},{"id":8474,"n":"Terrines Tous Mes Amis Les délices de la mer - 3x400g","p":3.69,"u":"3,08 €/KG","img":"https://fd16-photos.leclercdrive.fr/image.ashx?id=2832921&use=l&cat=p&typeid=i","cat":285601},{"id":8475,"n":"Serviette hygiénique Doulys Maxi confort - Normal - x18","p":0.99,"u":"0,06 €/P","img":"https://fd16-photos.leclercdrive.fr/image.ashx?id=2838909&use=l&cat=p&typeid=i","cat":284624},{"id":8494,"n":"Biscuits déli matin P'tit Déli Chocolat/pépites - 600g","p":3.18,"u":"5,30 €/KG","img":"https://fd16-photos.leclercdrive.fr/image.ashx?id=2999496&use=l&cat=p&typeid=i","cat":284491},{"id":8515,"n":"Bâtonnets Dentastix Pedigree Moyen chien x28 - 720g","p":7.07,"u":"9,82 €/KG","img":"https://fd16-photos.leclercdrive.fr/image.ashx?id=2980094&use=l&cat=p&typeid=i","cat":294527},{"id":8528,"n":"Sel fin La Baleine Iodé et fluoré - 750g","p":0.75,"u":"1,00 €/KG","img":"https://fd16-photos.leclercdrive.fr/image.ashx?id=2790612&use=l&cat=p&typeid=i","cat":284457},{"id":8533,"n":"Flageolets verts Notre Jardin Extra Fins - 420g","p":1.72,"u":"4,10 €/KG","img":"https://fd16-photos.leclercdrive.fr/image.ashx?id=2371536&use=l&cat=p&typeid=i","cat":312606},{"id":8535,"n":"Olives noires Rustica Entières - 225g","p":0.99,"u":"4,40 €/KG","img":"https://fd16-photos.leclercdrive.fr/image.ashx?id=2499076&use=l&cat=p&typeid=i","cat":284458},{"id":8536,"n":"Savon mains en crème Manava Perles d'oranger - 300ml","p":1.25,"u":"4,17 €/L","img":"https://fd16-photos.leclercdrive.fr/image.ashx?id=2935480&use=l&cat=p&typeid=i","cat":284597},{"id":8539,"n":"Nectar Jafaden Pêche - 1L","p":1.99,"u":"1,99 €/L","img":"https://fd16-photos.leclercdrive.fr/image.ashx?id=2919607&use=l&cat=p&typeid=i","cat":284915},{"id":8540,"n":"Nectar Jafaden Fraise - 1L","p":2.63,"u":"2,63 €/L","img":"https://fd16-photos.leclercdrive.fr/image.ashx?id=2955704&use=l&cat=p&typeid=i","cat":284915},{"id":8544,"n":"Spray Cheveux L'Oréal Paris Fixation Ultra Forte - 300ml","p":4.42,"u":"14,73 €/L","img":"https://fd16-photos.leclercdrive.fr/image.ashx?id=2445331&use=l&cat=p&typeid=i","cat":284609},{"id":8558,"n":"Savon L'Authentique Monsavon Lavant Antibactérien - 6x100g","p":3.72,"u":"6,20 €/KG","img":"https://fd16-photos.leclercdrive.fr/image.ashx?id=2881332&use=l&cat=p&typeid=i","cat":284597},{"id":8564,"n":"Pâtes Barilla  Linguine - 500g","p":1.08,"u":"2,16 €/KG","img":"https://fd16-photos.leclercdrive.fr/image.ashx?id=3004444&use=l&cat=p&typeid=i","cat":284427},{"id":8572,"n":"Tablette chocolat Côte d'Or Chocolat au lait - 200g","p":2.84,"u":"14,20 €/KG","img":"https://fd16-photos.leclercdrive.fr/image.ashx?id=2944362&use=l&cat=p&typeid=i","cat":284497},{"id":8575,"n":"Tablette chocolat Milka Tendre au lait - 2x100g","p":3.2,"u":"16,00 €/KG","img":"https://fd16-photos.leclercdrive.fr/image.ashx?id=2382330&use=l&cat=p&typeid=i","cat":284497},{"id":8576,"n":"Pâtes Barilla Torsades - 500g","p":0.96,"u":"1,92 €/KG","img":"https://fd16-photos.leclercdrive.fr/image.ashx?id=2392224&use=l&cat=p&typeid=i","cat":284427},{"id":8603,"n":"Cocktail Punch Old Nick Planteur 16%vol - 70cl","p":5.7,"u":"8,14 €/L","img":"https://fd16-photos.leclercdrive.fr/image.ashx?id=2999207&use=l&cat=p&typeid=i","cat":284551},{"id":8605,"n":"Liqueur Cointreau 40%vol. - 70cl","p":19.04,"u":"27,20 €/L","img":"https://fd16-photos.leclercdrive.fr/image.ashx?id=2998904&use=l&cat=p&typeid=i","cat":286032},{"id":8642,"n":"Dentifrice Dentamyl Anti-tartre 75ml","p":0.74,"u":"9,87 €/L","img":"https://fd16-photos.leclercdrive.fr/image.ashx?id=2489098&use=l&cat=p&typeid=i","cat":284612},{"id":8643,"n":"Amandes en poudre Tablier Blanc 125g","p":1.6,"u":"12,80 €/KG","img":"https://fd16-photos.leclercdrive.fr/image.ashx?id=2460577&use=l&cat=p&typeid=i","cat":284504},{"id":8645,"n":"Pepites de chocolat Tablier Blanc - 100g","p":1.43,"u":"14,30 €/KG","img":"https://fd16-photos.leclercdrive.fr/image.ashx?id=2723138&use=l&cat=p&typeid=i","cat":284504},{"id":8646,"n":"Noix de Coco Râpée  Tablier Blanc - 125g","p":1.41,"u":"11,28 €/KG","img":"https://fd16-photos.leclercdrive.fr/image.ashx?id=2460583&use=l&cat=p&typeid=i","cat":284504},{"id":8647,"n":"Gélatine alimentaire Tablier 9 feuilles - 17g","p":1.07,"u":"62,94 €/KG","img":"https://fd16-photos.leclercdrive.fr/image.ashx?id=2487446&use=l&cat=p&typeid=i","cat":284504},{"id":8648,"n":"Amandes effilées Tablier Blanc 125g","p":1.9,"u":"15,20 €/KG","img":"https://fd16-photos.leclercdrive.fr/image.ashx?id=2460586&use=l&cat=p&typeid=i","cat":284504},{"id":8649,"n":"Raisins Secs Tablier Blanc 250g","p":1.98,"u":"7,92 €/KG","img":"https://fd16-photos.leclercdrive.fr/image.ashx?id=2460589&use=l&cat=p&typeid=i","cat":284504},{"id":8650,"n":"Arôme fleur d'Oranger Tablier Blanc - 200ml","p":1.24,"u":"6,20 €/L","img":"https://fd16-photos.leclercdrive.fr/image.ashx?id=2487449&use=l&cat=p&typeid=i","cat":284504},{"id":8651,"n":"Arôme naturel de vanille Tablier Blanc 20ml","p":1.15,"u":"57,50 €/L","img":"https://fd16-photos.leclercdrive.fr/image.ashx?id=2487452&use=l&cat=p&typeid=i","cat":284504},{"id":8672,"n":"Nappage Tablier Blanc Caramel - 210g","p":1.25,"u":"5,95 €/KG","img":"https://fd16-photos.leclercdrive.fr/image.ashx?id=2487455&use=l&cat=p&typeid=i","cat":284504},{"id":8673,"n":"Fromage Le Pavé Les Croisés Lait pasteurisé 22% MG - 220g","p":2.36,"u":"10,73 €/KG","img":"https://fd16-photos.leclercdrive.fr/image.ashx?id=2775887&use=l&cat=p&typeid=i","cat":314033},{"id":8678,"n":"Muscat NRT Baume De Venise-15,5%vol - 75cl","p":9.99,"u":"13,32 €/L","img":"https://fd16-photos.leclercdrive.fr/image.ashx?id=2920942&use=l&cat=p&typeid=i","cat":284913},{"id":8683,"n":"Saucisson sec d'Ardèche IGP NRT - 280g","p":5.0,"u":"17,86 €/KG","img":"https://fd16-photos.leclercdrive.fr/image.ashx?id=2753502&use=l&cat=p&typeid=i","cat":316006},{"id":8745,"n":"Lait demi-écrémé Grandlait Bouteille - 6x1L","p":7.08,"u":"1,18 €/L","img":"https://fd16-photos.leclercdrive.fr/image.ashx?id=2914612&use=l&cat=p&typeid=i","cat":284377},{"id":8746,"n":"Sauce Beurre blanc Gastromer 200g","p":1.29,"u":"6,45 €/KG","img":"https://fd16-photos.leclercdrive.fr/image.ashx?id=2504653&use=l&cat=p&typeid=i","cat":284382},{"id":8748,"n":"Lait vitaminé Viva Candia  1% MG - 6x50cl","p":5.98,"u":"1,99 €/L","img":"https://fd16-photos.leclercdrive.fr/image.ashx?id=2891508&use=l&cat=p&typeid=i","cat":317169},{"id":8754,"n":"Sacs congélation Elembal Moyen Zip 20 Sacs","p":1.49,"u":"0,07 €/P","img":"https://fd16-photos.leclercdrive.fr/image.ashx?id=2751886&use=l&cat=p&typeid=i","cat":334134},{"id":8795,"n":"Eau minérale Wattwiller 6x1.5L","p":3.45,"u":"0,38 €/L","img":"https://fd16-photos.leclercdrive.fr/image.ashx?id=2582846&use=l&cat=p&typeid=i","cat":284535},{"id":8796,"n":"Saucisse fine de Lyon NRT 120g","p":1.85,"u":"15,42 €/KG","img":"https://fd16-photos.leclercdrive.fr/image.ashx?id=2743870&use=l&cat=p&typeid=i","cat":316012},{"id":8804,"n":"Brownie P'tit Déli Chocolat pépites 285g","p":1.85,"u":"6,49 €/KG","img":"https://fd16-photos.leclercdrive.fr/image.ashx?id=2663365&use=l&cat=p&typeid=i","cat":294776},{"id":8809,"n":"Galettes Bretonnes P'tit Déli Pur beurre 2x125g","p":1.45,"u":"5,80 €/KG","img":"https://fd16-photos.leclercdrive.fr/image.ashx?id=2847961&use=l&cat=p&typeid=i","cat":284487},{"id":8813,"n":"Fromage frais Malo  Nature - 4x100g","p":1.51,"u":"3,78 €/KG","img":"https://fd16-photos.leclercdrive.fr/image.ashx?id=2462592&use=l&cat=p&typeid=i","cat":284409},{"id":8825,"n":"Barres de céréales Coco Pops Kellogg's - 6x20g","p":1.73,"u":"14,42 €/KG","img":"https://fd16-photos.leclercdrive.fr/image.ashx?id=2677291&use=l&cat=p&typeid=i","cat":285869},{"id":8842,"n":"Couscous poulet bœuf Garbit - 980g","p":4.48,"u":"4,57 €/KG","img":"https://fd16-photos.leclercdrive.fr/image.ashx?id=2677930&use=l&cat=p&typeid=i","cat":325094},{"id":8846,"n":"Jardinière Notre Jardin  De 3 légumes - 420g","p":3.45,"u":"8,21 €/KG","img":"https://fd16-photos.leclercdrive.fr/image.ashx?id=2190005&use=l&cat=p&typeid=i","cat":312607},{"id":8853,"n":"Cappuccino soluble Plantation Chocolat - x8 - 144g","p":2.49,"u":"17,29 €/KG","img":"https://fd16-photos.leclercdrive.fr/image.ashx?id=2460574&use=l&cat=p&typeid=i","cat":284843},{"id":8855,"n":"Sauce Champignons Turini 420g","p":1.15,"u":"2,74 €/KG","img":"https://fd16-photos.leclercdrive.fr/image.ashx?id=2494189&use=l&cat=p&typeid=i","cat":287599},{"id":8857,"n":"Café soluble Plantation Qualité filtre - x25 - 50g","p":2.09,"u":"41,80 €/KG","img":"https://fd16-photos.leclercdrive.fr/image.ashx?id=2834278&use=l&cat=p&typeid=i","cat":284843},{"id":8859,"n":"Café soluble Plantation Chicorée - 100g","p":2.35,"u":"23,50 €/KG","img":"https://fd16-photos.leclercdrive.fr/image.ashx?id=2856468&use=l&cat=p&typeid=i","cat":284843},{"id":8861,"n":"Café soluble Plantation Expresso - x25 - 45g","p":2.29,"u":"50,89 €/KG","img":"https://fd16-photos.leclercdrive.fr/image.ashx?id=2834287&use=l&cat=p&typeid=i","cat":284843},{"id":8864,"n":"Pain de Mie Epi d'or - Nature Longue Conservation - 280g","p":0.74,"u":"2,64 €/KG","img":"https://fd16-photos.leclercdrive.fr/image.ashx?id=2993564&use=l&cat=p&typeid=i","cat":284477},{"id":8869,"n":"Riz complet Comptoir du Grain 10min - 500g","p":1.49,"u":"2,98 €/KG","img":"https://fd16-photos.leclercdrive.fr/image.ashx?id=2909386&use=l&cat=p&typeid=i","cat":284428},{"id":8879,"n":"Coq au Vin de Bergerac NRT 750g","p":4.99,"u":"6,65 €/KG","img":"https://fd16-photos.leclercdrive.fr/image.ashx?id=1888941&use=l&cat=p&typeid=i","cat":284441},{"id":8891,"n":"Soda Jean's Cola Bouteille - 6x1,5L","p":6.52,"u":"0,72 €/L","img":"https://fd16-photos.leclercdrive.fr/image.ashx?id=2637862&use=l&cat=p&typeid=i","cat":284530},{"id":8910,"n":"Jus 3 agrumes Jafaden Pur jus - 1L","p":2.42,"u":"2,42 €/L","img":"https://fd16-photos.leclercdrive.fr/image.ashx?id=2956047&use=l&cat=p&typeid=i","cat":284917},{"id":8931,"n":"Fromage Emmental Paysan Breton Portion - 220g","p":2.59,"u":"11,77 €/KG","img":"https://fd16-photos.leclercdrive.fr/image.ashx?id=2945559&use=l&cat=p&typeid=i","cat":314034},{"id":8932,"n":"Gin Gibson's 37.5%vol - 1L","p":16.71,"u":"16,71 €/L","img":"https://fd16-photos.leclercdrive.fr/image.ashx?id=2766244&use=l&cat=p&typeid=i","cat":284550},{"id":8963,"n":"Fromage à tartiner Madame Loïk Fouetté Ech. Ciboulette - 150g","p":1.74,"u":"11,60 €/KG","img":"https://fd16-photos.leclercdrive.fr/image.ashx?id=2986356&use=l&cat=p&typeid=i","cat":314029},{"id":8966,"n":"Biscuits chien Pedigree Biscrok - 500g","p":1.59,"u":"3,18 €/KG","img":"https://fd16-photos.leclercdrive.fr/image.ashx?id=2983456&use=l&cat=p&typeid=i","cat":294527},{"id":8968,"n":"Chocolat poudre Banania 400g","p":2.71,"u":"6,78 €/KG","img":"https://fd16-photos.leclercdrive.fr/image.ashx?id=2225276&use=l&cat=p&typeid=i","cat":293235},{"id":8977,"n":"Cacahuètes  Benenuts Grillées à sec - 200g","p":1.57,"u":"7,85 €/KG","img":"https://fd16-photos.leclercdrive.fr/image.ashx?id=2389616&use=l&cat=p&typeid=i","cat":284448},{"id":8985,"n":"Soupe Poule au Pot Knorr Déshydratée - 1L","p":0.99,"u":"0,99 €/L","img":"https://fd16-photos.leclercdrive.fr/image.ashx?id=2826471&use=l&cat=p&typeid=i","cat":284463},{"id":8987,"n":"Pâté Hénaff 156g","p":3.99,"u":"25,58 €/KG","img":"https://fd16-photos.leclercdrive.fr/image.ashx?id=2298361&use=l&cat=p&typeid=i","cat":305149},{"id":9007,"n":"Lait concentré sucré Régilait Écrémé - 397g","p":1.65,"u":"4,16 €/KG","img":"https://fd16-photos.leclercdrive.fr/image.ashx?id=2018652&use=l&cat=p&typeid=i","cat":299162},{"id":9033,"n":"Fromage Entremont Dégustation 45%mg - 250g","p":2.84,"u":"11,36 €/KG","img":"https://fd16-photos.leclercdrive.fr/image.ashx?id=2983168&use=l&cat=p&typeid=i","cat":314034},{"id":9043,"n":"Fondue Savoyarde RichesMonts  150g","p":2.65,"u":"17,67 €/KG","img":"https://fd16-photos.leclercdrive.fr/image.ashx?id=2833330&use=l&cat=p&typeid=i","cat":314037},{"id":9055,"n":"Fondue 3 fromages Président  450g","p":5.34,"u":"11,87 €/KG","img":"https://fd16-photos.leclercdrive.fr/image.ashx?id=2632990&use=l&cat=p&typeid=i","cat":314037},{"id":9065,"n":"Fromage tartiflette Ermitage 27%mg - 500g","p":5.93,"u":"11,86 €/KG","img":"https://fd16-photos.leclercdrive.fr/image.ashx?id=2966011&use=l&cat=p&typeid=i","cat":314037},{"id":9080,"n":"Fromage à Tartiner St Môret  Nature 9 Portions - 180g","p":2.2,"u":"12,22 €/KG","img":"https://fd16-photos.leclercdrive.fr/image.ashx?id=2763319&use=l&cat=p&typeid=i","cat":314029},{"id":9105,"n":"Pate Brisée Eco+ A dérouler - 230g","p":0.53,"u":"2,30 €/KG","img":"https://fd16-photos.leclercdrive.fr/image.ashx?id=2744347&use=l&cat=p&typeid=i","cat":333681},{"id":9110,"n":"Bûche de chèvre allégée Soignon Lait pasteurisé 29%mg - 180g","p":2.27,"u":"12,61 €/KG","img":"https://fd16-photos.leclercdrive.fr/image.ashx?id=2886987&use=l&cat=p&typeid=i","cat":314031},{"id":9123,"n":"Café soluble Plantation Café Au Lait Chicorée - 400g","p":3.59,"u":"8,98 €/KG","img":"https://fd16-photos.leclercdrive.fr/image.ashx?id=2834232&use=l&cat=p&typeid=i","cat":284843},{"id":9130,"n":"Mouchoirs blancs 2 plis Caresse Boîte mouchoirs en papier -x110","p":1.33,"u":"0,01 €/P","img":"https://fd16-photos.leclercdrive.fr/image.ashx?id=2390416&use=l&cat=p&typeid=i","cat":284638},{"id":9131,"n":"Gel douche et shampooing Carré Homme Tonifiante - 250ml","p":1.27,"u":"5,08 €/L","img":"https://fd16-photos.leclercdrive.fr/image.ashx?id=2927848&use=l&cat=p&typeid=i","cat":284619},{"id":9132,"n":"Soda Pulp'Orange Canette - 6x33cl","p":3.19,"u":"1,61 €/L","img":"https://fd16-photos.leclercdrive.fr/image.ashx?id=2922406&use=l&cat=p&typeid=i","cat":284532},{"id":9150,"n":"Soupe Velouté Régal Soupe Potiron - 2x30cl","p":1.76,"u":"2,93 €/L","img":"https://fd16-photos.leclercdrive.fr/image.ashx?id=2607473&use=l&cat=p&typeid=i","cat":284462},{"id":9155,"n":"Moussaka Boeuf Côté Table 300g","p":3.24,"u":"10,80 €/KG","img":"https://fd16-photos.leclercdrive.fr/image.ashx?id=2607906&use=l&cat=p&typeid=i","cat":333665},{"id":9177,"n":"Flammekueche d'Alsace NRT 180g","p":2.09,"u":"11,61 €/KG","img":"https://fd16-photos.leclercdrive.fr/image.ashx?id=2743864&use=l&cat=p&typeid=i","cat":333680},{"id":9182,"n":"Chinois La Fournée Dorée Crème patissière, Chocolat 500g","p":2.99,"u":"5,98 €/KG","img":"https://fd16-photos.leclercdrive.fr/image.ashx?id=2342093&use=l&cat=p&typeid=i","cat":293600},{"id":9183,"n":"Boules soufflées Tokapi Tomate - 42g","p":0.57,"u":"13,57 €/KG","img":"https://fd16-photos.leclercdrive.fr/image.ashx?id=2898832&use=l&cat=p&typeid=i","cat":284449},{"id":9223,"n":"Pâtes Capellini Turini 500g","p":0.85,"u":"1,70 €/KG","img":"https://fd16-photos.leclercdrive.fr/image.ashx?id=2607482&use=l&cat=p&typeid=i","cat":284427},{"id":9266,"n":"Ananas papaye mangue DDV Sirop léger - 4x70g","p":2.75,"u":"9,82 €/KG","img":"https://fd16-photos.leclercdrive.fr/image.ashx?id=2100775&use=l&cat=p&typeid=i","cat":284507},{"id":9507,"n":"Cahier Clairefontaine Grands carreaux 96p - 24x32cm","p":3.14,"img":"https://fd16-photos.leclercdrive.fr/image.ashx?id=2726971&use=l&cat=p&typeid=i","cat":284697},{"id":9588,"n":"Pinceaux Esquisse x3 taille 4-10 et 16","p":0.99,"img":"https://fd16-photos.leclercdrive.fr/image.ashx?id=1928713&use=l&cat=p&typeid=i","cat":334133},{"id":9598,"n":"Nuggets Le Gaulois Extra croustillant x10 - 200g","p":2.16,"u":"10,80 €/KG","img":"https://fd16-photos.leclercdrive.fr/image.ashx?id=2645531&use=l&cat=p&typeid=i","cat":333684},{"id":9602,"n":"Copies doubles Esquisse - x300 21x29.7cm","p":2.49,"img":"https://fd16-photos.leclercdrive.fr/image.ashx?id=1698667&use=l&cat=p&typeid=i","cat":284697},{"id":9632,"n":"IGP Pays d'Oc rouge Les Ormes De Cambras 12.5% vol - 75cl","p":2.86,"u":"3,81 €/L","img":"https://fd16-photos.leclercdrive.fr/image.ashx?id=2445121&use=l&cat=p&typeid=i","cat":289556},{"id":9635,"n":"Rhum blanc Charrette 49%vol - 1L","p":16.32,"u":"16,32 €/L","img":"https://fd16-photos.leclercdrive.fr/image.ashx?id=1946417&use=l&cat=p&typeid=i","cat":284550},{"id":9636,"n":"Apéritif sans alcool Palermo Amarino - 1L","p":3.24,"u":"3,24 €/L","img":"https://fd16-photos.leclercdrive.fr/image.ashx?id=1866955&use=l&cat=p&typeid=i","cat":284549},{"id":9638,"n":"AOC Rhum agricole blanc Dillon Martinique 55%vol - 1L","p":19.4,"u":"19,40 €/L","img":"https://fd16-photos.leclercdrive.fr/image.ashx?id=2650946&use=l&cat=p&typeid=i","cat":284550},{"id":9641,"n":"Whisky Ballantine's Finest Blended Scotch 40% vol - 1L","p":20.95,"pp":19.45,"u":"19,45 €/L","img":"https://fd16-photos.leclercdrive.fr/image.ashx?id=2816964&use=l&cat=p&typeid=i","cat":284547},{"id":9692,"n":"Chocolat au lait Equador Coeur Praliné - 150g","p":2.09,"u":"13,93 €/KG","img":"https://fd16-photos.leclercdrive.fr/image.ashx?id=2834293&use=l&cat=p&typeid=i","cat":284497},{"id":9700,"n":"Serviette incontinence Chorys Extra plus - x16","p":4.99,"u":"0,31 €/P","img":"https://fd16-photos.leclercdrive.fr/image.ashx?id=2691171&use=l&cat=p&typeid=i","cat":284628},{"id":9709,"n":"Mini brownies P'tit Déli Chocolat pépites x8 - 240g","p":1.49,"u":"6,21 €/KG","img":"https://fd16-photos.leclercdrive.fr/image.ashx?id=2888938&use=l&cat=p&typeid=i","cat":294776},{"id":9864,"n":"Alcool à brûler Mieuxa 90° - 1L","p":4.2,"u":"4,20 €/L","img":"https://fd16-photos.leclercdrive.fr/image.ashx?id=2446020&use=l&cat=p&typeid=i","cat":300576},{"id":9898,"n":"Culotte absorbante Chorys Taille L - x10","p":6.99,"u":"0,70 €/P","img":"https://fd16-photos.leclercdrive.fr/image.ashx?id=2623004&use=l&cat=p&typeid=i","cat":284628},{"id":9915,"n":"Oignons émincés Notre Jardin 1kg","p":1.75,"u":"1,75 €/KG","img":"https://fd16-photos.leclercdrive.fr/image.ashx?id=2873117&use=l&cat=p&typeid=i","cat":319805},{"id":9916,"n":"Epinards Notre Jardin Feuilles à cuire - 600g","p":1.35,"u":"2,25 €/KG","img":"https://fd16-photos.leclercdrive.fr/image.ashx?id=2916677&use=l&cat=p&typeid=i","cat":319805},{"id":9920,"n":"Riz rond blanc de Camargue NRT 500g","p":1.79,"u":"3,58 €/KG","img":"https://fd16-photos.leclercdrive.fr/image.ashx?id=2663839&use=l&cat=p&typeid=i","cat":284428},{"id":9933,"n":"Mouchoirs blancs 4 plis Caresse Mouchoirs papier - 24 étuis","p":2.51,"u":"0,10 €/P","img":"https://fd16-photos.leclercdrive.fr/image.ashx?id=2870017&use=l&cat=p&typeid=i","cat":284638},{"id":10063,"n":"Whisky Bourbon Four Roses 40%vol - 1L","p":26.5,"u":"26,50 €/L","img":"https://fd16-photos.leclercdrive.fr/image.ashx?id=2929476&use=l&cat=p&typeid=i","cat":284547},{"id":10069,"n":"Gâteaux moelleux Pépito  Pépites de chocolat - 150g","p":1.21,"u":"8,07 €/KG","img":"https://fd16-photos.leclercdrive.fr/image.ashx?id=2374396&use=l&cat=p&typeid=i","cat":284495},{"id":10074,"n":"Tablette de chocolat Equador Noir et menthe 100g","p":1.19,"u":"11,90 €/KG","img":"https://fd16-photos.leclercdrive.fr/image.ashx?id=2834296&use=l&cat=p&typeid=i","cat":284956},{"id":10076,"n":"Tablette chocolat Equador Noir framboise 100g","p":1.82,"u":"18,20 €/KG","img":"https://fd16-photos.leclercdrive.fr/image.ashx?id=2834290&use=l&cat=p&typeid=i","cat":284956},{"id":10091,"n":"Filets maquereaux Pêche Océan Tomate basilic - 169g","p":1.46,"u":"8,64 €/KG","img":"https://fd16-photos.leclercdrive.fr/image.ashx?id=2394657&use=l&cat=p&typeid=i","cat":303868},{"id":10093,"n":"Palets légumes Notre Jardin Poireaux Carottes - x8 300g","p":1.99,"u":"6,63 €/KG","img":"https://fd16-photos.leclercdrive.fr/image.ashx?id=2878708&use=l&cat=p&typeid=i","cat":319802},{"id":10126,"n":"Pomme de terre Patato Rigolo Pom'Lisse 750g","p":1.94,"u":"2,59 €/KG","img":"https://fd16-photos.leclercdrive.fr/image.ashx?id=2958323&use=l&cat=p&typeid=i","cat":319792},{"id":10154,"n":"Boules pralinées Jacquot Chocolat lait - 1kg","p":9.44,"u":"9,44 €/KG","img":"https://fd16-photos.leclercdrive.fr/image.ashx?id=2303300&use=l&cat=p&typeid=i","cat":327595},{"id":10163,"n":"Palets légumes Notre Jardin Choux-fleurs Brocolis - x8 300g","p":2.1,"u":"7,00 €/KG","img":"https://fd16-photos.leclercdrive.fr/image.ashx?id=2878714&use=l&cat=p&typeid=i","cat":319802},{"id":10211,"n":"Pâtes Nouilles Turini 1kg","p":1.35,"u":"1,35 €/KG","img":"https://fd16-photos.leclercdrive.fr/image.ashx?id=2980761&use=l&cat=p&typeid=i","cat":284427},{"id":10212,"n":"Rubans anti-mouches Insectivor x4","p":0.85,"u":"0,21 €/P","img":"https://fd16-photos.leclercdrive.fr/image.ashx?id=2555077&use=l&cat=p&typeid=i","cat":298368},{"id":10215,"n":"Sauce Basquaise Rustica Aux 2 poivrons - 400g","p":1.29,"u":"3,23 €/KG","img":"https://fd16-photos.leclercdrive.fr/image.ashx?id=2887398&use=l&cat=p&typeid=i","cat":287599},{"id":10216,"n":"Sauce Aigre Douce Rustica Légumes croquants - 400g","p":1.28,"u":"3,20 €/KG","img":"https://fd16-photos.leclercdrive.fr/image.ashx?id=2887401&use=l&cat=p&typeid=i","cat":287599},{"id":10217,"n":"Sauce Curry Rustica Légumes et lait de coco - 400g","p":1.31,"u":"3,28 €/KG","img":"https://fd16-photos.leclercdrive.fr/image.ashx?id=2887404&use=l&cat=p&typeid=i","cat":287599},{"id":10220,"n":"Tampons Doulys Compact Normal - x20","p":2.24,"u":"0,11 €/P","img":"https://fd16-photos.leclercdrive.fr/image.ashx?id=2965464&use=l&cat=p&typeid=i","cat":284626},{"id":10231,"n":"Confiture Douceur du verger Framboises - Allégée - 340g","p":1.24,"u":"3,65 €/KG","img":"https://fd16-photos.leclercdrive.fr/image.ashx?id=2965473&use=l&cat=p&typeid=i","cat":284480},{"id":10232,"n":"Confiture Douceur du Verger Allégée Pêche 340g","p":1.32,"u":"3,88 €/KG","img":"https://fd16-photos.leclercdrive.fr/image.ashx?id=2965476&use=l&cat=p&typeid=i","cat":284480},{"id":10344,"n":"Petit Beurre Pocket P'ti Déli 3x12 sachets 300g","p":1.68,"u":"5,60 €/KG","img":"https://fd16-photos.leclercdrive.fr/image.ashx?id=1965518&use=l&cat=p&typeid=i","cat":284487},{"id":10346,"n":"Vinaigrette allégée Rustica Balsamique huile d'olive - 50cl","p":2.49,"u":"4,98 €/L","img":"https://fd16-photos.leclercdrive.fr/image.ashx?id=1972913&use=l&cat=p&typeid=i","cat":284456},{"id":10382,"n":"Choucroute Royale Côté Table 400g","p":1.99,"u":"4,98 €/KG","img":"https://fd16-photos.leclercdrive.fr/image.ashx?id=2977147&use=l&cat=p&typeid=i","cat":284441},{"id":10384,"n":"Sauce Chasseur Knorr 23g","p":0.75,"u":"32,61 €/KG","img":"https://fd16-photos.leclercdrive.fr/image.ashx?id=1936770&use=l&cat=p&typeid=i","cat":288381},{"id":10398,"n":"Biscuit apéritif ancel Bretzels Maxi - 200g","p":0.83,"u":"4,15 €/KG","img":"https://fd16-photos.leclercdrive.fr/image.ashx?id=2991813&use=l&cat=p&typeid=i","cat":297000},{"id":10406,"n":"Vinaigre d'alcool doux Melfor Miel et infusion plantes - 1L","p":1.61,"u":"1,61 €/L","img":"https://fd16-photos.leclercdrive.fr/image.ashx?id=2289909&use=l&cat=p&typeid=i","cat":298543},{"id":10465,"n":"Adoucissant Hyperdou Pure caresse - 3x250ml","p":1.19,"u":"1,59 €/L","img":"https://fd16-photos.leclercdrive.fr/image.ashx?id=2809078&use=l&cat=p&typeid=i","cat":284650},{"id":10526,"n":"Pommes Noisettes McCain 1kg","p":2.37,"u":"2,37 €/KG","img":"https://fd16-photos.leclercdrive.fr/image.ashx?id=2911312&use=l&cat=p&typeid=i","cat":319792},{"id":10527,"n":"Pommes Rissolées McCain  1kg","p":2.38,"u":"2,38 €/KG","img":"https://fd16-photos.leclercdrive.fr/image.ashx?id=2911309&use=l&cat=p&typeid=i","cat":319792},{"id":10591,"n":"Spray vitrocéramique Clair 500ml","p":3.42,"u":"6,84 €/L","img":"https://fd16-photos.leclercdrive.fr/image.ashx?id=2049052&use=l&cat=p&typeid=i","cat":325363},{"id":10629,"n":"Saucisse Isla Délice Halal - Goût boeuf - 500g","p":2.15,"u":"4,30 €/KG","img":"https://fd16-photos.leclercdrive.fr/image.ashx?id=1747082&use=l&cat=p&typeid=i","cat":316013},{"id":10637,"n":"Crème entière Délisse Fluide - 30% MG - 2x25cl","p":2.72,"u":"5,44 €/L","img":"https://fd16-photos.leclercdrive.fr/image.ashx?id=3002560&use=l&cat=p&typeid=i","cat":284381},{"id":10638,"n":"Crème légère fluide UHT Délisse 12%mg - 2x25cl","p":2.36,"u":"4,72 €/L","img":"https://fd16-photos.leclercdrive.fr/image.ashx?id=3002563&use=l&cat=p&typeid=i","cat":284381},{"id":10655,"n":"IGP Pays d'Oc rouge Cabernet Sauvignon 12.5% vol - 75cl","p":2.86,"u":"3,81 €/L","img":"https://fd16-photos.leclercdrive.fr/image.ashx?id=2189904&use=l&cat=p&typeid=i","cat":289556},{"id":10658,"n":"Beurre gastronomique Président Doux - 82% MG - 125g","p":1.79,"u":"14,32 €/KG","img":"https://fd16-photos.leclercdrive.fr/image.ashx?id=2740592&use=l&cat=p&typeid=i","cat":284379},{"id":10727,"n":"IGP Pays d'oc blanc Roche Mazet Sauvignon 12% vol - 75 cl","p":3.11,"u":"4,15 €/L","img":"https://fd16-photos.leclercdrive.fr/image.ashx?id=2342024&use=l&cat=p&typeid=i","cat":289557},{"id":10767,"n":"Riz cantonais Comptoir du Grain Express 2 min - 250g","p":1.19,"u":"4,76 €/KG","img":"https://fd16-photos.leclercdrive.fr/image.ashx?id=2441198&use=l&cat=p&typeid=i","cat":287600},{"id":10781,"n":"Chair de tomate Notre Jardin Nature - 400g","p":1.99,"u":"4,98 €/KG","img":"https://fd16-photos.leclercdrive.fr/image.ashx?id=2590436&use=l&cat=p&typeid=i","cat":312608},{"id":10785,"n":"Mogette cuisinée NRT De Vendée - 820g","p":3.01,"u":"3,67 €/KG","img":"https://fd16-photos.leclercdrive.fr/image.ashx?id=2771384&use=l&cat=p&typeid=i","cat":312606},{"id":10787,"n":"Huile de colza Bio Village Bio - 75cl","p":3.79,"u":"5,05 €/L","img":"https://fd16-photos.leclercdrive.fr/image.ashx?id=2989715&use=l&cat=p&typeid=i","cat":284453},{"id":10927,"n":"Noix de cajou grilées Eco+ Salées - 125g","p":1.34,"u":"10,72 €/KG","img":"https://fd16-photos.leclercdrive.fr/image.ashx?id=2839815&use=l&cat=p&typeid=i","cat":284448},{"id":10928,"n":"Mélange Eco+ Graines et raisin - 200g","p":1.45,"u":"7,25 €/KG","img":"https://fd16-photos.leclercdrive.fr/image.ashx?id=2780713&use=l&cat=p&typeid=i","cat":284448},{"id":10929,"n":"Madeleines longues Eco+ 250g","p":0.89,"u":"3,56 €/KG","img":"https://fd16-photos.leclercdrive.fr/image.ashx?id=2875672&use=l&cat=p&typeid=i","cat":284492},{"id":10930,"n":"Chocolat pâtissier Eco+ Spécial dessert 200g","p":1.59,"u":"7,95 €/KG","img":"https://fd16-photos.leclercdrive.fr/image.ashx?id=2793140&use=l&cat=p&typeid=i","cat":285562},{"id":10933,"n":"Huile olive Eco+ Extra vierge - 1L","p":6.67,"u":"6,67 €/L","img":"https://fd16-photos.leclercdrive.fr/image.ashx?id=2699547&use=l&cat=p&typeid=i","cat":284453},{"id":10938,"n":"Barquette chien Eco+ Au boeuf - 300g","p":0.52,"u":"1,73 €/KG","img":"https://fd16-photos.leclercdrive.fr/image.ashx?id=2052829&use=l&cat=p&typeid=i","cat":284673},{"id":10945,"n":"Boules de graisse Eco+ x6 - 540g","p":0.75,"u":"1,39 €/KG","img":"https://fd16-photos.leclercdrive.fr/image.ashx?id=2220275&use=l&cat=p&typeid=i","cat":284678},{"id":10968,"n":"Jus d'ananas Andros Ananas pressés - 1L","p":3.28,"u":"3,28 €/L","img":"https://fd16-photos.leclercdrive.fr/image.ashx?id=2292203&use=l&cat=p&typeid=i","cat":285435},{"id":10994,"n":"Gâteaux P'tit Déli Pépites de chocolat 10x30g","p":1.89,"u":"6,30 €/KG","img":"https://fd16-photos.leclercdrive.fr/image.ashx?id=1947354&use=l&cat=p&typeid=i","cat":284495},{"id":11003,"n":"Compote Douceur du Verger Coupelle pomme poire - 4x100g","p":1.34,"u":"3,35 €/KG","img":"https://fd16-photos.leclercdrive.fr/image.ashx?id=2878717&use=l&cat=p&typeid=i","cat":284508},{"id":11007,"n":"Barquettes chats Tous mes amis Les Menus 4 variétés - 8x100g","p":4.49,"u":"5,61 €/KG","img":"https://fd16-photos.leclercdrive.fr/image.ashx?id=2050645&use=l&cat=p&typeid=i","cat":285286},{"id":11024,"n":"Mayonnaise Rustica A la moutarde de Dijon - 175g","p":0.66,"u":"3,77 €/KG","img":"https://fd16-photos.leclercdrive.fr/image.ashx?id=2954349&use=l&cat=p&typeid=i","cat":298295},{"id":11033,"n":"Compote Douceur du Verger Gourdes pomme - 4x90g","p":0.99,"u":"2,75 €/KG","img":"https://fd16-photos.leclercdrive.fr/image.ashx?id=2837042&use=l&cat=p&typeid=i","cat":284508},{"id":11042,"n":"Crêpes Côté Table Fromage fondu x20 1kg","p":3.29,"u":"3,29 €/KG","img":"https://fd16-photos.leclercdrive.fr/image.ashx?id=2756849&use=l&cat=p&typeid=i","cat":319776},{"id":11070,"n":"Soupe instantanée Royco  Oignons & Croûtons - 4x200ml","p":1.56,"u":"19,50 €/KG","img":"https://fd16-photos.leclercdrive.fr/image.ashx?id=2650985&use=l&cat=p&typeid=i","cat":293527},{"id":11079,"n":"Brioches fourrées Epi d'Or Chocolat x8 - 310g","p":1.64,"u":"5,29 €/KG","img":"https://fd16-photos.leclercdrive.fr/image.ashx?id=2860730&use=l&cat=p&typeid=i","cat":293505},{"id":11146,"n":"Lait demi-écrémé Brique - 6x1L","p":5.63,"u":"0,94 €/L","img":"https://fd16-photos.leclercdrive.fr/image.ashx?id=1682829&use=l&cat=p&typeid=i","cat":284377},{"id":11175,"n":"Plat bébé soir Blédiner 8 mois Risotto courgette - 2x200g","p":2.38,"u":"5,95 €/KG","img":"https://fd16-photos.leclercdrive.fr/image.ashx?id=2921043&use=l&cat=p&typeid=i","cat":312239},{"id":11176,"n":"Lait céréales bébé Blédiner 6m Courgette soir - 2x250ml","p":1.84,"u":"3,68 €/L","img":"https://fd16-photos.leclercdrive.fr/image.ashx?id=2960147&use=l&cat=p&typeid=i","cat":312239},{"id":11178,"n":"Plat bébé soir Blédiner 12 mois Pâtes tomate courgette - 2x200g","p":2.34,"u":"5,85 €/KG","img":"https://fd16-photos.leclercdrive.fr/image.ashx?id=2902966&use=l&cat=p&typeid=i","cat":312239},{"id":11225,"n":"AOP Blaye Côtes de Bordeaux vin rouge Chantet Blanet - BIB 3L","p":11.99,"u":"4,00 €/L","img":"https://fd16-photos.leclercdrive.fr/image.ashx?id=2780719&use=l&cat=p&typeid=i","cat":289560},{"id":11292,"n":"AOC Clairette de Die Jaillance Esprit de terroirTradition 75cl","p":5.95,"u":"7,93 €/L","img":"https://fd16-photos.leclercdrive.fr/image.ashx?id=2453499&use=l&cat=p&typeid=i","cat":284545},{"id":11308,"n":"Couscous Tipiak - Grain moyen Prêt en 4 min - 1kg","p":1.82,"u":"1,82 €/KG","img":"https://fd16-photos.leclercdrive.fr/image.ashx?id=2947826&use=l&cat=p&typeid=i","cat":284429},{"id":11365,"n":"Crème aux oeufs La Laitière Vanille - 4x100g","p":1.77,"u":"4,43 €/KG","img":"https://fd16-photos.leclercdrive.fr/image.ashx?id=3007987&use=l&cat=p&typeid=i","cat":284419},{"id":11367,"n":"Yaourt à la grecque YAOS Nature - 4x150g","p":2.1,"u":"3,50 €/KG","img":"https://fd16-photos.leclercdrive.fr/image.ashx?id=2365006&use=l&cat=p&typeid=i","cat":314999},{"id":11455,"n":"Pasta Box Sodebo Tortellini Ricotta Épinards - 280g","p":2.77,"u":"9,89 €/KG","img":"https://fd16-photos.leclercdrive.fr/image.ashx?id=2919778&use=l&cat=p&typeid=i","cat":334983},{"id":11464,"n":"Pointe de brie Président Crémeux - 200g","p":1.99,"u":"9,95 €/KG","img":"https://fd16-photos.leclercdrive.fr/image.ashx?id=2029841&use=l&cat=p&typeid=i","cat":314033},{"id":11499,"n":"Lait Bio entier Lactel UHT Bouteille - 6x1l","p":12.3,"u":"2,05 €/L","img":"https://fd16-photos.leclercdrive.fr/image.ashx?id=2892775&use=l&cat=p&typeid=i","cat":285610},{"id":11503,"n":"Crème gourmande Mamie Nova Vanille bourbon 2x150g","p":1.66,"u":"5,53 €/KG","img":"https://fd16-photos.leclercdrive.fr/image.ashx?id=2909017&use=l&cat=p&typeid=i","cat":285041},{"id":11507,"n":"Yaourts Mamie Nova Noix de coco - 2x150g","p":1.37,"u":"4,57 €/KG","img":"https://fd16-photos.leclercdrive.fr/image.ashx?id=2888488&use=l&cat=p&typeid=i","cat":284410},{"id":11516,"n":"Mi-bas voile résistant Tissaia Beige foncé taille unique - x3","p":2.7,"u":"0,90 €/P","img":"https://fd16-photos.leclercdrive.fr/image.ashx?id=2193347&use=l&cat=p&typeid=i","cat":334130},{"id":11518,"n":"Mi-bas voile Tissaia Noir - Taille unique - x3","p":2.3,"u":"0,77 €/P","img":"https://fd16-photos.leclercdrive.fr/image.ashx?id=2193338&use=l&cat=p&typeid=i","cat":334130},{"id":11521,"n":"Socquettes mousse Tissaia Noires TU - x3","p":1.85,"u":"0,62 €/P","img":"https://fd16-photos.leclercdrive.fr/image.ashx?id=2660495&use=l&cat=p&typeid=i","cat":334130},{"id":11522,"n":"Socquettes mousse Tissaia Elasthanne beige moyen TU - x3","p":1.85,"u":"0,62 €/P","img":"https://fd16-photos.leclercdrive.fr/image.ashx?id=2660498&use=l&cat=p&typeid=i","cat":334130},{"id":11527,"n":"Essuie-tout blanc Mimosa Super absorbant - x6","p":3.74,"u":"0,62 €/P","img":"https://fd16-photos.leclercdrive.fr/image.ashx?id=2713262&use=l&cat=p&typeid=i","cat":284635},{"id":11530,"n":"Crème gourmande Mamie Nova Cappucino 2x150g","p":1.53,"u":"5,10 €/KG","img":"https://fd16-photos.leclercdrive.fr/image.ashx?id=2909023&use=l&cat=p&typeid=i","cat":285041},{"id":11561,"n":"Boisson sans alcool D'Artigny Classic - 75cl","p":3.28,"u":"4,37 €/L","img":"https://fd16-photos.leclercdrive.fr/image.ashx?id=2804430&use=l&cat=p&typeid=i","cat":289460},{"id":11562,"n":"Boisson sans alcool D'Artigny Pêche - 75cl","p":3.31,"u":"4,41 €/L","img":"https://fd16-photos.leclercdrive.fr/image.ashx?id=2854393&use=l&cat=p&typeid=i","cat":289460},{"id":11587,"n":"Papier toilette Mimosa Rose - Ultra doux - x12","p":2.82,"u":"0,24 €/P","img":"https://fd16-photos.leclercdrive.fr/image.ashx?id=2790919&use=l&cat=p&typeid=i","cat":284634},{"id":11611,"n":"Avocats mûrs à point  Panier du Primeur x2","p":3.39,"u":"1,70 €/P","img":"https://fd16-photos.leclercdrive.fr/image.ashx?id=2373012&use=l&cat=p&typeid=i","cat":284352},{"id":11639,"n":"Mi-bas Well Elastivoile Satiné ibiza taille U x2","p":4.45,"img":"https://fd16-photos.leclercdrive.fr/image.ashx?id=2056389&use=l&cat=p&typeid=i","cat":334130},{"id":11642,"n":"Mi-bas Well Actiwell Circulation ibiza T39/41 x1","p":2.59,"img":"https://fd16-photos.leclercdrive.fr/image.ashx?id=2056407&use=l&cat=p&typeid=i","cat":334130},{"id":11643,"n":"Mi-bas Well Actiwell Circulation noir T39/41 x1","p":2.59,"img":"https://fd16-photos.leclercdrive.fr/image.ashx?id=2587539&use=l&cat=p&typeid=i","cat":334130},{"id":11646,"n":"Mi-bas Well Actiwell Circulation noir T36/38 x1","p":2.59,"img":"https://fd16-photos.leclercdrive.fr/image.ashx?id=2587542&use=l&cat=p&typeid=i","cat":334130},{"id":11664,"n":"Collant voile Tissaia Résistant noir T1 - x2","p":2.5,"u":"1,25 €/P","img":"https://fd16-photos.leclercdrive.fr/image.ashx?id=2193048&use=l&cat=p&typeid=i","cat":334130},{"id":11669,"n":"Collant voile Tissaia Résistant noir T2 - x2","p":2.5,"u":"1,25 €/P","img":"https://fd16-photos.leclercdrive.fr/image.ashx?id=2193054&use=l&cat=p&typeid=i","cat":334130},{"id":11673,"n":"Collant voile Tissaia Résistant noir T3 - x2","p":2.5,"u":"1,25 €/P","img":"https://fd16-photos.leclercdrive.fr/image.ashx?id=2193060&use=l&cat=p&typeid=i","cat":334130},{"id":11675,"n":"Collant voile Tissaia Résistant beige foncé T4 - x2","p":2.5,"u":"1,25 €/P","img":"https://fd16-photos.leclercdrive.fr/image.ashx?id=2193063&use=l&cat=p&typeid=i","cat":334130},{"id":11677,"n":"Collant voile résistant Tissaia Résistant noir T4 - x2","p":2.5,"u":"1,25 €/P","img":"https://fd16-photos.leclercdrive.fr/image.ashx?id=2193066&use=l&cat=p&typeid=i","cat":334130},{"id":11679,"n":"Collant voile Tissaia Résistant beige foncé T5 - x2","p":2.5,"u":"1,25 €/P","img":"https://fd16-photos.leclercdrive.fr/image.ashx?id=2193069&use=l&cat=p&typeid=i","cat":334130},{"id":11683,"n":"Collant voile Tissaia Résistant beige foncé T6 - x2","p":2.5,"u":"1,25 €/P","img":"https://fd16-photos.leclercdrive.fr/image.ashx?id=2193075&use=l&cat=p&typeid=i","cat":334130},{"id":11684,"n":"Collants Well Elastivoile Résistant noir T3","p":3.45,"img":"https://fd16-photos.leclercdrive.fr/image.ashx?id=2056545&use=l&cat=p&typeid=i","cat":334130},{"id":11685,"n":"Collant voile Tissaia Résistant noir T6 - x2","p":2.5,"u":"1,25 €/P","img":"https://fd16-photos.leclercdrive.fr/image.ashx?id=2193078&use=l&cat=p&typeid=i","cat":334130},{"id":11689,"n":"Collant mousse Tissaia Confort beige moyen T2 - x2","p":1.95,"u":"0,98 €/P","img":"https://fd16-photos.leclercdrive.fr/image.ashx?id=2193084&use=l&cat=p&typeid=i","cat":334130},{"id":11690,"n":"Collant mousse Tissaia Confort beige moyen T3 - x2","p":1.95,"u":"0,98 €/P","img":"https://fd16-photos.leclercdrive.fr/image.ashx?id=2193087&use=l&cat=p&typeid=i","cat":334130},{"id":11692,"n":"Collant mousse Tissaia Confort beige moyen T4 - x2","p":1.95,"u":"0,98 €/P","img":"https://fd16-photos.leclercdrive.fr/image.ashx?id=2193090&use=l&cat=p&typeid=i","cat":334130},{"id":11742,"n":"Mi-bas voile Tissaia Beige foncé taille unique - x3","p":2.3,"u":"0,77 €/P","img":"https://fd16-photos.leclercdrive.fr/image.ashx?id=2193341&use=l&cat=p&typeid=i","cat":334130},{"id":11744,"n":"Mi-bas voile Tissaia Naturel taille unique - x3","p":2.3,"u":"0,77 €/P","img":"https://fd16-photos.leclercdrive.fr/image.ashx?id=2193344&use=l&cat=p&typeid=i","cat":334130},{"id":11809,"n":"Collants Well Elastivoile Résistant ibiza T4","p":3.45,"img":"https://fd16-photos.leclercdrive.fr/image.ashx?id=2560837&use=l&cat=p&typeid=i","cat":334130},{"id":11810,"n":"Collant Well Elastivoile Résistant noir T4","p":3.45,"img":"https://fd16-photos.leclercdrive.fr/image.ashx?id=2056374&use=l&cat=p&typeid=i","cat":334130},{"id":11822,"n":"Bonbons Werther's Original Caramel - 300g","p":3.25,"u":"10,83 €/KG","img":"https://fd16-photos.leclercdrive.fr/image.ashx?id=2659798&use=l&cat=p&typeid=i","cat":304252},{"id":11878,"n":"AOC Bordeaux vin rouge Chantet Blanet - BIB 3L","p":9.99,"u":"3,33 €/L","img":"https://fd16-photos.leclercdrive.fr/image.ashx?id=2708456&use=l&cat=p&typeid=i","cat":289560},{"id":11879,"n":"AOC Côtes du Rhône vin rouge Grégoire XI - BIB 3L","p":9.99,"u":"3,33 €/L","img":"https://fd16-photos.leclercdrive.fr/image.ashx?id=2714980&use=l&cat=p&typeid=i","cat":289560},{"id":11880,"n":"AOC Vouvray brut Les Caractères - 75cl","p":5.99,"u":"7,99 €/L","img":"https://fd16-photos.leclercdrive.fr/image.ashx?id=2801043&use=l&cat=p&typeid=i","cat":284544},{"id":11881,"n":"AOP Vouvray demi-sec Les Caractères - 75cl","p":5.99,"u":"7,99 €/L","img":"https://fd16-photos.leclercdrive.fr/image.ashx?id=2961668&use=l&cat=p&typeid=i","cat":284544},{"id":11886,"n":"IGP Pays d'Oc Gris vin rosé Rives & Terrasses 12.5% BIB 3L","p":8.49,"u":"2,83 €/L","img":"https://fd16-photos.leclercdrive.fr/image.ashx?id=2909383&use=l&cat=p&typeid=i","cat":289560},{"id":11895,"n":"AOC Côtes du Rhône vin rouge Grégoire XI - BIB 5L","p":16.49,"u":"3,30 €/L","img":"https://fd16-photos.leclercdrive.fr/image.ashx?id=2155297&use=l&cat=p&typeid=i","cat":289560},{"id":12000,"n":"Couscous Comptoir du Grain Grain moyen - 5x100g","p":0.84,"u":"1,68 €/KG","img":"https://fd16-photos.leclercdrive.fr/image.ashx?id=3012815&use=l&cat=p&typeid=i","cat":284429},{"id":12012,"n":"Riz Vivien Paille superfino Spécial risotto - 1kg","p":3.02,"u":"3,02 €/KG","img":"https://fd16-photos.leclercdrive.fr/image.ashx?id=2280296&use=l&cat=p&typeid=i","cat":284428},{"id":12014,"n":"Riz Basmati Vivien Paille 1kg","p":3.65,"u":"3,65 €/KG","img":"https://fd16-photos.leclercdrive.fr/image.ashx?id=2326361&use=l&cat=p&typeid=i","cat":284428},{"id":12015,"n":"Riz long Vivien Paille Bomba perliz cello 1kg","p":2.76,"u":"2,76 €/KG","img":"https://fd16-photos.leclercdrive.fr/image.ashx?id=2284085&use=l&cat=p&typeid=i","cat":284428},{"id":12017,"n":"Riz rond Vivien Paille dessert Perliz cello - 1kg","p":2.34,"u":"2,34 €/KG","img":"https://fd16-photos.leclercdrive.fr/image.ashx?id=2284082&use=l&cat=p&typeid=i","cat":284428},{"id":12063,"n":"Rasoirs jetables Bic sensitive 3 lames - x12","p":4.9,"u":"0,41 €/P","img":"https://fd16-photos.leclercdrive.fr/image.ashx?id=2768502&use=l&cat=p&typeid=i","cat":284616},{"id":12078,"n":"Pâte à tartiner Nustikao 400g","p":1.83,"u":"4,58 €/KG","img":"https://fd16-photos.leclercdrive.fr/image.ashx?id=2856411&use=l&cat=p&typeid=i","cat":284481},{"id":12080,"n":"Boisson énergisante X-tense Canette - 25cl","p":0.39,"u":"1,56 €/L","img":"https://fd16-photos.leclercdrive.fr/image.ashx?id=2956041&use=l&cat=p&typeid=i","cat":284533},{"id":12109,"n":"Purée de piments Suzi Wan 100g","p":1.52,"u":"15,20 €/KG","img":"https://fd16-photos.leclercdrive.fr/image.ashx?id=2892565&use=l&cat=p&typeid=i","cat":288992},{"id":12236,"n":"Spaghetti d'Alsace NRT 250g","p":1.39,"u":"5,56 €/KG","img":"https://fd16-photos.leclercdrive.fr/image.ashx?id=2839983&use=l&cat=p&typeid=i","cat":284427},{"id":12245,"n":"Galettes Bretonnes P'tit Déli Pépites chocolat 130g","p":1.34,"u":"10,31 €/KG","img":"https://fd16-photos.leclercdrive.fr/image.ashx?id=2387973&use=l&cat=p&typeid=i","cat":284487},{"id":12258,"n":"Gros sel de l'Ile de Ré NRT Sachet -1kg","p":1.69,"u":"1,69 €/KG","img":"https://fd16-photos.leclercdrive.fr/image.ashx?id=2802879&use=l&cat=p&typeid=i","cat":284457},{"id":12261,"n":"Double concentré tomates Turini 3X70g","p":2.15,"u":"10,24 €/KG","img":"https://fd16-photos.leclercdrive.fr/image.ashx?id=3012394&use=l&cat=p&typeid=i","cat":288384},{"id":12342,"n":"Sucettes Chupa Chups Fresh cola - 192g","p":2.2,"u":"11,46 €/KG","img":"https://fd16-photos.leclercdrive.fr/image.ashx?id=2149489&use=l&cat=p&typeid=i","cat":304252},{"id":12362,"n":"Thon entier Pêche Océan Naturel - 2x140g","p":3.75,"u":"13,39 €/KG","img":"https://fd16-photos.leclercdrive.fr/image.ashx?id=2941420&use=l&cat=p&typeid=i","cat":303867},{"id":12363,"n":"Thon entier Pêche Océan Naturel - 3x93g","p":3.99,"u":"14,30 €/KG","img":"https://fd16-photos.leclercdrive.fr/image.ashx?id=2941408&use=l&cat=p&typeid=i","cat":303867},{"id":12373,"n":"Moutarde Rustica Mi-forte - 415g","p":1.27,"u":"3,06 €/KG","img":"https://fd16-photos.leclercdrive.fr/image.ashx?id=1961437&use=l&cat=p&typeid=i","cat":288850},{"id":12374,"n":"Purée de tomates Turini 3x200g","p":1.19,"u":"1,98 €/KG","img":"https://fd16-photos.leclercdrive.fr/image.ashx?id=2174684&use=l&cat=p&typeid=i","cat":288384},{"id":12376,"n":"Pâtes Alphabet Turini 500g","p":0.99,"u":"1,98 €/KG","img":"https://fd16-photos.leclercdrive.fr/image.ashx?id=2980800&use=l&cat=p&typeid=i","cat":284427},{"id":12384,"n":"Thon entier Pêche Océan Huile de tournesol - 3x80g","p":2.49,"u":"10,38 €/KG","img":"https://fd16-photos.leclercdrive.fr/image.ashx?id=2941405&use=l&cat=p&typeid=i","cat":303867},{"id":12391,"n":"Sirop Frucci Fraise - 1L","p":3.5,"u":"3,50 €/L","img":"https://fd16-photos.leclercdrive.fr/image.ashx?id=2954076&use=l&cat=p&typeid=i","cat":295020},{"id":12394,"n":"Nectar Jafaden Abricot - 4x20cl","p":2.68,"u":"3,35 €/L","img":"https://fd16-photos.leclercdrive.fr/image.ashx?id=2955674&use=l&cat=p&typeid=i","cat":284524},{"id":12396,"n":"100% Pur jus de tomate Jafaden - 4x20cl","p":2.32,"u":"2,90 €/L","img":"https://fd16-photos.leclercdrive.fr/image.ashx?id=2562858&use=l&cat=p&typeid=i","cat":284523},{"id":12397,"n":"Vin mousseux d'Union Européenne Brut Blazer - 75 cl","p":3.15,"u":"4,20 €/L","img":"https://fd16-photos.leclercdrive.fr/image.ashx?id=2623950&use=l&cat=p&typeid=i","cat":284544},{"id":12421,"n":"Vinaigre de vin Rustica Aromatisé Framboise - 50cl","p":1.99,"u":"3,98 €/L","img":"https://fd16-photos.leclercdrive.fr/image.ashx?id=2142181&use=l&cat=p&typeid=i","cat":298543},{"id":12422,"n":"Jus de citron vert Rustica 2x12,5cll","p":1.31,"u":"5,24 €/L","img":"https://fd16-photos.leclercdrive.fr/image.ashx?id=2974789&use=l&cat=p&typeid=i","cat":288383},{"id":12438,"n":"Vinaigre Balsamique MAILLE Velours de Modène - 25cl","p":3.34,"u":"13,36 €/L","img":"https://fd16-photos.leclercdrive.fr/image.ashx?id=2889994&use=l&cat=p&typeid=i","cat":298543},{"id":12441,"n":"Moutarde Amora Fine et douce  - 435g","p":1.74,"u":"4,00 €/KG","img":"https://fd16-photos.leclercdrive.fr/image.ashx?id=2507608&use=l&cat=p&typeid=i","cat":288850},{"id":12453,"n":"Soda Jean's Cola sans Caféine Zéro - Bouteille - 1,5L","p":0.96,"u":"0,64 €/L","img":"https://fd16-photos.leclercdrive.fr/image.ashx?id=2637865&use=l&cat=p&typeid=i","cat":284530},{"id":12464,"n":"Soda Jean's Cola Zéro Bouteille - 1,5L","p":0.45,"u":"0,30 €/L","img":"https://fd16-photos.leclercdrive.fr/image.ashx?id=2637883&use=l&cat=p&typeid=i","cat":284530},{"id":12467,"n":"Jus multifruits Jafaden Pur jus - 1L","p":1.99,"u":"1,99 €/L","img":"https://fd16-photos.leclercdrive.fr/image.ashx?id=2958705&use=l&cat=p&typeid=i","cat":284917},{"id":12469,"n":"100% Pur jus d'orange Jafaden  Sans pulpe - 1L","p":1.99,"u":"1,99 €/L","img":"https://fd16-photos.leclercdrive.fr/image.ashx?id=2842477&use=l&cat=p&typeid=i","cat":284521},{"id":12471,"n":"Thon entier Pêche Océan Huile de tournesol - 160g","p":1.63,"u":"10,19 €/KG","img":"https://fd16-photos.leclercdrive.fr/image.ashx?id=2941399&use=l&cat=p&typeid=i","cat":303867},{"id":12477,"n":"Cassoulet Saucisse de Toulouse Côté Table - 420g","p":2.11,"u":"5,02 €/KG","img":"https://fd16-photos.leclercdrive.fr/image.ashx?id=2977861&use=l&cat=p&typeid=i","cat":284440},{"id":12517,"n":"Fritelle Lay's Goût bacon  - 80g","p":0.92,"u":"11,50 €/KG","img":"https://fd16-photos.leclercdrive.fr/image.ashx?id=2138479&use=l&cat=p&typeid=i","cat":284449},{"id":12521,"n":"Miettes de thon Pêche Océan Huile de tournesol - 3x80g","p":2.35,"u":"9,79 €/KG","img":"https://fd16-photos.leclercdrive.fr/image.ashx?id=2943608&use=l&cat=p&typeid=i","cat":303867},{"id":12527,"n":"Chocolat Pâtissier Tablette dOr Noir - 200g","p":1.79,"u":"8,95 €/KG","img":"https://fd16-photos.leclercdrive.fr/image.ashx?id=2997925&use=l&cat=p&typeid=i","cat":285562},{"id":12529,"n":"Moutarde de Dijon Rustica  195g","p":1.25,"u":"6,41 €/KG","img":"https://fd16-photos.leclercdrive.fr/image.ashx?id=2954334&use=l&cat=p&typeid=i","cat":288850},{"id":12532,"n":"Café en grains Plantation Tradition - 1kg","p":10.15,"u":"10,15 €/KG","img":"https://fd16-photos.leclercdrive.fr/image.ashx?id=2856405&use=l&cat=p&typeid=i","cat":293237},{"id":12549,"n":"Rasoirs jetables Venus Gillette Simply Venus 2 - x10","p":3.5,"u":"0,35 €/P","img":"https://fd16-photos.leclercdrive.fr/image.ashx?id=2881789&use=l&cat=p&typeid=i","cat":325352},{"id":12555,"n":"Mogette cuite au naturel NRT De Vendée - 530g","p":3.19,"u":"6,02 €/KG","img":"https://fd16-photos.leclercdrive.fr/image.ashx?id=2771025&use=l&cat=p&typeid=i","cat":312606},{"id":12557,"n":"Vinaigrette Rustica Echalote - 50cl","p":1.27,"u":"2,54 €/L","img":"https://fd16-photos.leclercdrive.fr/image.ashx?id=1972901&use=l&cat=p&typeid=i","cat":284456},{"id":12564,"n":"Châtaignes Notre Jardin Entières - 420g","p":5.09,"u":"12,12 €/KG","img":"https://fd16-photos.leclercdrive.fr/image.ashx?id=2263146&use=l&cat=p&typeid=i","cat":312612},{"id":12566,"n":"Sel régénérant Eco+ 4kg","p":2.04,"u":"0,51 €/KG","img":"https://fd16-photos.leclercdrive.fr/image.ashx?id=2865236&use=l&cat=p&typeid=i","cat":284657},{"id":12573,"n":"Eponges Mamison salle de bain Décorées x2","p":0.99,"u":"0,50 €/P","img":"https://fd16-photos.leclercdrive.fr/image.ashx?id=2199055&use=l&cat=p&typeid=i","cat":284667},{"id":12584,"n":"Pain grillé bio Bio Village Blé complet x12 - 250g","p":1.77,"u":"7,08 €/KG","img":"https://fd16-photos.leclercdrive.fr/image.ashx?id=2619749&use=l&cat=p&typeid=i","cat":284479},{"id":12588,"n":"Sel régénérant Visior Lave-vaisselle - 4x1kg","p":2.69,"u":"0,67 €/KG","img":"https://fd16-photos.leclercdrive.fr/image.ashx?id=2463401&use=l&cat=p&typeid=i","cat":284657},{"id":12593,"n":"Soupe déshydratée Knorr 9 légumes - 105g","p":0.93,"u":"8,86 €/KG","img":"https://fd16-photos.leclercdrive.fr/image.ashx?id=2875930&use=l&cat=p&typeid=i","cat":284463},{"id":12601,"n":"Oignon Rustica Coupés - 100g","p":2.14,"u":"21,40 €/KG","img":"https://fd16-photos.leclercdrive.fr/image.ashx?id=2365466&use=l&cat=p&typeid=i","cat":319804},{"id":12602,"n":"Ciboulette Rustica Coupé - 50g","p":1.65,"u":"33,00 €/KG","img":"https://fd16-photos.leclercdrive.fr/image.ashx?id=2365460&use=l&cat=p&typeid=i","cat":319804},{"id":12605,"n":"Cornichons Maille Le Mini 210g","p":2.9,"u":"13,81 €/KG","img":"https://fd16-photos.leclercdrive.fr/image.ashx?id=2877310&use=l&cat=p&typeid=i","cat":284458},{"id":12611,"n":"Crozets au Sarrasin NRT 400g","p":2.3,"u":"5,75 €/KG","img":"https://fd16-photos.leclercdrive.fr/image.ashx?id=2856220&use=l&cat=p&typeid=i","cat":284427},{"id":12627,"n":"Crème Nourrissante Karité Dop Cheveux très sec, frisé - 300ml","p":3.88,"u":"12,93 €/L","img":"https://fd16-photos.leclercdrive.fr/image.ashx?id=590700&use=l&cat=p&typeid=i","cat":284608},{"id":12669,"n":"Sauce Burger AMORA 260g","p":1.57,"u":"6,04 €/KG","img":"https://fd16-photos.leclercdrive.fr/image.ashx?id=2893853&use=l&cat=p&typeid=i","cat":318431},{"id":12670,"n":"Basilic Rustica Coupé - 50g","p":1.69,"u":"33,80 €/KG","img":"https://fd16-photos.leclercdrive.fr/image.ashx?id=2365463&use=l&cat=p&typeid=i","cat":319804},{"id":12674,"n":"Nids d'Alsace NRT 250g","p":1.39,"u":"5,56 €/KG","img":"https://fd16-photos.leclercdrive.fr/image.ashx?id=2839968&use=l&cat=p&typeid=i","cat":284427},{"id":12675,"n":"Pizza Cuite sur pierre Turini 4 fromages - 400g","p":2.71,"u":"6,78 €/KG","img":"https://fd16-photos.leclercdrive.fr/image.ashx?id=2815229&use=l&cat=p&typeid=i","cat":284256},{"id":12676,"n":"Pizza Cuite sur pierre Turini Chorizo - 400g","p":2.69,"u":"6,73 €/KG","img":"https://fd16-photos.leclercdrive.fr/image.ashx?id=2815226&use=l&cat=p&typeid=i","cat":284256},{"id":12702,"n":"Poisson pané Pêche Océan Tomate - MSC - x8 - 600g","p":4.29,"u":"7,15 €/KG","img":"https://fd16-photos.leclercdrive.fr/image.ashx?id=2930111&use=l&cat=p&typeid=i","cat":319788},{"id":12706,"n":"Dentifrice Dentamyl Soin complet 75ml","p":0.76,"u":"10,13 €/L","img":"https://fd16-photos.leclercdrive.fr/image.ashx?id=2276480&use=l&cat=p&typeid=i","cat":284612},{"id":12712,"n":"Sauce Poivrons Aubergine Turini 190g","p":1.79,"u":"9,42 €/KG","img":"https://fd16-photos.leclercdrive.fr/image.ashx?id=2478474&use=l&cat=p&typeid=i","cat":287599},{"id":12729,"n":"Pânés poulet Le Gaulois x2 -  200g","p":2.12,"u":"10,60 €/KG","img":"https://fd16-photos.leclercdrive.fr/image.ashx?id=2261660&use=l&cat=p&typeid=i","cat":333684},{"id":12733,"n":"Bacon Herta superposé x15 150g","p":2.09,"u":"13,93 €/KG","img":"https://fd16-photos.leclercdrive.fr/image.ashx?id=2889325&use=l&cat=p&typeid=i","cat":316007},{"id":12739,"n":"Friand viande Côté Table 2x110g","p":1.65,"u":"7,50 €/KG","img":"https://fd16-photos.leclercdrive.fr/image.ashx?id=2820436&use=l&cat=p&typeid=i","cat":333671},{"id":12772,"n":"Boisson Jafaden Cranberry - 1L","p":1.92,"u":"1,92 €/L","img":"https://fd16-photos.leclercdrive.fr/image.ashx?id=2591394&use=l&cat=p&typeid=i","cat":284915},{"id":12789,"n":"Purée de Pommes de terre McCain 750g","p":2.49,"u":"3,32 €/KG","img":"https://fd16-photos.leclercdrive.fr/image.ashx?id=2903854&use=l&cat=p&typeid=i","cat":319793},{"id":12816,"n":"Dentifrice blancheur Dentamyl Soin complet 75ml","p":0.98,"u":"13,07 €/L","img":"https://fd16-photos.leclercdrive.fr/image.ashx?id=2489110&use=l&cat=p&typeid=i","cat":284612},{"id":12838,"n":"Foie de volaille Le Gaulois Confit - 300g","p":3.53,"u":"11,77 €/KG","img":"https://fd16-photos.leclercdrive.fr/image.ashx?id=2732719&use=l&cat=p&typeid=i","cat":284715},{"id":12932,"n":"Escargots Maître Coquilles Préparés moyens x48 - 270g","p":10.99,"u":"40,70 €/KG","img":"https://fd16-photos.leclercdrive.fr/image.ashx?id=1979677&use=l&cat=p&typeid=i","cat":319775},{"id":12966,"n":"Assortiment biscuits fins P'tit Déli 200g","p":2.39,"u":"11,95 €/KG","img":"https://fd16-photos.leclercdrive.fr/image.ashx?id=2554578&use=l&cat=p&typeid=i","cat":284490},{"id":13014,"n":"Déodorant spray Scorpio Scorpio rouge - 150ml","p":2.55,"u":"17,00 €/L","img":"https://fd16-photos.leclercdrive.fr/image.ashx?id=2329780&use=l&cat=p&typeid=i","cat":284618},{"id":13205,"n":"Copies doubles Eco+ 17x22cm - x200","p":1.25,"img":"https://fd16-photos.leclercdrive.fr/image.ashx?id=981371&use=l&cat=p&typeid=i","cat":284697},{"id":13206,"n":"Feuilles simples Esquisse Perforées 17x22cm x200","p":1.4,"u":"0,01 €/P","img":"https://fd16-photos.leclercdrive.fr/image.ashx?id=1928761&use=l&cat=p&typeid=i","cat":284697},{"id":13207,"n":"Crayon à papier HB Eco+ x10","p":0.41,"img":"https://fd16-photos.leclercdrive.fr/image.ashx?id=1929747&use=l&cat=p&typeid=i","cat":284696},{"id":13254,"n":"Pinceaux Esquisse Taille 2-8 et 12 - x3","p":0.99,"u":"0,33 €/P","img":"https://fd16-photos.leclercdrive.fr/image.ashx?id=981363&use=l&cat=p&typeid=i","cat":334133},{"id":13307,"n":"Sous chemises Esquisse 22x32cm - x50","p":3.59,"img":"https://fd16-photos.leclercdrive.fr/image.ashx?id=1928800&use=l&cat=p&typeid=i","cat":284745},{"id":13308,"n":"Chemises Esquisse 24x32cm x15","p":3.3,"img":"https://fd16-photos.leclercdrive.fr/image.ashx?id=1678706&use=l&cat=p&typeid=i","cat":284745},{"id":13315,"n":"Calculatrice de poche Eco+ 1 pièce","p":1.79,"u":"Dont 0,13 € d'éco-part.","img":"https://fd16-photos.leclercdrive.fr/image.ashx?id=1699669&use=l&cat=p&typeid=i","cat":334133},{"id":13321,"n":"Stylo bille Bic 4 couleurs - x1","p":1.53,"img":"https://fd16-photos.leclercdrive.fr/image.ashx?id=2730874&use=l&cat=p&typeid=i","cat":284696},{"id":13342,"n":"Thon entier Le Savoureux Huile d'olive - 160g","p":3.24,"u":"20,25 €/KG","img":"https://fd16-photos.leclercdrive.fr/image.ashx?id=2960159&use=l&cat=p&typeid=i","cat":303867},{"id":13356,"n":"IGP Fleur de sel Le Guérandais Tradition -  125g","p":2.99,"u":"23,92 €/KG","img":"https://fd16-photos.leclercdrive.fr/image.ashx?id=2457881&use=l&cat=p&typeid=i","cat":284457},{"id":13425,"n":"Beurre Moulé Paysan Breton Demi-sel - 80% MG - 500g","p":6.27,"u":"12,54 €/KG","img":"https://fd16-photos.leclercdrive.fr/image.ashx?id=2774499&use=l&cat=p&typeid=i","cat":284379},{"id":13532,"n":"Purée pomme de terre Pom'lisse Saveur d'antan - 4x125g - 500g","p":2.49,"u":"4,98 €/KG","img":"https://fd16-photos.leclercdrive.fr/image.ashx?id=2965734&use=l&cat=p&typeid=i","cat":284431},{"id":13583,"n":"Fromage L'Ortolan Léger Fromagerie Milleret -  250g","p":3.05,"u":"12,20 €/KG","img":"https://fd16-photos.leclercdrive.fr/image.ashx?id=2450916&use=l&cat=p&typeid=i","cat":314036},{"id":13589,"n":"Fromage Brillat Savarin NRT  IGP - 200g","p":3.39,"u":"16,95 €/KG","img":"https://fd16-photos.leclercdrive.fr/image.ashx?id=2771064&use=l&cat=p&typeid=i","cat":329558},{"id":13604,"n":"Poissons panés au fromage Pêche Océan MSC - 180g","p":1.89,"u":"10,50 €/KG","img":"https://fd16-photos.leclercdrive.fr/image.ashx?id=2953608&use=l&cat=p&typeid=i","cat":284344},{"id":13609,"n":"Bière du Nord NRT Ambrée - 7° - 6x25cl","p":4.84,"u":"3,23 €/L","img":"https://fd16-photos.leclercdrive.fr/image.ashx?id=2663842&use=l&cat=p&typeid=i","cat":334872},{"id":13637,"n":"Aiguillette poulet Le Gaulois Blanc - 210g","p":3.49,"u":"16,62 €/KG","img":"https://fd16-photos.leclercdrive.fr/image.ashx?id=2239564&use=l&cat=p&typeid=i","cat":284336},{"id":13643,"n":"Biscuits nappés Bio Village Bio Chocolat au lait 200g","p":2.43,"u":"12,15 €/KG","img":"https://fd16-photos.leclercdrive.fr/image.ashx?id=1937516&use=l&cat=p&typeid=i","cat":284488},{"id":13646,"n":"Rochers Equador Chocolat noir x7 245g","p":2.49,"u":"10,16 €/KG","img":"https://fd16-photos.leclercdrive.fr/image.ashx?id=2842483&use=l&cat=p&typeid=i","cat":327600},{"id":13647,"n":"Rochers Equador Chocolat au lait x7 - 245g","p":2.45,"u":"10,00 €/KG","img":"https://fd16-photos.leclercdrive.fr/image.ashx?id=2842480&use=l&cat=p&typeid=i","cat":327600},{"id":13648,"n":"Biscuit Croc Break P'tit Déli Lait et goût chocolat - 300g","p":1.24,"u":"4,13 €/KG","img":"https://fd16-photos.leclercdrive.fr/image.ashx?id=1993182&use=l&cat=p&typeid=i","cat":284488},{"id":13649,"n":"Pansement Primoplast Cicatrisant hydrocolloïde x8","p":5.95,"img":"https://fd16-photos.leclercdrive.fr/image.ashx?id=2856480&use=l&cat=p&typeid=i","cat":284630},{"id":13650,"n":"Gel à l'arnica Primoplast 50g","p":1.62,"u":"32,40 €/KG","img":"https://fd16-photos.leclercdrive.fr/image.ashx?id=2856477&use=l&cat=p&typeid=i","cat":284630},{"id":13663,"n":"Mini-crêpes fourrées Tokapi  Comté - 65g","p":1.96,"u":"30,15 €/KG","img":"https://fd16-photos.leclercdrive.fr/image.ashx?id=2853892&use=l&cat=p&typeid=i","cat":297000},{"id":13679,"n":"Croûtons salade Epi d'Or Nature - 60g","p":0.6,"u":"10,00 €/KG","img":"https://fd16-photos.leclercdrive.fr/image.ashx?id=2607909&use=l&cat=p&typeid=i","cat":284464},{"id":13681,"n":"Pâté pur porc Côtés Table 2 Foie 1 campagne - 3x78g","p":1.9,"u":"8,12 €/KG","img":"https://fd16-photos.leclercdrive.fr/image.ashx?id=2518505&use=l&cat=p&typeid=i","cat":305149},{"id":13683,"n":"Pâté de foie Côté Table Pur porc - 3x78g","p":1.99,"u":"8,50 €/KG","img":"https://fd16-photos.leclercdrive.fr/image.ashx?id=2518502&use=l&cat=p&typeid=i","cat":305149},{"id":13684,"n":"Bouillon de légumes Rustica Cubes - 12x10g","p":0.67,"u":"5,58 €/KG","img":"https://fd16-photos.leclercdrive.fr/image.ashx?id=1753198&use=l&cat=p&typeid=i","cat":288379},{"id":13685,"n":"Bouillon de volaille Rustica Cubes - 12x10g","p":0.8,"u":"6,67 €/KG","img":"https://fd16-photos.leclercdrive.fr/image.ashx?id=1880027&use=l&cat=p&typeid=i","cat":288379},{"id":13686,"n":"Bouillon Pot au feu Rustica Cubes - 12x10g","p":1.39,"u":"11,58 €/KG","img":"https://fd16-photos.leclercdrive.fr/image.ashx?id=1880024&use=l&cat=p&typeid=i","cat":288379},{"id":13693,"n":"Gaufrettes fourrées Tokapi Chèvre et poivre - 75g","p":1.29,"u":"17,20 €/KG","img":"https://fd16-photos.leclercdrive.fr/image.ashx?id=2067944&use=l&cat=p&typeid=i","cat":297000},{"id":13694,"n":"Riz long Comptoir du Grain 500g","p":1.47,"u":"2,94 €/KG","img":"https://fd16-photos.leclercdrive.fr/image.ashx?id=2886534&use=l&cat=p&typeid=i","cat":284428},{"id":13696,"n":"Soufflés Snack's Tokapi Cacahuète - 90g","p":0.47,"u":"5,22 €/KG","img":"https://fd16-photos.leclercdrive.fr/image.ashx?id=2677026&use=l&cat=p&typeid=i","cat":284449},{"id":13698,"n":"Légumes couscous Notre Jardin 400g","p":1.43,"u":"3,58 €/KG","img":"https://fd16-photos.leclercdrive.fr/image.ashx?id=2468831&use=l&cat=p&typeid=i","cat":312612},{"id":13699,"n":"Gaufrettes fourrées Tokapi Gouda et noix - 75g","p":1.29,"u":"17,20 €/KG","img":"https://fd16-photos.leclercdrive.fr/image.ashx?id=2063329&use=l&cat=p&typeid=i","cat":297000},{"id":13703,"n":"Petits pois Notre Jardin A l'étuvée - Très fins - 560g","p":1.29,"u":"2,30 €/KG","img":"https://fd16-photos.leclercdrive.fr/image.ashx?id=2987955&use=l&cat=p&typeid=i","cat":312607},{"id":13711,"n":"Croquettes chat Ultima Stérilisé - Poulet - 1.5kg","p":6.34,"u":"4,23 €/KG","img":"https://fd16-photos.leclercdrive.fr/image.ashx?id=2886385&use=l&cat=p&typeid=i","cat":284680},{"id":13715,"n":"Croquettes chat Purina One Stérilisé - Boeuf/Blé-1.5kg","p":6.7,"u":"4,47 €/KG","img":"https://fd16-photos.leclercdrive.fr/image.ashx?id=2488040&use=l&cat=p&typeid=i","cat":284680},{"id":13716,"n":"Croquettes chat Purina One Adulte - Poisson de mer - 3kg","p":13.75,"u":"4,58 €/KG","img":"https://fd16-photos.leclercdrive.fr/image.ashx?id=2902340&use=l&cat=p&typeid=i","cat":284680},{"id":13719,"n":"Croquettes chat Purina One Adulte - Poulet/Céréales -1.5kg","p":6.52,"u":"4,35 €/KG","img":"https://fd16-photos.leclercdrive.fr/image.ashx?id=2537682&use=l&cat=p&typeid=i","cat":284680},{"id":13722,"n":"Croquettes chat Ultima Stérilisé - Saumon - 1.5kg","p":6.33,"u":"4,22 €/KG","img":"https://fd16-photos.leclercdrive.fr/image.ashx?id=2921897&use=l&cat=p&typeid=i","cat":284680},{"id":13731,"n":"Barquettes chats Gourmet Gold Les mousselines - 12x85g","p":5.49,"u":"5,38 €/KG","img":"https://fd16-photos.leclercdrive.fr/image.ashx?id=2967046&use=l&cat=p&typeid=i","cat":285286},{"id":13733,"n":"Barquettes chats Gourmet Gold Les terrines - 12x85g","p":5.4,"u":"5,29 €/KG","img":"https://fd16-photos.leclercdrive.fr/image.ashx?id=2979069&use=l&cat=p&typeid=i","cat":285286},{"id":13742,"n":"Tablette chocolat Côte d'Or Truffé noir - 190g","p":3.7,"u":"19,47 €/KG","img":"https://fd16-photos.leclercdrive.fr/image.ashx?id=2938932&use=l&cat=p&typeid=i","cat":284956},{"id":13770,"n":"Croissants surgelés Epi d'Or Cuisson four - 6x60g","p":2.58,"u":"7,17 €/KG","img":"https://fd16-photos.leclercdrive.fr/image.ashx?id=2900088&use=l&cat=p&typeid=i","cat":284267},{"id":13776,"n":"Mouchoirs blancs 3 plis Caresse Boîte - x110","p":1.35,"u":"0,01 €/P","img":"https://fd16-photos.leclercdrive.fr/image.ashx?id=2858784&use=l&cat=p&typeid=i","cat":284638},{"id":13777,"n":"Lingettes bébé Eco+ Epaisses - x72","p":0.72,"u":"0,01 €/P","img":"https://fd16-photos.leclercdrive.fr/image.ashx?id=2874672&use=l&cat=p&typeid=i","cat":284738},{"id":13780,"n":"Compotes Andros Pomme nature 12x100g + 4 offertes","p":2.65,"u":"1,66 €/KG","img":"https://fd16-photos.leclercdrive.fr/image.ashx?id=2792207&use=l&cat=p&typeid=i","cat":284416},{"id":13782,"n":"Déodorant Manava anti-traces 200ml","p":1.29,"u":"6,45 €/L","img":"https://fd16-photos.leclercdrive.fr/image.ashx?id=2692952&use=l&cat=p&typeid=i","cat":284595},{"id":13784,"n":"Gel douche et shampooing Carré Homme Energisante - 250ml","p":1.15,"u":"4,60 €/L","img":"https://fd16-photos.leclercdrive.fr/image.ashx?id=2927845&use=l&cat=p&typeid=i","cat":284619},{"id":13785,"n":"Shampooing Vitanove Réparateur - 250ml","p":1.45,"u":"5,80 €/L","img":"https://fd16-photos.leclercdrive.fr/image.ashx?id=1879257&use=l&cat=p&typeid=i","cat":284606},{"id":13786,"n":"Shampooing Vitanove Equilibrant - 250ml","p":1.79,"u":"7,16 €/L","img":"https://fd16-photos.leclercdrive.fr/image.ashx?id=1913165&use=l&cat=p&typeid=i","cat":284606},{"id":13787,"n":"Shampooing Vitanove Extra Color - 250ml","p":1.56,"u":"6,24 €/L","img":"https://fd16-photos.leclercdrive.fr/image.ashx?id=1889779&use=l&cat=p&typeid=i","cat":284606},{"id":13788,"n":"Après-shampooing Vitanove Extra color - 200ml","p":1.38,"u":"6,90 €/L","img":"https://fd16-photos.leclercdrive.fr/image.ashx?id=2618302&use=l&cat=p&typeid=i","cat":284607},{"id":13789,"n":"Shampooing Vitanove Lissant - 250ml","p":1.79,"u":"7,16 €/L","img":"https://fd16-photos.leclercdrive.fr/image.ashx?id=1907456&use=l&cat=p&typeid=i","cat":284606},{"id":13790,"n":"Après-shampooing Vitanove Lissant - 200ml","p":1.49,"u":"7,45 €/L","img":"https://fd16-photos.leclercdrive.fr/image.ashx?id=2618314&use=l&cat=p&typeid=i","cat":284607},{"id":13811,"n":"Nettoyant visage Argile Garnier Peaux à imperfections - 150ml","p":4.28,"u":"28,53 €/L","img":"https://fd16-photos.leclercdrive.fr/image.ashx?id=2867548&use=l&cat=p&typeid=i","cat":284603},{"id":13975,"n":"Salade Notre Jardin Mâche - 200g","p":1.52,"u":"7,60 €/KG","img":"https://fd16-photos.leclercdrive.fr/image.ashx?id=2662583&use=l&cat=p&typeid=i","cat":284353},{"id":13978,"n":"Salade composée Notre Jardin 250g","p":1.21,"u":"4,84 €/KG","img":"https://fd16-photos.leclercdrive.fr/image.ashx?id=2680824&use=l&cat=p&typeid=i","cat":284353},{"id":13987,"n":"Bande cohésive Primoplast 2.5m x 6cm","p":2.75,"img":"https://fd16-photos.leclercdrive.fr/image.ashx?id=2856438&use=l&cat=p&typeid=i","cat":284630},{"id":13992,"n":"Recharge savon mains Manava Gel lavande - 250ml","p":0.69,"u":"2,76 €/L","img":"https://fd16-photos.leclercdrive.fr/image.ashx?id=2935477&use=l&cat=p&typeid=i","cat":284597},{"id":13995,"n":"Bandes extensibles Primoplast 4mx6cm - x2","p":1.29,"img":"https://fd16-photos.leclercdrive.fr/image.ashx?id=2856444&use=l&cat=p&typeid=i","cat":284630},{"id":13998,"n":"Pâte feuilletée Eco+ A dérouler - 230g","p":0.53,"u":"2,30 €/KG","img":"https://fd16-photos.leclercdrive.fr/image.ashx?id=2744350&use=l&cat=p&typeid=i","cat":333681},{"id":14018,"n":"Chocolat Pâtissier Tablette dOr Noir corsé - 64% cacao - 200g","p":2.09,"u":"10,45 €/KG","img":"https://fd16-photos.leclercdrive.fr/image.ashx?id=2602349&use=l&cat=p&typeid=i","cat":285562},{"id":14023,"n":"Rasoir Carré Homme 3 lames - x1","p":3.99,"img":"https://fd16-photos.leclercdrive.fr/image.ashx?id=2704618&use=l&cat=p&typeid=i","cat":284616},{"id":14027,"n":"Lingettes Hygiène intime Doulys x20","p":1.8,"img":"https://fd16-photos.leclercdrive.fr/image.ashx?id=2815632&use=l&cat=p&typeid=i","cat":284627},{"id":14029,"n":"Fromage Neufchâtel AOP  Nos Régions ont du Talent 200g","p":2.64,"u":"13,20 €/KG","img":"https://fd16-photos.leclercdrive.fr/image.ashx?id=2071227&use=l&cat=p&typeid=i","cat":329558},{"id":14031,"n":"Crème Décolorante Siliss Visage et Corps - 2x50ml","p":2.79,"u":"27,90 €/L","img":"https://fd16-photos.leclercdrive.fr/image.ashx?id=2743783&use=l&cat=p&typeid=i","cat":325351},{"id":14050,"n":"Rhum blanc Réunion 49%vol NRT 1L","p":14.62,"u":"14,62 €/L","img":"https://fd16-photos.leclercdrive.fr/image.ashx?id=1208791&use=l&cat=p&typeid=i","cat":284550},{"id":14061,"n":"Confiture poires williams NRT De la Valée du Rhône - 315g","p":2.83,"u":"8,98 €/KG","img":"https://fd16-photos.leclercdrive.fr/image.ashx?id=2699792&use=l&cat=p&typeid=i","cat":284480},{"id":14063,"n":"Préparation NRT Agrumes de Corse - 315g","p":2.82,"u":"8,95 €/KG","img":"https://fd16-photos.leclercdrive.fr/image.ashx?id=2460646&use=l&cat=p&typeid=i","cat":284480},{"id":14068,"n":"Miel Nid d'Abeille A tartiner - 500 g","p":3.19,"u":"6,38 €/KG","img":"https://fd16-photos.leclercdrive.fr/image.ashx?id=2693120&use=l&cat=p&typeid=i","cat":287643},{"id":14082,"n":"Miel de fleurs bio Bio Village 500g","p":4.99,"u":"9,98 €/KG","img":"https://fd16-photos.leclercdrive.fr/image.ashx?id=2348265&use=l&cat=p&typeid=i","cat":287643},{"id":14084,"n":"Confiture bio Bio Village Oranges - 370g","p":2.26,"u":"6,11 €/KG","img":"https://fd16-photos.leclercdrive.fr/image.ashx?id=2965623&use=l&cat=p&typeid=i","cat":284480},{"id":14087,"n":"Quenelles de veau Coté Table Sauce financière 400g","p":1.85,"u":"4,63 €/KG","img":"https://fd16-photos.leclercdrive.fr/image.ashx?id=2977864&use=l&cat=p&typeid=i","cat":284441},{"id":14088,"n":"Garnit bouchée reine Coté Table 400g","p":1.79,"u":"4,48 €/KG","img":"https://fd16-photos.leclercdrive.fr/image.ashx?id=2977150&use=l&cat=p&typeid=i","cat":284441},{"id":14091,"n":"Miel d'Acacia Nid d'abeille 375g","p":4.33,"u":"11,55 €/KG","img":"https://fd16-photos.leclercdrive.fr/image.ashx?id=2635901&use=l&cat=p&typeid=i","cat":287643},{"id":14094,"n":"Confiture pêches de vigne NRT De la Valée du Rhône - 315g","p":3.03,"u":"9,62 €/KG","img":"https://fd16-photos.leclercdrive.fr/image.ashx?id=2657286&use=l&cat=p&typeid=i","cat":284480},{"id":14099,"n":"Spray nettoyant Eco+ avec Javel 750ml","p":0.87,"u":"1,16 €/L","img":"https://fd16-photos.leclercdrive.fr/image.ashx?id=2837003&use=l&cat=p&typeid=i","cat":325357},{"id":14108,"n":"Fromage Epoisses NRT AOP  250g","p":5.77,"u":"23,08 €/KG","img":"https://fd16-photos.leclercdrive.fr/image.ashx?id=2964658&use=l&cat=p&typeid=i","cat":329558},{"id":14113,"n":"Rasoirs jetables Siliss 2 lames - x10","p":1.19,"u":"0,12 €/P","img":"https://fd16-photos.leclercdrive.fr/image.ashx?id=2602763&use=l&cat=p&typeid=i","cat":325352},{"id":14114,"n":"Brosse à dents Dentamyl Médium x4","p":0.99,"u":"0,25 €/P","img":"https://fd16-photos.leclercdrive.fr/image.ashx?id=2790922&use=l&cat=p&typeid=i","cat":284614},{"id":14124,"n":"Rosette pur porc Eco+ 12 tranches - 150g","p":1.24,"u":"8,27 €/KG","img":"https://fd16-photos.leclercdrive.fr/image.ashx?id=2728222&use=l&cat=p&typeid=i","cat":316007},{"id":14126,"n":"Lasagnes bolognaise Eco+ 1kg","p":3.31,"u":"3,31 €/KG","img":"https://fd16-photos.leclercdrive.fr/image.ashx?id=2814842&use=l&cat=p&typeid=i","cat":333666},{"id":14131,"n":"Désodorisant Visior Lave-vaisselle Citron - x2","p":1.29,"u":"0,65 €/P","img":"https://fd16-photos.leclercdrive.fr/image.ashx?id=2951119&use=l&cat=p&typeid=i","cat":284657},{"id":14132,"n":"Bloc wc javel Syphon 2x40g","p":1.46,"u":"18,25 €/KG","img":"https://fd16-photos.leclercdrive.fr/image.ashx?id=2302540&use=l&cat=p&typeid=i","cat":284662},{"id":14135,"n":"Brosse à dents Eco+ Médium x2","p":0.23,"u":"0,12 €/P","img":"https://fd16-photos.leclercdrive.fr/image.ashx?id=2783783&use=l&cat=p&typeid=i","cat":284614},{"id":14138,"n":"Lingettes dépoussiérantes Eco+ x40","p":1.76,"u":"0,04 €/P","img":"https://fd16-photos.leclercdrive.fr/image.ashx?id=2805972&use=l&cat=p&typeid=i","cat":325364},{"id":14140,"n":"Savon extra-doux Manava Douceur d'amande 6x100g","p":3.16,"u":"5,27 €/KG","img":"https://fd16-photos.leclercdrive.fr/image.ashx?id=2331312&use=l&cat=p&typeid=i","cat":284597},{"id":14143,"n":"Diffuseur électrique Insectivor Anti-moustiques + recharge 35ml","p":4.65,"img":"https://fd16-photos.leclercdrive.fr/image.ashx?id=2717102&use=l&cat=p&typeid=i","cat":298368},{"id":14145,"n":"Nems porc Eco+ Avec sauce 310g","p":1.73,"u":"5,58 €/KG","img":"https://fd16-photos.leclercdrive.fr/image.ashx?id=2987631&use=l&cat=p&typeid=i","cat":333673},{"id":14153,"n":"Bonbons Eco+ Menthe Eucalyptus - 240g","p":1.01,"u":"4,21 €/KG","img":"https://fd16-photos.leclercdrive.fr/image.ashx?id=2699090&use=l&cat=p&typeid=i","cat":304252},{"id":14154,"n":"Bonbons gélifiés Eco+ Frites - 200g","p":1.11,"u":"5,55 €/KG","img":"https://fd16-photos.leclercdrive.fr/image.ashx?id=2774066&use=l&cat=p&typeid=i","cat":304250},{"id":14155,"n":"Gnocchi Turini à poêler 300g","p":0.89,"u":"2,97 €/KG","img":"https://fd16-photos.leclercdrive.fr/image.ashx?id=3010566&use=l&cat=p&typeid=i","cat":333682},{"id":14158,"n":"Fromage Mystère du Prieuré Lait pasteurisé - 340g","p":2.65,"u":"7,79 €/KG","img":"https://fd16-photos.leclercdrive.fr/image.ashx?id=2900085&use=l&cat=p&typeid=i","cat":329184},{"id":14159,"n":"Bonbons gélifiés Eco+ Goût cola - 200g","p":0.95,"u":"4,75 €/KG","img":"https://fd16-photos.leclercdrive.fr/image.ashx?id=2717099&use=l&cat=p&typeid=i","cat":304250},{"id":14163,"n":"Crème nettoyante Clair 3en1 - Fraicheur - 750ml","p":1.28,"u":"1,71 €/L","img":"https://fd16-photos.leclercdrive.fr/image.ashx?id=2358324&use=l&cat=p&typeid=i","cat":325357},{"id":14164,"n":"Roquefort AOP Eco+ Lait cru brebis 150g","p":2.16,"u":"14,40 €/KG","img":"https://fd16-photos.leclercdrive.fr/image.ashx?id=2712858&use=l&cat=p&typeid=i","cat":314032},{"id":14165,"n":"Crème de soin cheveux Vitanove Boucles sans rinçage 200ml","p":1.29,"u":"6,45 €/L","img":"https://fd16-photos.leclercdrive.fr/image.ashx?id=1947997&use=l&cat=p&typeid=i","cat":284608},{"id":14167,"n":"Brosse à dents Dentamyl Extra souple x1","p":0.85,"img":"https://fd16-photos.leclercdrive.fr/image.ashx?id=2790925&use=l&cat=p&typeid=i","cat":284614},{"id":14168,"n":"Dentifrice Dentamyl Protection gencives 75ml","p":0.92,"u":"12,27 €/L","img":"https://fd16-photos.leclercdrive.fr/image.ashx?id=2489092&use=l&cat=p&typeid=i","cat":284612},{"id":14182,"n":"Déodorant stick Carré Homme Marine - 50ml","p":2.18,"u":"43,60 €/L","img":"https://fd16-photos.leclercdrive.fr/image.ashx?id=2481207&use=l&cat=p&typeid=i","cat":284618},{"id":14183,"n":"Lame de rasoir Siliss 3 lames - x4","p":3.58,"img":"https://fd16-photos.leclercdrive.fr/image.ashx?id=2699414&use=l&cat=p&typeid=i","cat":325352},{"id":14187,"n":"Masque réparateur Vitanove Secs abîmés cassants 300ml","p":2.64,"u":"8,80 €/L","img":"https://fd16-photos.leclercdrive.fr/image.ashx?id=2931769&use=l&cat=p&typeid=i","cat":284608},{"id":14190,"n":"Savon mains en crème Manava nourrissante à l'amande - 300ml","p":0.9,"u":"3,00 €/L","img":"https://fd16-photos.leclercdrive.fr/image.ashx?id=2935471&use=l&cat=p&typeid=i","cat":284597},{"id":14193,"n":"Masque capillaire Vitanove Extra color 300ml","p":2.69,"u":"8,97 €/L","img":"https://fd16-photos.leclercdrive.fr/image.ashx?id=2149095&use=l&cat=p&typeid=i","cat":284608},{"id":14195,"n":"Bande à découper Primoplast Peaux sensibles - 10x6cm","p":0.89,"img":"https://fd16-photos.leclercdrive.fr/image.ashx?id=2955668&use=l&cat=p&typeid=i","cat":284630},{"id":14196,"n":"Après-shampooing Vitanove Réparateur - 200ml","p":1.43,"u":"7,15 €/L","img":"https://fd16-photos.leclercdrive.fr/image.ashx?id=2618311&use=l&cat=p&typeid=i","cat":284607},{"id":14211,"n":"Lotion après-rasage Carré Homme Boisée tonifiant 100ml","p":2.61,"u":"26,10 €/L","img":"https://fd16-photos.leclercdrive.fr/image.ashx?id=2854222&use=l&cat=p&typeid=i","cat":288147},{"id":14212,"n":"Lotion après-rasage Carré Homme Marine tonifiant 100ml","p":2.61,"u":"26,10 €/L","img":"https://fd16-photos.leclercdrive.fr/image.ashx?id=2854219&use=l&cat=p&typeid=i","cat":288147},{"id":14217,"n":"Crème pieds Primoplast Nutri-réparatrice - 75ml","p":1.49,"u":"19,87 €/L","img":"https://fd16-photos.leclercdrive.fr/image.ashx?id=2832930&use=l&cat=p&typeid=i","cat":325354},{"id":14218,"n":"Dentifrice enfant Dentamyl Bubble gum - 3 à 6 ans - 50ml","p":0.89,"u":"17,80 €/L","img":"https://fd16-photos.leclercdrive.fr/image.ashx?id=2075185&use=l&cat=p&typeid=i","cat":288898},{"id":14219,"n":"Dentifrice enfant Dentamyl Menthe - 7 à 13 ans - 75ml","p":0.74,"u":"9,87 €/L","img":"https://fd16-photos.leclercdrive.fr/image.ashx?id=2489113&use=l&cat=p&typeid=i","cat":288898},{"id":14220,"n":"Shampooing Vitanove Volumateur - 250ml","p":1.79,"u":"7,16 €/L","img":"https://fd16-photos.leclercdrive.fr/image.ashx?id=1909519&use=l&cat=p&typeid=i","cat":284606},{"id":14222,"n":"Lait de toilette Mots d'Enfants Bébé peaux délicates - 250ml","p":1.95,"u":"7,80 €/L","img":"https://fd16-photos.leclercdrive.fr/image.ashx?id=3015024&use=l&cat=p&typeid=i","cat":284741},{"id":14223,"n":"Dépoussiérant meubles Clair Multi-surfaces 300ml","p":1.03,"u":"3,43 €/L","img":"https://fd16-photos.leclercdrive.fr/image.ashx?id=2856681&use=l&cat=p&typeid=i","cat":325364},{"id":14224,"n":"Gel wc Syphon surpuissant 750ml","p":1.07,"u":"1,43 €/L","img":"https://fd16-photos.leclercdrive.fr/image.ashx?id=2558790&use=l&cat=p&typeid=i","cat":284662},{"id":14235,"n":"Change complet Chorys Taille M - x20","p":9.94,"u":"0,50 €/P","img":"https://fd16-photos.leclercdrive.fr/image.ashx?id=2905219&use=l&cat=p&typeid=i","cat":284628},{"id":14262,"n":"Cognac v.s.o.p 40%vol. NRT 50cl","p":21.34,"u":"42,68 €/L","img":"https://fd16-photos.leclercdrive.fr/image.ashx?id=1646501&use=l&cat=p&typeid=i","cat":286032},{"id":14273,"n":"Fromage Pont-l'Evêque AOP  Nos Régions ont du Talent 220g","p":2.65,"u":"12,05 €/KG","img":"https://fd16-photos.leclercdrive.fr/image.ashx?id=2356344&use=l&cat=p&typeid=i","cat":329558},{"id":14285,"n":"Fromage Emmental Eco+ Râpé - 200g","p":1.5,"u":"7,50 €/KG","img":"https://fd16-photos.leclercdrive.fr/image.ashx?id=2942166&use=l&cat=p&typeid=i","cat":314035},{"id":14293,"n":"Eau aromatisée Volvic Zest Citron - 6x50cl","p":3.24,"u":"1,08 €/L","img":"https://fd16-photos.leclercdrive.fr/image.ashx?id=2730256&use=l&cat=p&typeid=i","cat":284537},{"id":14327,"n":"Poêlée Côté Table Franc-Comtoise - 900g","p":4.19,"u":"4,66 €/KG","img":"https://fd16-photos.leclercdrive.fr/image.ashx?id=2048440&use=l&cat=p&typeid=i","cat":319823},{"id":14330,"n":"Poêlée de légumes Notre Jardin Légumes grillés - 750g","p":3.11,"u":"4,15 €/KG","img":"https://fd16-photos.leclercdrive.fr/image.ashx?id=2771369&use=l&cat=p&typeid=i","cat":319823},{"id":14336,"n":"Pavé saumon Pêche Océan ASC Atlantique -  500g","p":11.19,"u":"22,38 €/KG","img":"https://fd16-photos.leclercdrive.fr/image.ashx?id=2953728&use=l&cat=p&typeid=i","cat":319786},{"id":14344,"n":"Pain de mie Nature Harrys Longue conservation - 550g","p":2.09,"u":"3,80 €/KG","img":"https://fd16-photos.leclercdrive.fr/image.ashx?id=2518109&use=l&cat=p&typeid=i","cat":284477},{"id":14351,"n":"Bandes non tissées Siliss Recharges -  2x14","p":2.23,"u":"0,08 €/P","img":"https://fd16-photos.leclercdrive.fr/image.ashx?id=2699417&use=l&cat=p&typeid=i","cat":325351},{"id":14352,"n":"Savon Manava  Karité - 2x100g","p":1.39,"u":"6,95 €/KG","img":"https://fd16-photos.leclercdrive.fr/image.ashx?id=2455371&use=l&cat=p&typeid=i","cat":284597},{"id":14371,"n":"Mousse à la crème Duodélisse Nature - 4x100g","p":1.49,"u":"3,73 €/KG","img":"https://fd16-photos.leclercdrive.fr/image.ashx?id=2387334&use=l&cat=p&typeid=i","cat":284409},{"id":14376,"n":"Dés de fromage Les Croisés Ail et fines herbes - 120g","p":1.54,"u":"12,83 €/KG","img":"https://fd16-photos.leclercdrive.fr/image.ashx?id=2741616&use=l&cat=p&typeid=i","cat":314027},{"id":14378,"n":"Dés de fromage Les Croisés Basilic ciboulette - 120g","p":1.69,"u":"14,08 €/KG","img":"https://fd16-photos.leclercdrive.fr/image.ashx?id=2741619&use=l&cat=p&typeid=i","cat":314027},{"id":14381,"n":"Palets bretons NRT 100g","p":1.83,"u":"18,30 €/KG","img":"https://fd16-photos.leclercdrive.fr/image.ashx?id=2622299&use=l&cat=p&typeid=i","cat":284487},{"id":14383,"n":"Blocs WC Syphon Activ' Effect  Lavande - x3","p":1.09,"u":"0,36 €/P","img":"https://fd16-photos.leclercdrive.fr/image.ashx?id=2320710&use=l&cat=p&typeid=i","cat":284662},{"id":14389,"n":"Abricots Maitre Prunille Moelleux - 250g","p":3.8,"u":"15,20 €/KG","img":"https://fd16-photos.leclercdrive.fr/image.ashx?id=1747031&use=l&cat=p&typeid=i","cat":284357},{"id":14427,"n":"Pastis Ricard Anisé 45% vol - 70cl","p":15.26,"u":"21,80 €/L","img":"https://fd16-photos.leclercdrive.fr/image.ashx?id=2976776&use=l&cat=p&typeid=i","cat":284548},{"id":14428,"n":"Whisky Clan Campbell Blended Scotch 40% vol - 1L","p":19.43,"u":"19,43 €/L","img":"https://fd16-photos.leclercdrive.fr/image.ashx?id=2868921&use=l&cat=p&typeid=i","cat":284547},{"id":14429,"n":"Eau de vie Auguste Mugniot Poire Williams - 40%vol. - 50cl","p":19.99,"u":"39,98 €/L","img":"https://fd16-photos.leclercdrive.fr/image.ashx?id=2448519&use=l&cat=p&typeid=i","cat":286032},{"id":14431,"n":"Rhum Lagoa 40%vol - 1L","p":13.59,"u":"13,59 €/L","img":"https://fd16-photos.leclercdrive.fr/image.ashx?id=2966481&use=l&cat=p&typeid=i","cat":284550},{"id":14434,"n":"Pastis de Marseille Vivalis 45%vol - 70cl","p":12.88,"u":"18,40 €/L","img":"https://fd16-photos.leclercdrive.fr/image.ashx?id=2805024&use=l&cat=p&typeid=i","cat":284548},{"id":14440,"n":"Bière blonde Desquiles Canette - 5.9%vol. - 50cl","p":1.35,"u":"2,70 €/L","img":"https://fd16-photos.leclercdrive.fr/image.ashx?id=2646991&use=l&cat=p&typeid=i","cat":334853},{"id":14441,"n":"Eau minérale naturelle Evian  6x1l","p":2.93,"u":"0,49 €/L","img":"https://fd16-photos.leclercdrive.fr/image.ashx?id=2969019&use=l&cat=p&typeid=i","cat":284535},{"id":14442,"n":"Champagne brut blanc Pol Carson - 37,5cl","p":11.75,"u":"31,33 €/L","img":"https://fd16-photos.leclercdrive.fr/image.ashx?id=2909849&use=l&cat=p&typeid=i","cat":284542},{"id":14447,"n":"Sirop Frucci Thé Pêche - 75cl","p":3.2,"u":"4,27 €/L","img":"https://fd16-photos.leclercdrive.fr/image.ashx?id=2922697&use=l&cat=p&typeid=i","cat":295020},{"id":14451,"n":"Sirop Frucci Menthe - 1L","p":2.46,"u":"2,46 €/L","img":"https://fd16-photos.leclercdrive.fr/image.ashx?id=2954067&use=l&cat=p&typeid=i","cat":295020},{"id":14458,"n":"Biscuits tablette Eco+ Chocolat au lait - 150g","p":0.98,"u":"6,53 €/KG","img":"https://fd16-photos.leclercdrive.fr/image.ashx?id=2682750&use=l&cat=p&typeid=i","cat":284488},{"id":14494,"n":"Coquilles Saint-Jacques Tipiak À la bretonne - 4x90g","p":6.52,"u":"18,11 €/KG","img":"https://fd16-photos.leclercdrive.fr/image.ashx?id=2559754&use=l&cat=p&typeid=i","cat":319775},{"id":14512,"n":"Sachets glaçons Elembal x15","p":0.8,"img":"https://fd16-photos.leclercdrive.fr/image.ashx?id=2671810&use=l&cat=p&typeid=i","cat":334134},{"id":14544,"n":"Serviettes papier Homeside Triple épaisseur 40x40 x50","p":2.99,"u":"0,06 €/P","img":"https://fd16-photos.leclercdrive.fr/image.ashx?id=1659681&use=l&cat=p&typeid=i","cat":334134},{"id":14563,"n":"Serviettes Eco+ papier blanc x200","p":1.23,"u":"0,01 €/P","img":"https://fd16-photos.leclercdrive.fr/image.ashx?id=1413111&use=l&cat=p&typeid=i","cat":334134},{"id":14570,"n":"Nappe Eco+ papier blanche 25m","p":4.77,"u":"0,19 €/MT","img":"https://fd16-photos.leclercdrive.fr/image.ashx?id=1300431&use=l&cat=p&typeid=i","cat":334134},{"id":14574,"n":"Serviette incontinence Chorys Normal - x12","p":1.99,"u":"0,17 €/P","img":"https://fd16-photos.leclercdrive.fr/image.ashx?id=2393848&use=l&cat=p&typeid=i","cat":284628},{"id":14575,"n":"Serviette incontinence Chorys Mini - x20","p":1.99,"u":"0,10 €/P","img":"https://fd16-photos.leclercdrive.fr/image.ashx?id=2448409&use=l&cat=p&typeid=i","cat":284628},{"id":14578,"n":"Papier toilette Mimosa Rose - Ultra doux - x6","p":2.59,"u":"0,43 €/P","img":"https://fd16-photos.leclercdrive.fr/image.ashx?id=2777839&use=l&cat=p&typeid=i","cat":284634},{"id":14579,"n":"Papier toilette Mimosa Blanc - Ultra doux - x6","p":2.65,"u":"0,44 €/P","img":"https://fd16-photos.leclercdrive.fr/image.ashx?id=2777842&use=l&cat=p&typeid=i","cat":284634},{"id":14582,"n":"Bandes de cire froide Siliss Corps - Peaux sensibles - x40","p":2.21,"u":"0,06 €/P","img":"https://fd16-photos.leclercdrive.fr/image.ashx?id=2699426&use=l&cat=p&typeid=i","cat":325351},{"id":14625,"n":"Boisson énergétique Powerade Ice storm - 50cl","p":1.05,"u":"2,10 €/L","img":"https://fd16-photos.leclercdrive.fr/image.ashx?id=2970756&use=l&cat=p&typeid=i","cat":284533},{"id":14626,"n":"Boisson aux fruits Oasis Saveur Pêche Abricot - 2L","p":2.35,"u":"1,18 €/L","img":"https://fd16-photos.leclercdrive.fr/image.ashx?id=2688635&use=l&cat=p&typeid=i","cat":295018},{"id":14636,"n":"Soda Jean's Cola Zéro Canette - 6x33cl","p":1.98,"u":"1,00 €/L","img":"https://fd16-photos.leclercdrive.fr/image.ashx?id=2637886&use=l&cat=p&typeid=i","cat":284530},{"id":14637,"n":"Biscuits P'tit Déli ronds Chocolat noir 200g","p":1.34,"u":"6,70 €/KG","img":"https://fd16-photos.leclercdrive.fr/image.ashx?id=2884207&use=l&cat=p&typeid=i","cat":284488},{"id":14657,"n":"Eponges gratounette Spontex x2","p":2.17,"u":"1,09 €/P","img":"https://fd16-photos.leclercdrive.fr/image.ashx?id=2392292&use=l&cat=p&typeid=i","cat":284667},{"id":14659,"n":"Gel désinfectant mains Sanytol Au thé vert - 250ml","p":3.69,"u":"14,76 €/L","img":"https://fd16-photos.leclercdrive.fr/image.ashx?id=1754056&use=l&cat=p&typeid=i","cat":284630},{"id":14661,"n":"Lingettes Hygiène Intime Usage Quotidien Intima Hamamélis x20","p":1.97,"u":"0,10 €/P","img":"https://fd16-photos.leclercdrive.fr/image.ashx?id=2886675&use=l&cat=p&typeid=i","cat":284627},{"id":14688,"n":"Biscuits Bjorg Fourrés Chocolat lait bio 225g","p":2.84,"u":"12,62 €/KG","img":"https://fd16-photos.leclercdrive.fr/image.ashx?id=2970927&use=l&cat=p&typeid=i","cat":284488},{"id":14713,"n":"Rasoirs jetables Bic Twin Lady x8","p":2.04,"u":"0,26 €/P","img":"https://fd16-photos.leclercdrive.fr/image.ashx?id=2887569&use=l&cat=p&typeid=i","cat":325352},{"id":14749,"n":"Eau nettoyante Mixa Bébé  Hydratante - 250ml","p":2.68,"u":"10,72 €/L","img":"https://fd16-photos.leclercdrive.fr/image.ashx?id=2286603&use=l&cat=p&typeid=i","cat":284741},{"id":14761,"n":"Baume Après-rasage Nivea Men Peaux Sensibles - 100ml","p":4.49,"u":"44,90 €/L","img":"https://fd16-photos.leclercdrive.fr/image.ashx?id=3014590&use=l&cat=p&typeid=i","cat":288147},{"id":14762,"n":"Piles TechPlus Foxter AA/LR6 - x4","p":1.99,"img":"https://fd16-photos.leclercdrive.fr/image.ashx?id=2162165&use=l&cat=p&typeid=i","cat":300572},{"id":14764,"n":"Piles TechPlus Foxter AAA/LR3 - x4","p":1.99,"img":"https://fd16-photos.leclercdrive.fr/image.ashx?id=2162162&use=l&cat=p&typeid=i","cat":300572},{"id":14767,"n":"Piles alcalines Tech+ Foxter C/LR14 1,5V - x2","p":1.99,"u":"1,00 €/P","img":"https://fd16-photos.leclercdrive.fr/image.ashx?id=2162183&use=l&cat=p&typeid=i","cat":300572},{"id":14836,"n":"Crayon à papier HB  Eco+ + gomme - x4","p":0.19,"u":"0,05 €/P","img":"https://fd16-photos.leclercdrive.fr/image.ashx?id=1699678&use=l&cat=p&typeid=i","cat":284696},{"id":14837,"n":"Stylos bille assortis Eco+ x4","p":0.25,"img":"https://fd16-photos.leclercdrive.fr/image.ashx?id=1699675&use=l&cat=p&typeid=i","cat":284696},{"id":14854,"n":"Crayons de couleur Eco+ x12","p":0.37,"img":"https://fd16-photos.leclercdrive.fr/image.ashx?id=1929756&use=l&cat=p&typeid=i","cat":284696},{"id":14867,"n":"Adoucissant Hyperdou Pure Caresse - 750ml","p":1.99,"u":"2,65 €/L","img":"https://fd16-photos.leclercdrive.fr/image.ashx?id=2614446&use=l&cat=p&typeid=i","cat":284650},{"id":14873,"n":"Pastilles javel La Croix x40","p":2.02,"u":"15,07 €/KG","img":"https://fd16-photos.leclercdrive.fr/image.ashx?id=2679693&use=l&cat=p&typeid=i","cat":284661},{"id":14887,"n":"Compote Charles & Alice Pommes - 4x100g","p":1.46,"u":"3,65 €/KG","img":"https://fd16-photos.leclercdrive.fr/image.ashx?id=2757677&use=l&cat=p&typeid=i","cat":284416},{"id":14888,"n":"Compote Charles & Alice Pommes Poires - 4x100g","p":1.46,"u":"3,65 €/KG","img":"https://fd16-photos.leclercdrive.fr/image.ashx?id=2936902&use=l&cat=p&typeid=i","cat":284416},{"id":14893,"n":"Yaourts allégés Sveltesse   Fruits Panachés - 12x125g","p":3.13,"u":"2,09 €/KG","img":"https://fd16-photos.leclercdrive.fr/image.ashx?id=2649569&use=l&cat=p&typeid=i","cat":315000},{"id":14918,"n":"Dessert fruitier framboise Douceur du Verger s/sucre 4x97g","p":1.49,"u":"3,84 €/KG","img":"https://fd16-photos.leclercdrive.fr/image.ashx?id=2509098&use=l&cat=p&typeid=i","cat":284416},{"id":14924,"n":"Lasagnes chèvre épinards Côté Table - 500g","p":2.95,"u":"5,90 €/KG","img":"https://fd16-photos.leclercdrive.fr/image.ashx?id=2647874&use=l&cat=p&typeid=i","cat":284254},{"id":14931,"n":"Rhum blanc Old Nick 40%vol - 1L","p":14.95,"u":"14,95 €/L","img":"https://fd16-photos.leclercdrive.fr/image.ashx?id=2483750&use=l&cat=p&typeid=i","cat":284550},{"id":14932,"n":"Rhum blanc Saint James 40% vol - 70cl","p":11.63,"u":"16,61 €/L","img":"https://fd16-photos.leclercdrive.fr/image.ashx?id=2970948&use=l&cat=p&typeid=i","cat":284550},{"id":14934,"n":"Gin Gibson 37.5%vol - 70cl","p":11.65,"u":"16,64 €/L","img":"https://fd16-photos.leclercdrive.fr/image.ashx?id=2755396&use=l&cat=p&typeid=i","cat":284550},{"id":14945,"n":"Whisky Johnnie Walker Red Blended Scotch 40%vol - 70cl","p":16.36,"u":"23,37 €/L","img":"https://fd16-photos.leclercdrive.fr/image.ashx?id=2457446&use=l&cat=p&typeid=i","cat":284547},{"id":14965,"n":"Bas-armagnac AOC 40%vol. - 50cl","p":19.84,"u":"39,68 €/L","img":"https://fd16-photos.leclercdrive.fr/image.ashx?id=2663305&use=l&cat=p&typeid=i","cat":286032},{"id":14974,"n":"Cognac v.s. Duc de Borzac 40%vol. - 70cl","p":18.98,"u":"27,11 €/L","img":"https://fd16-photos.leclercdrive.fr/image.ashx?id=2397138&use=l&cat=p&typeid=i","cat":286032},{"id":14976,"n":"Vodka Novotna  Pure grain 37.5%vol - 1,5L","p":22.07,"u":"14,71 €/L","img":"https://fd16-photos.leclercdrive.fr/image.ashx?id=784852&use=l&cat=p&typeid=i","cat":284550},{"id":14978,"n":"Liqueur de whisky Baird's Irish cream 17%vol. - 70cl","p":6.69,"u":"9,56 €/L","img":"https://fd16-photos.leclercdrive.fr/image.ashx?id=1654895&use=l&cat=p&typeid=i","cat":286032},{"id":14979,"n":"Crème de cassis de dijon NRT 20%vol. - 70cl","p":9.99,"u":"14,27 €/L","img":"https://fd16-photos.leclercdrive.fr/image.ashx?id=2762632&use=l&cat=p&typeid=i","cat":286032},{"id":14980,"n":"Crème de framboise Auguste  Mugniot 15%vol. - 50cl","p":5.49,"u":"10,98 €/L","img":"https://fd16-photos.leclercdrive.fr/image.ashx?id=829186&use=l&cat=p&typeid=i","cat":286032},{"id":14982,"n":"Cocktail Punch coco Lagoa 15%vol - 70cl","p":4.99,"u":"7,13 €/L","img":"https://fd16-photos.leclercdrive.fr/image.ashx?id=2958311&use=l&cat=p&typeid=i","cat":284551},{"id":14984,"n":"Guignolet Auguste Mugniot Kirsch - 15%vol. - 1L","p":7.12,"u":"7,12 €/L","img":"https://fd16-photos.leclercdrive.fr/image.ashx?id=745118&use=l&cat=p&typeid=i","cat":286032},{"id":14985,"n":"Liqueur de gentiane Boliane 15%vol. 1L","p":4.42,"u":"4,42 €/L","img":"https://fd16-photos.leclercdrive.fr/image.ashx?id=2081669&use=l&cat=p&typeid=i","cat":284913},{"id":14987,"n":"Scotch Whisky Baird's 40%vol - 1,5L","p":22.93,"u":"15,29 €/L","img":"https://fd16-photos.leclercdrive.fr/image.ashx?id=2913660&use=l&cat=p&typeid=i","cat":284547},{"id":14989,"n":"Bière blonde Amsterdam  Navigator 8%vol. - 50cl","p":1.4,"u":"2,80 €/L","img":"https://fd16-photos.leclercdrive.fr/image.ashx?id=2191104&use=l&cat=p&typeid=i","cat":334853},{"id":14993,"n":"Bière blonde Leffe Rituel 9% - 6x25cl","p":5.62,"u":"3,75 €/L","img":"https://fd16-photos.leclercdrive.fr/image.ashx?id=2548285&use=l&cat=p&typeid=i","cat":334852},{"id":14996,"n":"Bière blonde Desquiles 5.9%vol. - 3x33cl","p":3.29,"u":"3,32 €/L","img":"https://fd16-photos.leclercdrive.fr/image.ashx?id=2637874&use=l&cat=p&typeid=i","cat":334878},{"id":14997,"n":"Bière blonde du Nord NRT - 7° - 6x25cl","p":3.72,"u":"2,48 €/L","img":"https://fd16-photos.leclercdrive.fr/image.ashx?id=2663815&use=l&cat=p&typeid=i","cat":334852},{"id":15010,"n":"Serviette incontinence Chorys Extra - x10","p":1.99,"u":"0,20 €/P","img":"https://fd16-photos.leclercdrive.fr/image.ashx?id=2393851&use=l&cat=p&typeid=i","cat":284628},{"id":15011,"n":"Vin pétillant de l'UE arômatisé Pêche  - 75 cl","p":2.85,"u":"3,80 €/L","img":"https://fd16-photos.leclercdrive.fr/image.ashx?id=2720160&use=l&cat=p&typeid=i","cat":284544},{"id":15016,"n":"AOP Crémant d'Alsace Wolfberger Brut - 75cl","p":6.97,"u":"9,29 €/L","img":"https://fd16-photos.leclercdrive.fr/image.ashx?id=2323502&use=l&cat=p&typeid=i","cat":284544},{"id":15023,"n":"Crème adhésive Dentamyl 50g","p":2.08,"u":"41,60 €/KG","img":"https://fd16-photos.leclercdrive.fr/image.ashx?id=2643372&use=l&cat=p&typeid=i","cat":285158},{"id":15025,"n":"Nectar Jafaden Pomme kiwi - 1L","p":2.35,"u":"2,35 €/L","img":"https://fd16-photos.leclercdrive.fr/image.ashx?id=2895771&use=l&cat=p&typeid=i","cat":284915},{"id":15034,"n":"Déodorant bille Bio Naïa 50ml","p":1.35,"u":"27,00 €/L","img":"https://fd16-photos.leclercdrive.fr/image.ashx?id=1858223&use=l&cat=p&typeid=i","cat":284595},{"id":15036,"n":"Huile sèche corps bio Bio Naïa Spray - 100ml","p":4.59,"u":"45,90 €/L","img":"https://fd16-photos.leclercdrive.fr/image.ashx?id=1655769&use=l&cat=p&typeid=i","cat":325349},{"id":15039,"n":"Crème visage bio Bio Naïa Hydratante 50ml","p":1.99,"u":"39,80 €/L","img":"https://fd16-photos.leclercdrive.fr/image.ashx?id=2436651&use=l&cat=p&typeid=i","cat":325345},{"id":15053,"n":"Déodorant Manava Grenade - 200ml","p":1.39,"u":"6,95 €/L","img":"https://fd16-photos.leclercdrive.fr/image.ashx?id=2699276&use=l&cat=p&typeid=i","cat":284595},{"id":15059,"n":"Gaufrettes P'tit Déli Praliné chocolat au lait - 175g","p":1.85,"u":"10,57 €/KG","img":"https://fd16-photos.leclercdrive.fr/image.ashx?id=2817157&use=l&cat=p&typeid=i","cat":284488},{"id":15066,"n":"Savon douceur Manava Bouquet fleurs blanches 4x100g","p":1.45,"u":"3,63 €/KG","img":"https://fd16-photos.leclercdrive.fr/image.ashx?id=2358342&use=l&cat=p&typeid=i","cat":284597},{"id":15125,"n":"Marrons glacés Equador 10 marrons entiers - 200g","p":8.19,"u":"40,95 €/KG","img":"https://fd16-photos.leclercdrive.fr/image.ashx?id=2228004&use=l&cat=p&typeid=i","cat":327603},{"id":15140,"n":"Biscuits Croustine P'tit Déli Meringue noisette 100g","p":2.29,"u":"22,90 €/KG","img":"https://fd16-photos.leclercdrive.fr/image.ashx?id=2545574&use=l&cat=p&typeid=i","cat":284487},{"id":15146,"n":"Génoises fourrées P'tit Déli Citron - 150g","p":1.98,"u":"13,20 €/KG","img":"https://fd16-photos.leclercdrive.fr/image.ashx?id=2482499&use=l&cat=p&typeid=i","cat":284489},{"id":15149,"n":"Petit Beurre P'tit Déli Pépites chocolat x24 200g","p":1.87,"u":"9,35 €/KG","img":"https://fd16-photos.leclercdrive.fr/image.ashx?id=2694100&use=l&cat=p&typeid=i","cat":284487},{"id":15152,"n":"Biscuits P'tit Déli Fleur de caramel 100g","p":2.25,"u":"22,50 €/KG","img":"https://fd16-photos.leclercdrive.fr/image.ashx?id=2935220&use=l&cat=p&typeid=i","cat":284490},{"id":15162,"n":"Rillettes pur porc Côté Table 3x78g","p":2.75,"u":"11,75 €/KG","img":"https://fd16-photos.leclercdrive.fr/image.ashx?id=2518514&use=l&cat=p&typeid=i","cat":305149},{"id":15163,"n":"Sablés fourrés P'tit Déli Noisette 125g","p":1.92,"u":"15,36 €/KG","img":"https://fd16-photos.leclercdrive.fr/image.ashx?id=2791266&use=l&cat=p&typeid=i","cat":284487},{"id":15194,"n":"Pineau des Charentes J. Gautret Blanc 17%vol. 75cl","p":10.82,"u":"14,43 €/L","img":"https://fd16-photos.leclercdrive.fr/image.ashx?id=1654314&use=l&cat=p&typeid=i","cat":284913},{"id":15256,"n":"Barre chocolat au lait Lion x6 barres - 252g","p":2.49,"u":"9,88 €/KG","img":"https://fd16-photos.leclercdrive.fr/image.ashx?id=2736991&use=l&cat=p&typeid=i","cat":284498},{"id":15305,"n":"Eau minérale Saint Antonin 6x1L","p":2.76,"u":"0,46 €/L","img":"https://fd16-photos.leclercdrive.fr/image.ashx?id=2653891&use=l&cat=p&typeid=i","cat":284535},{"id":15306,"n":"Eau minérale naturelle St Amand 6x1.5L","p":2.5,"u":"0,28 €/L","img":"https://fd16-photos.leclercdrive.fr/image.ashx?id=2902678&use=l&cat=p&typeid=i","cat":284535},{"id":15342,"n":"Chocolat Eco+ Noir - 5x100g","p":3.78,"u":"7,56 €/KG","img":"https://fd16-photos.leclercdrive.fr/image.ashx?id=2946145&use=l&cat=p&typeid=i","cat":284956},{"id":15476,"n":"Eau nettoyante Mots d'Enfants Hydratante - 250ml","p":1.93,"u":"7,72 €/L","img":"https://fd16-photos.leclercdrive.fr/image.ashx?id=3015048&use=l&cat=p&typeid=i","cat":284741},{"id":15492,"n":"AOC Muscadet blanc Botinière - 75 Cl","p":4.7,"u":"6,27 €/L","img":"https://fd16-photos.leclercdrive.fr/image.ashx?id=2476275&use=l&cat=p&typeid=i","cat":289557},{"id":15525,"n":"Mini gâches briochettes NRT Chocolat noir x8 - 360g","p":2.79,"u":"7,75 €/KG","img":"https://fd16-photos.leclercdrive.fr/image.ashx?id=2670440&use=l&cat=p&typeid=i","cat":284478},{"id":15542,"n":"Prépartion mirabelles NRT De Lorraine  - 315g","p":2.64,"u":"8,38 €/KG","img":"https://fd16-photos.leclercdrive.fr/image.ashx?id=2699795&use=l&cat=p&typeid=i","cat":284480},{"id":15564,"n":"Chips paysannes Pom'lisse Nature - 150g","p":0.99,"u":"6,60 €/KG","img":"https://fd16-photos.leclercdrive.fr/image.ashx?id=2652897&use=l&cat=p&typeid=i","cat":284447},{"id":15746,"n":"Soupe Liquide Liebig  Bisque de Homard - 300g","p":2.47,"u":"8,23 €/KG","img":"https://fd16-photos.leclercdrive.fr/image.ashx?id=2651390&use=l&cat=p&typeid=i","cat":287366},{"id":15821,"n":"Baume Soin lèvres Mixa Anti-dessèchement lot de 2","p":2.29,"u":"1,15 €/P","img":"https://fd16-photos.leclercdrive.fr/image.ashx?id=2425607&use=l&cat=p&typeid=i","cat":285485},{"id":15839,"n":"Coloration Casting Crème gloss Chocolat n°535 - 1 pièce","p":8.89,"img":"https://fd16-photos.leclercdrive.fr/image.ashx?id=2869086&use=l&cat=p&typeid=i","cat":288899},{"id":15841,"n":"Coloration Casting crème gloss Marron glacé n°415","p":8.84,"img":"https://fd16-photos.leclercdrive.fr/image.ashx?id=1630170&use=l&cat=p&typeid=i","cat":288899},{"id":15845,"n":"Coloration Casting crème gloss Auburn n°426 - 1 pièce","p":7.89,"img":"https://fd16-photos.leclercdrive.fr/image.ashx?id=2869077&use=l&cat=p&typeid=i","cat":288899},{"id":15875,"n":"Eau de Cologne Bien Etre Naturelle - 250ml","p":4.45,"u":"17,80 €/L","img":"https://fd16-photos.leclercdrive.fr/image.ashx?id=2353665&use=l&cat=p&typeid=i","cat":291525},{"id":15895,"n":"Soin cheveux nutrition Garnier Cheveu bouclé à frisé - 200ml","p":2.37,"u":"11,85 €/L","img":"https://fd16-photos.leclercdrive.fr/image.ashx?id=2985354&use=l&cat=p&typeid=i","cat":284608},{"id":15908,"n":"Shampooing Pétrol Hahn original Cheveux normaux 250ml","p":2.4,"u":"9,60 €/L","img":"https://fd16-photos.leclercdrive.fr/image.ashx?id=2480512&use=l&cat=p&typeid=i","cat":284621},{"id":15909,"n":"Shampooing Pétrol Hahn Anti-chûte 250ml","p":2.41,"u":"9,64 €/L","img":"https://fd16-photos.leclercdrive.fr/image.ashx?id=2450649&use=l&cat=p&typeid=i","cat":284606},{"id":15912,"n":"Mousse à raser Williams Peau sensible 200ml","p":1.71,"u":"8,55 €/L","img":"https://fd16-photos.leclercdrive.fr/image.ashx?id=2785976&use=l&cat=p&typeid=i","cat":284617},{"id":15916,"n":"Baume après rasage Nivéa For Men Hydratant - 100ml","p":6.1,"u":"61,00 €/L","img":"https://fd16-photos.leclercdrive.fr/image.ashx?id=2981653&use=l&cat=p&typeid=i","cat":288147},{"id":15919,"n":"Soin hydratant L'Oréal Paris Men Expert Anti-fatigue - 50ml","p":5.81,"u":"116,20 €/L","img":"https://fd16-photos.leclercdrive.fr/image.ashx?id=2811278&use=l&cat=p&typeid=i","cat":284622},{"id":15969,"n":"Gel nettoyant canalisations  Destop Javel Agrumes - 750ml","p":2.63,"u":"3,51 €/L","img":"https://fd16-photos.leclercdrive.fr/image.ashx?id=2885956&use=l&cat=p&typeid=i","cat":284908},{"id":16046,"n":"Fromage de chèvre Les Croisés Frais rond - 200g","p":1.89,"u":"9,45 €/KG","img":"https://fd16-photos.leclercdrive.fr/image.ashx?id=1997950&use=l&cat=p&typeid=i","cat":314031},{"id":16061,"n":"Sauce Tomates Barilla Basilic - 400g","p":1.64,"u":"4,10 €/KG","img":"https://fd16-photos.leclercdrive.fr/image.ashx?id=2832518&use=l&cat=p&typeid=i","cat":287599},{"id":16062,"n":"Sauce Pesto Genovese Barilla Au basilic frais - 190g","p":1.99,"u":"10,47 €/KG","img":"https://fd16-photos.leclercdrive.fr/image.ashx?id=2737585&use=l&cat=p&typeid=i","cat":287599},{"id":16063,"n":"Sauce Pesto Barilla Rosso - 200g","p":1.94,"u":"9,70 €/KG","img":"https://fd16-photos.leclercdrive.fr/image.ashx?id=2308348&use=l&cat=p&typeid=i","cat":287599},{"id":16076,"n":"Sauce Italienne Zapetti 3x95g","p":2.16,"u":"7,58 €/KG","img":"https://fd16-photos.leclercdrive.fr/image.ashx?id=2579978&use=l&cat=p&typeid=i","cat":288384},{"id":16094,"n":"Pansements bain Mercurochrome Bain 3 tailles x16","p":4.63,"u":"0,29 €/P","img":"https://fd16-photos.leclercdrive.fr/image.ashx?id=2663965&use=l&cat=p&typeid=i","cat":284630},{"id":16095,"n":"Spray anti-moustique Marie Rose 8h - 100ml","p":5.76,"u":"57,60 €/L","img":"https://fd16-photos.leclercdrive.fr/image.ashx?id=2666749&use=l&cat=p&typeid=i","cat":299654},{"id":16142,"n":"Eau de source de Montagne 6x1L","p":1.55,"u":"0,26 €/L","img":"https://fd16-photos.leclercdrive.fr/image.ashx?id=2597621&use=l&cat=p&typeid=i","cat":284535},{"id":16159,"n":"Brume d'eau pure Inell 400ml","p":1.65,"u":"4,13 €/L","img":"https://fd16-photos.leclercdrive.fr/image.ashx?id=806289&use=l&cat=p&typeid=i","cat":290295},{"id":16171,"n":"Riz Thaï Bio Village Bio - 500g","p":2.45,"u":"4,90 €/KG","img":"https://fd16-photos.leclercdrive.fr/image.ashx?id=2441510&use=l&cat=p&typeid=i","cat":284428},{"id":16172,"n":"Mini Barres chocolatées Lion x18 barres - 350g","p":3.75,"u":"10,71 €/KG","img":"https://fd16-photos.leclercdrive.fr/image.ashx?id=2925553&use=l&cat=p&typeid=i","cat":284498},{"id":16229,"n":"Liqueur Guignolet A. Mugniot 15%vol. - 1L","p":6.44,"u":"6,44 €/L","img":"https://fd16-photos.leclercdrive.fr/image.ashx?id=2641259&use=l&cat=p&typeid=i","cat":286032},{"id":16231,"n":"Porto Tawny Dorrao 20%vol - 75cl","p":11.65,"u":"15,53 €/L","img":"https://fd16-photos.leclercdrive.fr/image.ashx?id=2869853&use=l&cat=p&typeid=i","cat":284913},{"id":16233,"n":"AOC Banyuls Traditionnel Guillaume d'Arria - 75cl","p":6.41,"u":"8,55 €/L","img":"https://fd16-photos.leclercdrive.fr/image.ashx?id=2974747&use=l&cat=p&typeid=i","cat":289556},{"id":16254,"n":"Câpres surfines Rustica Au vinaigre - 60g","p":1.23,"u":"20,50 €/KG","img":"https://fd16-photos.leclercdrive.fr/image.ashx?id=2916686&use=l&cat=p&typeid=i","cat":284458},{"id":16263,"n":"Chair à saucisse  500g","p":4.99,"u":"9,98 €/KG","img":"https://fd16-photos.leclercdrive.fr/image.ashx?id=596043&use=l&cat=p&typeid=i","cat":284332},{"id":16303,"n":"Petits oignons Rustica Vinaigre doux - 190g","p":0.79,"u":"4,16 €/KG","img":"https://fd16-photos.leclercdrive.fr/image.ashx?id=2916683&use=l&cat=p&typeid=i","cat":284458},{"id":16429,"n":"Oeufs frais plein air Bio Bio village - x10","p":3.41,"u":"0,34 €/P","img":"https://fd16-photos.leclercdrive.fr/image.ashx?id=2983844&use=l&cat=p&typeid=i","cat":284378},{"id":16436,"n":"Pâtes torsades Bio Village Bio -  500g","p":0.85,"u":"1,70 €/KG","img":"https://fd16-photos.leclercdrive.fr/image.ashx?id=2625367&use=l&cat=p&typeid=i","cat":284427},{"id":16438,"n":"Riz long Bio Village Bio - 500g","p":1.94,"u":"3,88 €/KG","img":"https://fd16-photos.leclercdrive.fr/image.ashx?id=2582996&use=l&cat=p&typeid=i","cat":284428},{"id":16439,"n":"Riz Basmati Bio Village Bio - 500g","p":1.5,"u":"3,00 €/KG","img":"https://fd16-photos.leclercdrive.fr/image.ashx?id=2441507&use=l&cat=p&typeid=i","cat":284428},{"id":16520,"n":"Mayonnaise Eco+ Bocal - 470g","p":1.17,"u":"2,49 €/KG","img":"https://fd16-photos.leclercdrive.fr/image.ashx?id=2954322&use=l&cat=p&typeid=i","cat":298295},{"id":16522,"n":"Soufflés cacahuète Eco+ 100g","p":0.34,"u":"3,40 €/KG","img":"https://fd16-photos.leclercdrive.fr/image.ashx?id=2678785&use=l&cat=p&typeid=i","cat":284449},{"id":16524,"n":"Pâtes Eco+ Spaghetti - 1kg","p":1.02,"u":"1,02 €/KG","img":"https://fd16-photos.leclercdrive.fr/image.ashx?id=2757494&use=l&cat=p&typeid=i","cat":284427},{"id":16525,"n":"Purée de pommes de terre Eco+ Déshydratée 4x125g","p":1.39,"u":"2,78 €/KG","img":"https://fd16-photos.leclercdrive.fr/image.ashx?id=2961656&use=l&cat=p&typeid=i","cat":284431},{"id":16527,"n":"Bouillon déshydraté Eco+ Volaille - 12x10g","p":0.67,"u":"5,58 €/KG","img":"https://fd16-photos.leclercdrive.fr/image.ashx?id=1735897&use=l&cat=p&typeid=i","cat":288379},{"id":16528,"n":"Bouillon déshydraté Eco+ Boeuf - 12x10g","p":0.69,"u":"5,75 €/KG","img":"https://fd16-photos.leclercdrive.fr/image.ashx?id=1735894&use=l&cat=p&typeid=i","cat":288379},{"id":16536,"n":"Sucre Eco+ En morceaux - 1kg","p":1.33,"u":"1,33 €/KG","img":"https://fd16-photos.leclercdrive.fr/image.ashx?id=2675676&use=l&cat=p&typeid=i","cat":284502},{"id":16547,"n":"Barquette chiens Eco+ A la Volaille - 300g","p":0.52,"u":"1,73 €/KG","img":"https://fd16-photos.leclercdrive.fr/image.ashx?id=2052727&use=l&cat=p&typeid=i","cat":284673},{"id":16550,"n":"Limonade Eco+ 1,5L","p":0.38,"u":"0,25 €/L","img":"https://fd16-photos.leclercdrive.fr/image.ashx?id=2762937&use=l&cat=p&typeid=i","cat":284531},{"id":16552,"n":"Jus de pomme abc Eco+ 1L","p":0.85,"u":"0,85 €/L","img":"https://fd16-photos.leclercdrive.fr/image.ashx?id=2802269&use=l&cat=p&typeid=i","cat":284522},{"id":16553,"n":"Soda cola Eco+ 1,5L","p":0.49,"u":"0,33 €/L","img":"https://fd16-photos.leclercdrive.fr/image.ashx?id=2807270&use=l&cat=p&typeid=i","cat":284530},{"id":16554,"n":"Soda cola light 1,5l","p":0.4,"u":"0,27 €/L","img":"https://fd16-photos.leclercdrive.fr/image.ashx?id=2821792&use=l&cat=p&typeid=i","cat":284530},{"id":16555,"n":"Boisson aromatisée Eco+ Exotique 2L","p":0.97,"u":"0,49 €/L","img":"https://fd16-photos.leclercdrive.fr/image.ashx?id=2755049&use=l&cat=p&typeid=i","cat":295018},{"id":16558,"n":"Thé glacé pêche Eco  2L","p":1.25,"u":"0,63 €/L","img":"https://fd16-photos.leclercdrive.fr/image.ashx?id=2764955&use=l&cat=p&typeid=i","cat":295019},{"id":16560,"n":"Lingettes multi-usages Eco+ Citron x50","p":0.62,"img":"https://fd16-photos.leclercdrive.fr/image.ashx?id=2308533&use=l&cat=p&typeid=i","cat":325358},{"id":16561,"n":"Eau de javel Eco+ Bidon - 5L","p":1.09,"u":"0,22 €/L","img":"https://fd16-photos.leclercdrive.fr/image.ashx?id=2883913&use=l&cat=p&typeid=i","cat":284661},{"id":16570,"n":"Saucisse sèche droite Eco+ 250g","p":1.78,"u":"7,12 €/KG","img":"https://fd16-photos.leclercdrive.fr/image.ashx?id=2845137&use=l&cat=p&typeid=i","cat":316006},{"id":16571,"n":"Tagliatelles fraiches Eco+ 500g","p":1.4,"u":"2,80 €/KG","img":"https://fd16-photos.leclercdrive.fr/image.ashx?id=2751850&use=l&cat=p&typeid=i","cat":333682},{"id":16577,"n":"Crème sous pression Eco+ Crème légère et sucrée - 250g","p":1.69,"u":"6,76 €/KG","img":"https://fd16-photos.leclercdrive.fr/image.ashx?id=1763961&use=l&cat=p&typeid=i","cat":284382},{"id":16582,"n":"Pommes frites Eco+ 2,5kg","p":2.81,"u":"1,12 €/KG","img":"https://fd16-photos.leclercdrive.fr/image.ashx?id=2660523&use=l&cat=p&typeid=i","cat":319791},{"id":16583,"n":"Pommes rissolées surgelées Eco+ 1kg","p":1.11,"u":"1,11 €/KG","img":"https://fd16-photos.leclercdrive.fr/image.ashx?id=2085934&use=l&cat=p&typeid=i","cat":319792},{"id":16642,"n":"Génoises fourrées P'tit Déli Agrumes - 150g","p":1.09,"u":"7,27 €/KG","img":"https://fd16-photos.leclercdrive.fr/image.ashx?id=2482502&use=l&cat=p&typeid=i","cat":284489},{"id":16701,"n":"Bouchées RAFFAELLO Noix de coco Amandes - 180g","p":4.71,"u":"26,17 €/KG","img":"https://fd16-photos.leclercdrive.fr/image.ashx?id=2937857&use=l&cat=p&typeid=i","cat":327595},{"id":16737,"n":"Viande hachée 15% MG Férial 500g","p":7.29,"u":"14,58 €/KG","img":"https://fd16-photos.leclercdrive.fr/image.ashx?id=2904013&use=l&cat=p&typeid=i","cat":284332},{"id":16741,"n":"Viande hachée 5% MG Férial 350g","p":5.71,"u":"16,31 €/KG","img":"https://fd16-photos.leclercdrive.fr/image.ashx?id=2904010&use=l&cat=p&typeid=i","cat":284332},{"id":16742,"n":"Steak haché Férial 15%mg - 800g","p":11.49,"u":"14,36 €/KG","img":"https://fd16-photos.leclercdrive.fr/image.ashx?id=2904004&use=l&cat=p&typeid=i","cat":284332},{"id":16747,"n":"Viande hachée 15% MG Férial 350g","p":5.59,"u":"15,97 €/KG","img":"https://fd16-photos.leclercdrive.fr/image.ashx?id=2904007&use=l&cat=p&typeid=i","cat":284332},{"id":16765,"n":"Steak haché Férial pur boeuf 5%mg - 250g","p":4.74,"u":"18,96 €/KG","img":"https://fd16-photos.leclercdrive.fr/image.ashx?id=2903998&use=l&cat=p&typeid=i","cat":284332},{"id":16782,"n":"Steak haché Férial 15%mg 250g","p":3.99,"u":"15,96 €/KG","img":"https://fd16-photos.leclercdrive.fr/image.ashx?id=2904001&use=l&cat=p&typeid=i","cat":284332},{"id":16783,"n":"AOP Saumur brut Les Caractères - 75cl","p":4.49,"u":"5,99 €/L","img":"https://fd16-photos.leclercdrive.fr/image.ashx?id=2895774&use=l&cat=p&typeid=i","cat":284544},{"id":16785,"n":"Fraisier Bonne Maman 2x100g","p":2.24,"u":"11,20 €/KG","img":"https://fd16-photos.leclercdrive.fr/image.ashx?id=2911876&use=l&cat=p&typeid=i","cat":284419},{"id":16800,"n":"Eau minérale naturelle Contrex 6x1L","p":2.57,"u":"0,43 €/L","img":"https://fd16-photos.leclercdrive.fr/image.ashx?id=2731720&use=l&cat=p&typeid=i","cat":284535},{"id":16803,"n":"AOC Champagne Président Germain Brut - 75cl","p":24.9,"u":"33,20 €/L","img":"https://fd16-photos.leclercdrive.fr/image.ashx?id=1567645&use=l&cat=p&typeid=i","cat":284542},{"id":16829,"n":"Fusilli Côté Snack Pâtes 4 fromages - 300g","p":1.89,"u":"6,30 €/KG","img":"https://fd16-photos.leclercdrive.fr/image.ashx?id=2748726&use=l&cat=p&typeid=i","cat":334983},{"id":16841,"n":"Génoises fourrées P'tit Déli Framboise cassis - 150g","p":1.06,"u":"7,07 €/KG","img":"https://fd16-photos.leclercdrive.fr/image.ashx?id=2473981&use=l&cat=p&typeid=i","cat":284489},{"id":16842,"n":"Spéculoos P'tit Déli 2x250g","p":1.47,"u":"2,94 €/KG","img":"https://fd16-photos.leclercdrive.fr/image.ashx?id=2046364&use=l&cat=p&typeid=i","cat":284487},{"id":16920,"n":"Coeurs d'artichaut Notre Jardin 240g","p":2.49,"u":"10,38 €/KG","img":"https://fd16-photos.leclercdrive.fr/image.ashx?id=2501994&use=l&cat=p&typeid=i","cat":312611},{"id":16996,"n":"Liquide de rinçage Visior Lave-vaisselle - 750ml","p":0.89,"u":"1,19 €/L","img":"https://fd16-photos.leclercdrive.fr/image.ashx?id=2874377&use=l&cat=p&typeid=i","cat":284657},{"id":17014,"n":"Fromage apéritif Apéricube Sélection festive 48 cubes","p":4.17,"u":"16,68 €/KG","img":"https://fd16-photos.leclercdrive.fr/image.ashx?id=2882665&use=l&cat=p&typeid=i","cat":314027},{"id":17036,"n":"Mouchoirs blancs 3 plis Caresse Boîte mouchoirs papier x90","p":1.04,"u":"0,01 €/P","img":"https://fd16-photos.leclercdrive.fr/image.ashx?id=2777915&use=l&cat=p&typeid=i","cat":284638},{"id":17037,"n":"Rasoir Carré Homme 5 lames - x1","p":4.69,"img":"https://fd16-photos.leclercdrive.fr/image.ashx?id=2704654&use=l&cat=p&typeid=i","cat":284616},{"id":17104,"n":"Tuiles Tokapi  Nature - 170g","p":1.35,"u":"7,94 €/KG","img":"https://fd16-photos.leclercdrive.fr/image.ashx?id=2632849&use=l&cat=p&typeid=i","cat":287899},{"id":17105,"n":"Chips Tuiles Tokapi Crème oignon - 170g","p":1.35,"u":"7,94 €/KG","img":"https://fd16-photos.leclercdrive.fr/image.ashx?id=2643375&use=l&cat=p&typeid=i","cat":287899},{"id":17108,"n":"Brume d'eau pure Inell 150ml","p":1.25,"u":"8,33 €/L","img":"https://fd16-photos.leclercdrive.fr/image.ashx?id=2712980&use=l&cat=p&typeid=i","cat":290295},{"id":17113,"n":"Cidre bouché Bio village Bio 4% vol - 75cl","p":2.29,"u":"3,05 €/L","img":"https://fd16-photos.leclercdrive.fr/image.ashx?id=2907255&use=l&cat=p&typeid=i","cat":334880},{"id":17143,"n":"Croissants pur beurre           4x1p","p":2.3,"u":"0,58 €/P","img":"https://fd16-photos.leclercdrive.fr/image.ashx?id=597456&use=l&cat=p&typeid=i","cat":284984},{"id":17189,"n":"Biscuit petit dej P'tit Déli Miel/pépites chocolat - 400g","p":2.15,"u":"5,38 €/KG","img":"https://fd16-photos.leclercdrive.fr/image.ashx?id=2999502&use=l&cat=p&typeid=i","cat":284491},{"id":17218,"n":"Tétines silicone Mots D'enfants + 6 mois bout rond x2","p":1.45,"u":"0,73 €/P","img":"https://fd16-photos.leclercdrive.fr/image.ashx?id=597566&use=l&cat=p&typeid=i","cat":284743},{"id":17220,"n":"Nettoyant spray Clair Anti-calcaire 750ml","p":0.94,"u":"1,25 €/L","img":"https://fd16-photos.leclercdrive.fr/image.ashx?id=2882316&use=l&cat=p&typeid=i","cat":325362},{"id":17223,"n":"Mouchoirs blancs 3 plis Caresse Boîte déco décor aléatoire x70","p":1.52,"u":"0,02 €/P","img":"https://fd16-photos.leclercdrive.fr/image.ashx?id=2812548&use=l&cat=p&typeid=i","cat":284638},{"id":17294,"n":"Pâtes crozets nature Alpina 400g","p":2.63,"u":"6,58 €/KG","img":"https://fd16-photos.leclercdrive.fr/image.ashx?id=2795072&use=l&cat=p&typeid=i","cat":284427},{"id":17295,"n":"Pâtes crozets Alpina Savoie Au sarrasin - 400g","p":2.68,"u":"6,70 €/KG","img":"https://fd16-photos.leclercdrive.fr/image.ashx?id=2795075&use=l&cat=p&typeid=i","cat":284427},{"id":17379,"n":"Gants fins latex Mapa Douceur satiné taille L - x10","p":2.92,"u":"0,29 €/P","img":"https://fd16-photos.leclercdrive.fr/image.ashx?id=2864489&use=l&cat=p&typeid=i","cat":284668},{"id":17380,"n":"Gants fins latex Mapa Douceur satiné taille M - x10","p":2.92,"u":"0,29 €/P","img":"https://fd16-photos.leclercdrive.fr/image.ashx?id=2592504&use=l&cat=p&typeid=i","cat":284668},{"id":17383,"n":"Gants ultra-résistants Mapa Taille L - x2","p":1.98,"u":"0,99 €/P","img":"https://fd16-photos.leclercdrive.fr/image.ashx?id=2732437&use=l&cat=p&typeid=i","cat":284668},{"id":17390,"n":"Tampon à récurer Mamison x3","p":0.68,"u":"0,23 €/P","img":"https://fd16-photos.leclercdrive.fr/image.ashx?id=2216957&use=l&cat=p&typeid=i","cat":284667},{"id":17392,"n":"Mouchoirs blanc 4 plis Univert Etuis x15 - Ecolabel","p":1.95,"u":"0,13 €/P","img":"https://fd16-photos.leclercdrive.fr/image.ashx?id=2549951&use=l&cat=p&typeid=i","cat":284638},{"id":17409,"n":"Lotion capillaire Carré Homme Cheveux blancs et gris 400ml","p":1.99,"u":"4,98 €/L","img":"https://fd16-photos.leclercdrive.fr/image.ashx?id=1961961&use=l&cat=p&typeid=i","cat":284621},{"id":17410,"n":"Gel anticalcaire Texil 750ml","p":2.59,"u":"3,45 €/L","img":"https://fd16-photos.leclercdrive.fr/image.ashx?id=2958711&use=l&cat=p&typeid=i","cat":284653},{"id":17413,"n":"Sacs congélation zip Elembal Petit modèle x25","p":1.45,"u":"0,06 €/P","img":"https://fd16-photos.leclercdrive.fr/image.ashx?id=2751883&use=l&cat=p&typeid=i","cat":334134},{"id":17414,"n":"Activateur de lavage Textil Spécial blanc 10 tablettes","p":2.1,"u":"9,33 €/KG","img":"https://fd16-photos.leclercdrive.fr/image.ashx?id=2964565&use=l&cat=p&typeid=i","cat":284651},{"id":17417,"n":"AOC Rosé d'Anjou vin rosé Les Caractères - BIB 3L","p":12.49,"u":"4,16 €/L","img":"https://fd16-photos.leclercdrive.fr/image.ashx?id=2921405&use=l&cat=p&typeid=i","cat":289560},{"id":17421,"n":"Sirop Frucci Anis - 1L","p":4.16,"u":"4,16 €/L","img":"https://fd16-photos.leclercdrive.fr/image.ashx?id=2954082&use=l&cat=p&typeid=i","cat":295020},{"id":17423,"n":"IGP Côtes de Gascogne vin blanc Terrasses d'Autan - 75cl","p":2.99,"u":"3,99 €/L","img":"https://fd16-photos.leclercdrive.fr/image.ashx?id=2886448&use=l&cat=p&typeid=i","cat":289557},{"id":17425,"n":"Fromage blanc Délisse Vanille 2,5%MG - 8x100g","p":2.82,"u":"3,53 €/KG","img":"https://fd16-photos.leclercdrive.fr/image.ashx?id=3012827&use=l&cat=p&typeid=i","cat":284409},{"id":17469,"n":"Biscuits P'tit Déli Bâtonnets Chocolat blanc 150g","p":1.7,"u":"11,33 €/KG","img":"https://fd16-photos.leclercdrive.fr/image.ashx?id=2470195&use=l&cat=p&typeid=i","cat":284488},{"id":17476,"n":"Boudins noirs aux oignons Tradilège x3 - 375g","p":2.65,"u":"7,07 €/KG","img":"https://fd16-photos.leclercdrive.fr/image.ashx?id=2930754&use=l&cat=p&typeid=i","cat":316012},{"id":17571,"n":"Crème entière fluide UHT Délisse - Brique 30%mg - 1L","p":4.25,"u":"4,25 €/L","img":"https://fd16-photos.leclercdrive.fr/image.ashx?id=2509980&use=l&cat=p&typeid=i","cat":284381},{"id":17584,"n":"Dissolvant Maybelline New York Manucure Express - 125ml","p":3.16,"u":"25,28 €/L","img":"https://fd16-photos.leclercdrive.fr/image.ashx?id=2348367&use=l&cat=p&typeid=i","cat":325347},{"id":17627,"n":"Mini bûches glacées Eskiss Assortiment - 311g","p":2.29,"u":"7,36 €/KG","img":"https://fd16-photos.leclercdrive.fr/image.ashx?id=2791263&use=l&cat=p&typeid=i","cat":284266},{"id":17645,"n":"Whisky Jameson 40%vol - 1L","p":28.91,"u":"28,91 €/L","img":"https://fd16-photos.leclercdrive.fr/image.ashx?id=2880922&use=l&cat=p&typeid=i","cat":284547},{"id":17653,"n":"Fromage apéritif Apéricube Best of des saveurs 48 cubes","p":4.17,"u":"16,68 €/KG","img":"https://fd16-photos.leclercdrive.fr/image.ashx?id=2882662&use=l&cat=p&typeid=i","cat":314027},{"id":17709,"n":"Sauce au poivre Knorr A la crème fraiche - 30cl","p":1.37,"u":"4,57 €/L","img":"https://fd16-photos.leclercdrive.fr/image.ashx?id=2985096&use=l&cat=p&typeid=i","cat":288381},{"id":17717,"n":"Blanc de poulet Tradilège x4 160g","p":1.36,"u":"8,50 €/KG","img":"https://fd16-photos.leclercdrive.fr/image.ashx?id=2925738&use=l&cat=p&typeid=i","cat":316010},{"id":17718,"n":"Blanc de dinde Tradilège 4 tranches 160g","p":1.65,"u":"10,31 €/KG","img":"https://fd16-photos.leclercdrive.fr/image.ashx?id=2989787&use=l&cat=p&typeid=i","cat":316010},{"id":17768,"n":"Boudins blancs au porto Tradilège x3 - 375g","p":3.89,"u":"10,37 €/KG","img":"https://fd16-photos.leclercdrive.fr/image.ashx?id=2252040&use=l&cat=p&typeid=i","cat":316012},{"id":17813,"n":"Détachant Texil avant lavage 500ml","p":1.75,"u":"3,50 €/L","img":"https://fd16-photos.leclercdrive.fr/image.ashx?id=2958708&use=l&cat=p&typeid=i","cat":284651},{"id":17845,"n":"Saumon crème fraîche Marie Fondue poireaux 400g","p":5.08,"u":"12,70 €/KG","img":"https://fd16-photos.leclercdrive.fr/image.ashx?id=2996785&use=l&cat=p&typeid=i","cat":319786},{"id":17899,"n":"Knacks pur porc Tradilège Fumées au bois x10 - 350g","p":1.52,"u":"4,34 €/KG","img":"https://fd16-photos.leclercdrive.fr/image.ashx?id=2448321&use=l&cat=p&typeid=i","cat":316012},{"id":17917,"n":"Nettoyant canalisations Ouragan Fraîcheur mentholée - 1L","p":3.45,"u":"3,45 €/L","img":"https://fd16-photos.leclercdrive.fr/image.ashx?id=2367544&use=l&cat=p&typeid=i","cat":284662},{"id":17995,"n":"Acide chlorhydrique Phébus Détartrant puissant 1L","p":3.25,"u":"3,25 €/L","img":"https://fd16-photos.leclercdrive.fr/image.ashx?id=2432088&use=l&cat=p&typeid=i","cat":300576},{"id":18000,"n":"Lait céréales Blédidej 12 mois Chocolat biscuité - 4x250ml","p":3.77,"u":"3,77 €/L","img":"https://fd16-photos.leclercdrive.fr/image.ashx?id=2921028&use=l&cat=p&typeid=i","cat":312226},{"id":18001,"n":"Lait céréales Blédidej 6 mois Briochée - 4x250ml","p":3.72,"u":"3,72 €/L","img":"https://fd16-photos.leclercdrive.fr/image.ashx?id=2921049&use=l&cat=p&typeid=i","cat":312226},{"id":18003,"n":"Lait céréales Blédidej 12 mois Vanille chocolat - 4x250ml","p":3.69,"u":"3,69 €/L","img":"https://fd16-photos.leclercdrive.fr/image.ashx?id=2921031&use=l&cat=p&typeid=i","cat":312226},{"id":18096,"n":"Plat bébé Blédina 8 mois  Légumes saumon - 2x200g","p":2.69,"u":"6,73 €/KG","img":"https://fd16-photos.leclercdrive.fr/image.ashx?id=2975059&use=l&cat=p&typeid=i","cat":312236},{"id":18100,"n":"Lait céréales bébé Blédiner 12m Légumes soir - 2x250ml","p":1.82,"u":"3,64 €/L","img":"https://fd16-photos.leclercdrive.fr/image.ashx?id=2960144&use=l&cat=p&typeid=i","cat":312239},{"id":18102,"n":"Lait céréales bébé Blédiner 6m Légume soir - 4x250ml","p":3.57,"u":"3,57 €/L","img":"https://fd16-photos.leclercdrive.fr/image.ashx?id=2730061&use=l&cat=p&typeid=i","cat":312239},{"id":18123,"n":"Barres Copains Copines x16 - 200g","p":2.25,"u":"11,25 €/KG","img":"https://fd16-photos.leclercdrive.fr/image.ashx?id=2872442&use=l&cat=p&typeid=i","cat":284498},{"id":18124,"n":"Pêche poire cerise  Douceur du Verger - 4x70g","p":2.79,"u":"9,96 €/KG","img":"https://fd16-photos.leclercdrive.fr/image.ashx?id=2149378&use=l&cat=p&typeid=i","cat":284507},{"id":18207,"n":"Lingettes démaquillantes Inell x25","p":1.34,"u":"0,05 €/P","img":"https://fd16-photos.leclercdrive.fr/image.ashx?id=2769579&use=l&cat=p&typeid=i","cat":284603},{"id":18208,"n":"Lingettes démaquillantes Inell x25","p":1.34,"u":"0,05 €/P","img":"https://fd16-photos.leclercdrive.fr/image.ashx?id=2752622&use=l&cat=p&typeid=i","cat":284603},{"id":18218,"n":"Chipolatas Férial x6 - 330g","p":3.49,"u":"10,58 €/KG","img":"https://fd16-photos.leclercdrive.fr/image.ashx?id=2837096&use=l&cat=p&typeid=i","cat":284334},{"id":18219,"n":"Merguez Férial x6 - 330g","p":4.19,"u":"12,70 €/KG","img":"https://fd16-photos.leclercdrive.fr/image.ashx?id=2840019&use=l&cat=p&typeid=i","cat":284334},{"id":18221,"n":"Lardons supérieurs Tradilège Nature - 2x100g","p":1.85,"u":"9,25 €/KG","img":"https://fd16-photos.leclercdrive.fr/image.ashx?id=2933340&use=l&cat=p&typeid=i","cat":316011},{"id":18224,"n":"Allumettes Tradilège Nature - 2x100g","p":1.75,"u":"8,75 €/KG","img":"https://fd16-photos.leclercdrive.fr/image.ashx?id=2933349&use=l&cat=p&typeid=i","cat":316011},{"id":18225,"n":"Allumettes Tradilège Fumées - 2x100g","p":1.75,"u":"8,75 €/KG","img":"https://fd16-photos.leclercdrive.fr/image.ashx?id=2933346&use=l&cat=p&typeid=i","cat":316011},{"id":18230,"n":"Lardons supérieurs Tradilège Fumés - 160g","p":1.5,"u":"9,38 €/KG","img":"https://fd16-photos.leclercdrive.fr/image.ashx?id=2275388&use=l&cat=p&typeid=i","cat":316011},{"id":18233,"n":"Poitrine Fumée Tradilège Tranches fines - 2x7T - 200g","p":2.48,"u":"12,40 €/KG","img":"https://fd16-photos.leclercdrive.fr/image.ashx?id=2852267&use=l&cat=p&typeid=i","cat":316011},{"id":18235,"n":"Mousse de foie Tradilège Supérieure 180g","p":1.24,"u":"6,89 €/KG","img":"https://fd16-photos.leclercdrive.fr/image.ashx?id=2693147&use=l&cat=p&typeid=i","cat":316008},{"id":18236,"n":"Mousse de foie Tradilège 2x50g","p":0.99,"u":"9,90 €/KG","img":"https://fd16-photos.leclercdrive.fr/image.ashx?id=2999625&use=l&cat=p&typeid=i","cat":316008},{"id":18238,"n":"Mousse de canard Tradilège 180g","p":1.16,"u":"6,44 €/KG","img":"https://fd16-photos.leclercdrive.fr/image.ashx?id=2994360&use=l&cat=p&typeid=i","cat":316008},{"id":18245,"n":"Rillettes du Mans Tradilège 220g","p":1.45,"u":"6,59 €/KG","img":"https://fd16-photos.leclercdrive.fr/image.ashx?id=2548124&use=l&cat=p&typeid=i","cat":316008},{"id":18257,"n":"Saucisses Cocktail Tradilège 400g","p":2.82,"u":"7,05 €/KG","img":"https://fd16-photos.leclercdrive.fr/image.ashx?id=2659082&use=l&cat=p&typeid=i","cat":316012},{"id":18261,"n":"Andouille Tradilège 300g","p":6.19,"u":"20,63 €/KG","img":"https://fd16-photos.leclercdrive.fr/image.ashx?id=2930748&use=l&cat=p&typeid=i","cat":316012},{"id":18262,"n":"Cervelas supérieur Tradilège 300g","p":2.09,"u":"6,97 €/KG","img":"https://fd16-photos.leclercdrive.fr/image.ashx?id=2421636&use=l&cat=p&typeid=i","cat":316012},{"id":18266,"n":"Dés de jambon Tradilège 2x75g","p":1.49,"u":"9,93 €/KG","img":"https://fd16-photos.leclercdrive.fr/image.ashx?id=2925732&use=l&cat=p&typeid=i","cat":316011},{"id":18267,"n":"Allumettes de jambon Tradilège 2x75g","p":1.05,"u":"7,00 €/KG","img":"https://fd16-photos.leclercdrive.fr/image.ashx?id=2925716&use=l&cat=p&typeid=i","cat":316011},{"id":18268,"n":"Rôti de porc Tradilège 4 tranches 160g","p":2.14,"u":"13,38 €/KG","img":"https://fd16-photos.leclercdrive.fr/image.ashx?id=2678541&use=l&cat=p&typeid=i","cat":316009},{"id":18273,"n":"Blanc de dinde Tradilège 2 tranches 80g","p":1.09,"u":"13,63 €/KG","img":"https://fd16-photos.leclercdrive.fr/image.ashx?id=2905958&use=l&cat=p&typeid=i","cat":316010},{"id":18275,"n":"Blanc de poulet Tradilège x2 tranches - 80g","p":0.99,"u":"12,38 €/KG","img":"https://fd16-photos.leclercdrive.fr/image.ashx?id=2930751&use=l&cat=p&typeid=i","cat":316010},{"id":18277,"n":"Blanc de poulet Tradilège Aux fines herbes x4 120g","p":1.49,"u":"12,42 €/KG","img":"https://fd16-photos.leclercdrive.fr/image.ashx?id=2905961&use=l&cat=p&typeid=i","cat":316010},{"id":18279,"n":"Dés de poulet Tradilège 2x75g","p":2.82,"u":"18,80 €/KG","img":"https://fd16-photos.leclercdrive.fr/image.ashx?id=2984185&use=l&cat=p&typeid=i","cat":316011},{"id":18351,"n":"Fromage à tartiner Les Croisés Nature - 25%mg - 150g","p":1.24,"u":"8,27 €/KG","img":"https://fd16-photos.leclercdrive.fr/image.ashx?id=1971010&use=l&cat=p&typeid=i","cat":314029},{"id":18354,"n":"Boule de pain de campagne  400g","p":1.5,"u":"3,75 €/KG","img":"https://fd16-photos.leclercdrive.fr/image.ashx?id=2062945&use=l&cat=p&typeid=i","cat":284359},{"id":18362,"n":"Biscuit bébé Blédina 10 mois Boudoir - 120g","p":1.88,"u":"15,67 €/KG","img":"https://fd16-photos.leclercdrive.fr/image.ashx?id=2801114&use=l&cat=p&typeid=i","cat":312227},{"id":18374,"n":"Petits pois d'aucy  Extra-fins - 280g","p":1.03,"u":"3,68 €/KG","img":"https://fd16-photos.leclercdrive.fr/image.ashx?id=2503434&use=l&cat=p&typeid=i","cat":312607},{"id":18408,"n":"Thon entier Pêche Océan Naturel - 140g","p":1.9,"u":"13,57 €/KG","img":"https://fd16-photos.leclercdrive.fr/image.ashx?id=2941426&use=l&cat=p&typeid=i","cat":303867},{"id":18409,"n":"Thon entier Pêche Océan Naturel - 93g","p":1.39,"u":"14,95 €/KG","img":"https://fd16-photos.leclercdrive.fr/image.ashx?id=2942184&use=l&cat=p&typeid=i","cat":303867},{"id":18410,"n":"Pâtées chat Gold Gourmet Les noisettes -  12x85g","p":5.86,"u":"5,75 €/KG","img":"https://fd16-photos.leclercdrive.fr/image.ashx?id=2908318&use=l&cat=p&typeid=i","cat":285286},{"id":18437,"n":"Allumettes Bacon Tradilège Fumées - 2x100g","p":1.74,"u":"8,70 €/KG","img":"https://fd16-photos.leclercdrive.fr/image.ashx?id=2905952&use=l&cat=p&typeid=i","cat":316011},{"id":18441,"n":"Pur jus de fruits Jafaden Mandarine - 1L","p":2.39,"u":"2,39 €/L","img":"https://fd16-photos.leclercdrive.fr/image.ashx?id=2956044&use=l&cat=p&typeid=i","cat":284915},{"id":18448,"n":"Mousse de canard Tradilège 220g","p":2.29,"u":"10,41 €/KG","img":"https://fd16-photos.leclercdrive.fr/image.ashx?id=2994830&use=l&cat=p&typeid=i","cat":316008},{"id":18501,"n":"Aromat Knorr 70g","p":1.69,"u":"24,14 €/KG","img":"https://fd16-photos.leclercdrive.fr/image.ashx?id=2866750&use=l&cat=p&typeid=i","cat":298297},{"id":18521,"n":"Papier toilette Mimosa Blanc double épaisseur - x12","p":2.85,"u":"0,24 €/P","img":"https://fd16-photos.leclercdrive.fr/image.ashx?id=2783343&use=l&cat=p&typeid=i","cat":284634},{"id":18556,"n":"Feutres pour ardoise Velleda 1721 Fin bleu - Odeur neutre x2","p":1.28,"u":"0,64 €/P","img":"https://fd16-photos.leclercdrive.fr/image.ashx?id=2318465&use=l&cat=p&typeid=i","cat":334133},{"id":18577,"n":"Papier toilette Mimosa Blanc - Ultra doux - x24","p":4.33,"u":"0,18 €/P","img":"https://fd16-photos.leclercdrive.fr/image.ashx?id=2777851&use=l&cat=p&typeid=i","cat":284634},{"id":18598,"n":"Yaourts à la Grecque Délisse Mûre Framboise - 4x150g","p":1.99,"u":"3,32 €/KG","img":"https://fd16-photos.leclercdrive.fr/image.ashx?id=2699441&use=l&cat=p&typeid=i","cat":314999},{"id":18669,"n":"Snacks Tokapi 4 saveurs - 100g","p":0.87,"u":"8,70 €/KG","img":"https://fd16-photos.leclercdrive.fr/image.ashx?id=2884234&use=l&cat=p&typeid=i","cat":284449},{"id":18670,"n":"Tuiles Tokapi Bacon - 170g","p":1.39,"u":"8,18 €/KG","img":"https://fd16-photos.leclercdrive.fr/image.ashx?id=2657205&use=l&cat=p&typeid=i","cat":287899},{"id":18671,"n":"Tuiles Tokapi Paprika - 170g","p":1.35,"u":"7,94 €/KG","img":"https://fd16-photos.leclercdrive.fr/image.ashx?id=2632852&use=l&cat=p&typeid=i","cat":287899},{"id":18676,"n":"Allume-feu Silex cubes 18 sachets individuels","p":3.23,"img":"https://fd16-photos.leclercdrive.fr/image.ashx?id=2643584&use=l&cat=p&typeid=i","cat":300578},{"id":18746,"n":"Pavés de boeuf à l'échalote Férial x2 - 240g","p":4.79,"u":"19,96 €/KG","img":"https://fd16-photos.leclercdrive.fr/image.ashx?id=2854273&use=l&cat=p&typeid=i","cat":284328},{"id":18748,"n":"Pavés de boeuf marinés nature F x2 - 240g","p":4.99,"u":"20,79 €/KG","img":"https://fd16-photos.leclercdrive.fr/image.ashx?id=2854270&use=l&cat=p&typeid=i","cat":284328},{"id":18853,"n":"Soin de jour Diadermine Lift+ Elastine Anti-rides - 50ml","p":6.85,"u":"137,00 €/L","img":"https://fd16-photos.leclercdrive.fr/image.ashx?id=2464024&use=l&cat=p&typeid=i","cat":325345},{"id":18953,"n":"Thon entier Pêche Océan Naturel - 186g","p":2.5,"u":"13,44 €/KG","img":"https://fd16-photos.leclercdrive.fr/image.ashx?id=2942190&use=l&cat=p&typeid=i","cat":303867},{"id":18968,"n":"Gâteaux mini marbrés P'tit Déli Chocolat x7 - 189g","p":1.59,"u":"8,41 €/KG","img":"https://fd16-photos.leclercdrive.fr/image.ashx?id=1947360&use=l&cat=p&typeid=i","cat":284495},{"id":18996,"n":"Confiture Bonne Maman 4 fruits rouges - 370g","p":2.48,"u":"6,70 €/KG","img":"https://fd16-photos.leclercdrive.fr/image.ashx?id=2547474&use=l&cat=p&typeid=i","cat":284480},{"id":19023,"n":"Sirop Frucci Citron - 1L","p":2.04,"u":"2,04 €/L","img":"https://fd16-photos.leclercdrive.fr/image.ashx?id=2955656&use=l&cat=p&typeid=i","cat":295020},{"id":19066,"n":"Vodka Poliakov 37,5%vol - 1L","p":15.92,"u":"15,92 €/L","img":"https://fd16-photos.leclercdrive.fr/image.ashx?id=2576916&use=l&cat=p&typeid=i","cat":284550},{"id":19098,"n":"Cookies gros éclats Granola Chocolat - 184g","p":1.79,"u":"9,73 €/KG","img":"https://fd16-photos.leclercdrive.fr/image.ashx?id=2996413&use=l&cat=p&typeid=i","cat":325066},{"id":19102,"n":"Croquettes chat Purina One Stérilisé-Saumon/Céréales-1,5kg","p":6.7,"u":"4,47 €/KG","img":"https://fd16-photos.leclercdrive.fr/image.ashx?id=2541268&use=l&cat=p&typeid=i","cat":284680},{"id":19110,"n":"Boeuf Bourguignon Côté Table 300g","p":2.04,"u":"6,80 €/KG","img":"https://fd16-photos.leclercdrive.fr/image.ashx?id=2517679&use=l&cat=p&typeid=i","cat":284953},{"id":19117,"n":"Galettes Bjorg Bio Riz complet au sésame 130g","p":1.38,"u":"10,62 €/KG","img":"https://fd16-photos.leclercdrive.fr/image.ashx?id=2991975&use=l&cat=p&typeid=i","cat":318651},{"id":19138,"n":"Semoule Couscous Bio Village Semi complet Bio - 500g","p":1.95,"u":"3,90 €/KG","img":"https://fd16-photos.leclercdrive.fr/image.ashx?id=2814217&use=l&cat=p&typeid=i","cat":284429},{"id":19150,"n":"Compotes Andros Délice de rhubarbe - 4x100g","p":2.49,"u":"6,23 €/KG","img":"https://fd16-photos.leclercdrive.fr/image.ashx?id=2845461&use=l&cat=p&typeid=i","cat":284416},{"id":19155,"n":"Farine de blé Bio Francine 1kg","p":1.85,"u":"1,85 €/KG","img":"https://fd16-photos.leclercdrive.fr/image.ashx?id=2989117&use=l&cat=p&typeid=i","cat":284503},{"id":19208,"n":"Biscuits nappés Bio Village Chocolat noir Bio 200g","p":2.62,"u":"13,10 €/KG","img":"https://fd16-photos.leclercdrive.fr/image.ashx?id=1937510&use=l&cat=p&typeid=i","cat":284488},{"id":19210,"n":"Flageolets Préparés Cassegrain Extra Fins 265g","p":1.76,"u":"6,64 €/KG","img":"https://fd16-photos.leclercdrive.fr/image.ashx?id=2983084&use=l&cat=p&typeid=i","cat":312606},{"id":19211,"n":"Lentilles Préparées Cassegrain Tendres et Fondants 265g","p":1.65,"u":"6,23 €/KG","img":"https://fd16-photos.leclercdrive.fr/image.ashx?id=2952460&use=l&cat=p&typeid=i","cat":312609},{"id":19231,"n":"Petit Pois Cassegrain Tendres et Fondants 140g","p":1.3,"u":"9,29 €/KG","img":"https://fd16-photos.leclercdrive.fr/image.ashx?id=2912974&use=l&cat=p&typeid=i","cat":312607},{"id":19257,"n":"Croquettes chat Purina One Sensible Adulte-Dinde/Riz-450g","p":2.62,"u":"5,82 €/KG","img":"https://fd16-photos.leclercdrive.fr/image.ashx?id=2459658&use=l&cat=p&typeid=i","cat":284680},{"id":19284,"n":"Huile pépins de raisin Cauvin 1l","p":7.0,"u":"7,00 €/L","img":"https://fd16-photos.leclercdrive.fr/image.ashx?id=2479234&use=l&cat=p&typeid=i","cat":284453},{"id":19285,"n":"Sauce crudités Rustica Fines herbes - 50cl","p":0.88,"u":"1,76 €/L","img":"https://fd16-photos.leclercdrive.fr/image.ashx?id=1972916&use=l&cat=p&typeid=i","cat":284456},{"id":19293,"n":"Lait céréales bébé Blédiner 12m Carotte pois soir - 2x250ml","p":1.78,"u":"3,56 €/L","img":"https://fd16-photos.leclercdrive.fr/image.ashx?id=2949856&use=l&cat=p&typeid=i","cat":312239},{"id":19297,"n":"Lait céréales bébé Blédiner 6m Potiron soir - 2x250ml","p":2.09,"u":"4,18 €/L","img":"https://fd16-photos.leclercdrive.fr/image.ashx?id=2960141&use=l&cat=p&typeid=i","cat":312239},{"id":19301,"n":"Céréales Tipiak Méditerranéennes 2x200g","p":1.97,"u":"4,93 €/KG","img":"https://fd16-photos.leclercdrive.fr/image.ashx?id=2766253&use=l&cat=p&typeid=i","cat":284429},{"id":19304,"n":"Mini farfalle Turini 500g","p":1.26,"u":"2,52 €/KG","img":"https://fd16-photos.leclercdrive.fr/image.ashx?id=2607494&use=l&cat=p&typeid=i","cat":284427},{"id":19308,"n":"Epices pour guacamole Old el paso - 20g","p":1.12,"u":"56,00 €/KG","img":"https://fd16-photos.leclercdrive.fr/image.ashx?id=2858168&use=l&cat=p&typeid=i","cat":288993},{"id":19319,"n":"Cookies Eco+ Pépites de chocolat - 200g","p":0.92,"u":"4,60 €/KG","img":"https://fd16-photos.leclercdrive.fr/image.ashx?id=2821875&use=l&cat=p&typeid=i","cat":325066},{"id":19353,"n":"Mao Croqui Haribo Sachet bonbons - 250g","p":1.38,"u":"5,52 €/KG","img":"https://fd16-photos.leclercdrive.fr/image.ashx?id=2805192&use=l&cat=p&typeid=i","cat":304250},{"id":19366,"n":"Barres céréales Grany Chocolat - 125g","p":1.8,"u":"14,40 €/KG","img":"https://fd16-photos.leclercdrive.fr/image.ashx?id=2773613&use=l&cat=p&typeid=i","cat":285869},{"id":19368,"n":"Barres céréales Grany Noisettes - 125g","p":1.82,"u":"14,56 €/KG","img":"https://fd16-photos.leclercdrive.fr/image.ashx?id=2773607&use=l&cat=p&typeid=i","cat":285869},{"id":19392,"n":"Café moulu Eco+ Robusta - 4x250g","p":8.89,"u":"8,89 €/KG","img":"https://fd16-photos.leclercdrive.fr/image.ashx?id=2700954&use=l&cat=p&typeid=i","cat":284750},{"id":19393,"n":"Café moulu Eco+ Décaféiné - 250g","p":2.63,"u":"10,52 €/KG","img":"https://fd16-photos.leclercdrive.fr/image.ashx?id=2784171&use=l&cat=p&typeid=i","cat":284750},{"id":19400,"n":"Chocolat au lait Lindt Création Irish Coffee - 150g","p":3.2,"u":"21,33 €/KG","img":"https://fd16-photos.leclercdrive.fr/image.ashx?id=2462921&use=l&cat=p&typeid=i","cat":284497},{"id":19407,"n":"Tablette chocolat Milka Chocolat lait/daim - 2x100g","p":3.07,"u":"15,35 €/KG","img":"https://fd16-photos.leclercdrive.fr/image.ashx?id=3009149&use=l&cat=p&typeid=i","cat":284497},{"id":19411,"n":"Compote Allégée en sucres Eco+ Coupelle pomme - 4x100g","p":0.55,"u":"1,38 €/KG","img":"https://fd16-photos.leclercdrive.fr/image.ashx?id=2953188&use=l&cat=p&typeid=i","cat":284508},{"id":19416,"n":"Dessert fruitier Andros Pomme allégé 730g","p":1.28,"u":"1,75 €/KG","img":"https://fd16-photos.leclercdrive.fr/image.ashx?id=2369930&use=l&cat=p&typeid=i","cat":284508},{"id":19418,"n":"Pâtes serpentini Turini 500g","p":0.84,"u":"1,68 €/KG","img":"https://fd16-photos.leclercdrive.fr/image.ashx?id=2744231&use=l&cat=p&typeid=i","cat":284427},{"id":19420,"n":"Pâtes Torsades Turini Nature tomate épinard - 500g","p":1.1,"u":"2,20 €/KG","img":"https://fd16-photos.leclercdrive.fr/image.ashx?id=2607485&use=l&cat=p&typeid=i","cat":284427},{"id":19424,"n":"Spaghetti Turini Au blé complet - 500g","p":0.95,"u":"1,90 €/KG","img":"https://fd16-photos.leclercdrive.fr/image.ashx?id=2607497&use=l&cat=p&typeid=i","cat":284427},{"id":19426,"n":"Gâteaux L'Ourson Lulu LU Chocolat - 150g","p":1.29,"u":"8,60 €/KG","img":"https://fd16-photos.leclercdrive.fr/image.ashx?id=3014425&use=l&cat=p&typeid=i","cat":284495},{"id":19427,"n":"Pâtes penne Turini Blé complet - 500g","p":1.0,"u":"2,00 €/KG","img":"https://fd16-photos.leclercdrive.fr/image.ashx?id=2607500&use=l&cat=p&typeid=i","cat":284427},{"id":19432,"n":"Pains au chocolat Eco+ x10 - 450g","p":1.55,"u":"3,44 €/KG","img":"https://fd16-photos.leclercdrive.fr/image.ashx?id=2927833&use=l&cat=p&typeid=i","cat":296366},{"id":19433,"n":"Pain au lait Eco+ x10 - 400g","p":0.99,"u":"2,48 €/KG","img":"https://fd16-photos.leclercdrive.fr/image.ashx?id=2643578&use=l&cat=p&typeid=i","cat":293505},{"id":19435,"n":"Barres de céréales Special K Kellogg's Chocolat lait - 6x20g","p":2.19,"u":"18,25 €/KG","img":"https://fd16-photos.leclercdrive.fr/image.ashx?id=2306366&use=l&cat=p&typeid=i","cat":285869},{"id":19442,"n":"Flageolets d'aucy  Extra-fins - 265g","p":1.32,"u":"4,98 €/KG","img":"https://fd16-photos.leclercdrive.fr/image.ashx?id=2503437&use=l&cat=p&typeid=i","cat":312606},{"id":19443,"n":"Thé vert Bio Ethiquable Tonique Ceylan x20 - 36g","p":2.16,"u":"60,00 €/KG","img":"https://fd16-photos.leclercdrive.fr/image.ashx?id=2971676&use=l&cat=p&typeid=i","cat":293233},{"id":19463,"n":"Sticks dentaires Lydog Moyen chien - x7 - 180g","p":1.39,"u":"7,72 €/KG","img":"https://fd16-photos.leclercdrive.fr/image.ashx?id=1878598&use=l&cat=p&typeid=i","cat":294527},{"id":19464,"n":"Carottes rondelles D'aucy  240g","p":1.05,"u":"4,38 €/KG","img":"https://fd16-photos.leclercdrive.fr/image.ashx?id=2503431&use=l&cat=p&typeid=i","cat":312607},{"id":19470,"n":"Gourmandise de Pois Cassegrain à la Provençale 375g","p":3.23,"u":"8,61 €/KG","img":"https://fd16-photos.leclercdrive.fr/image.ashx?id=2912998&use=l&cat=p&typeid=i","cat":312607},{"id":19493,"n":"Colin d'alaska Côté Table Barquette micro-ondable 300g","p":1.99,"u":"6,63 €/KG","img":"https://fd16-photos.leclercdrive.fr/image.ashx?id=2770311&use=l&cat=p&typeid=i","cat":284953},{"id":19518,"n":"Cahier de Brouillon Eco+ 96 pages","p":0.49,"img":"https://fd16-photos.leclercdrive.fr/image.ashx?id=2943133&use=l&cat=p&typeid=i","cat":284697},{"id":19519,"n":"Enveloppes Eco+ 11,4x16,2cm - x100","p":1.53,"u":"0,02 €/P","img":"https://fd16-photos.leclercdrive.fr/image.ashx?id=1698592&use=l&cat=p&typeid=i","cat":284697},{"id":19535,"n":"Stick lèvres Inell Nourrissant - 2 pièces","p":1.99,"u":"1,00 €/P","img":"https://fd16-photos.leclercdrive.fr/image.ashx?id=2841622&use=l&cat=p&typeid=i","cat":285485},{"id":19575,"n":"Lait démaquillant Inell Douceur 250ml","p":1.59,"u":"6,36 €/L","img":"https://fd16-photos.leclercdrive.fr/image.ashx?id=2691622&use=l&cat=p&typeid=i","cat":284603},{"id":19601,"n":"Gâteaux marbrés P'tit Déli x14 378g","p":2.97,"u":"7,86 €/KG","img":"https://fd16-photos.leclercdrive.fr/image.ashx?id=1947363&use=l&cat=p&typeid=i","cat":284495},{"id":19604,"n":"Gâteaux P'tit Déli A base de yaourt x7 - 189g","p":1.88,"u":"9,95 €/KG","img":"https://fd16-photos.leclercdrive.fr/image.ashx?id=2059086&use=l&cat=p&typeid=i","cat":294776},{"id":19609,"n":"Tuiles Tokapi Fromage - 170g","p":1.39,"u":"8,18 €/KG","img":"https://fd16-photos.leclercdrive.fr/image.ashx?id=2647426&use=l&cat=p&typeid=i","cat":287899},{"id":19611,"n":"Soupe Velouté Régal Soupe Tomates - 2x30cl","p":1.49,"u":"2,48 €/L","img":"https://fd16-photos.leclercdrive.fr/image.ashx?id=2819271&use=l&cat=p&typeid=i","cat":284462},{"id":19617,"n":"Soupe Boeuf tomates Régal Soupe Vermicelles - 54g","p":0.99,"u":"18,33 €/KG","img":"https://fd16-photos.leclercdrive.fr/image.ashx?id=2663278&use=l&cat=p&typeid=i","cat":284463},{"id":19622,"n":"Soupe Minestrone Régal Soupe Déshydratée - 104g","p":0.68,"u":"6,54 €/KG","img":"https://fd16-photos.leclercdrive.fr/image.ashx?id=2663275&use=l&cat=p&typeid=i","cat":284463},{"id":19623,"n":"Soupe Crème asperge Régal Soupe Déshydratée - 70g","p":1.05,"u":"15,00 €/KG","img":"https://fd16-photos.leclercdrive.fr/image.ashx?id=2663272&use=l&cat=p&typeid=i","cat":284463},{"id":19625,"n":"Mini goûters P'tit Déli Fraise 168g","p":1.13,"u":"6,73 €/KG","img":"https://fd16-photos.leclercdrive.fr/image.ashx?id=2310498&use=l&cat=p&typeid=i","cat":284489},{"id":19635,"n":"Soufflés Tornades Tokapi Bacon - 85g","p":0.68,"u":"8,00 €/KG","img":"https://fd16-photos.leclercdrive.fr/image.ashx?id=1855966&use=l&cat=p&typeid=i","cat":284449},{"id":19645,"n":"Mini-crêpes fourrées Tokapi Cheddar - 65g","p":1.99,"u":"30,62 €/KG","img":"https://fd16-photos.leclercdrive.fr/image.ashx?id=2853889&use=l&cat=p&typeid=i","cat":297000},{"id":19660,"n":"Cordons bleus Pic'Express Au poulet 4x100g","p":3.63,"u":"9,08 €/KG","img":"https://fd16-photos.leclercdrive.fr/image.ashx?id=2852949&use=l&cat=p&typeid=i","cat":319780},{"id":19709,"n":"Chili con carne Zapetti 800g","p":4.64,"u":"5,80 €/KG","img":"https://fd16-photos.leclercdrive.fr/image.ashx?id=2545717&use=l&cat=p&typeid=i","cat":325094},{"id":19723,"n":"Sacs congélation zip Elembal Grand x15","p":1.8,"u":"0,12 €/P","img":"https://fd16-photos.leclercdrive.fr/image.ashx?id=2751889&use=l&cat=p&typeid=i","cat":334134},{"id":19729,"n":"Biscuit P'tit Déli Palmiers Chocolat au lait 110g","p":1.25,"u":"11,36 €/KG","img":"https://fd16-photos.leclercdrive.fr/image.ashx?id=2573403&use=l&cat=p&typeid=i","cat":284488},{"id":19732,"n":"Les p'tites spirales P'tit Déli Chocolat  x6 - 150g","p":1.35,"u":"9,00 €/KG","img":"https://fd16-photos.leclercdrive.fr/image.ashx?id=2660422&use=l&cat=p&typeid=i","cat":284495},{"id":19743,"n":"Déodorant atomiseur Carré Homme Musc 200ml","p":1.35,"u":"6,75 €/L","img":"https://fd16-photos.leclercdrive.fr/image.ashx?id=2375998&use=l&cat=p&typeid=i","cat":284618},{"id":19744,"n":"Déodorant atomiseur Carré Homme Marine 200ml","p":1.35,"u":"6,75 €/L","img":"https://fd16-photos.leclercdrive.fr/image.ashx?id=2390707&use=l&cat=p&typeid=i","cat":284618},{"id":19750,"n":"Cotons Duo Démaquillants Inell Duo carré - Disques x50","p":1.24,"u":"0,02 €/P","img":"https://fd16-photos.leclercdrive.fr/image.ashx?id=1709937&use=l&cat=p&typeid=i","cat":285593},{"id":19756,"n":"Gaufres fines du Nord NRT 300g","p":3.5,"u":"11,67 €/KG","img":"https://fd16-photos.leclercdrive.fr/image.ashx?id=2622320&use=l&cat=p&typeid=i","cat":284487},{"id":19758,"n":"Essuie-tout Bobine Uni Vert Compact - 500 feuilles x1","p":4.5,"img":"https://fd16-photos.leclercdrive.fr/image.ashx?id=2684826&use=l&cat=p&typeid=i","cat":284635},{"id":19788,"n":"Stick lèvres Inell Hydratant - 2 pièces","p":1.5,"u":"0,75 €/P","img":"https://fd16-photos.leclercdrive.fr/image.ashx?id=2776042&use=l&cat=p&typeid=i","cat":285485},{"id":19796,"n":"Papier aluminium Elembal 30m","p":2.76,"img":"https://fd16-photos.leclercdrive.fr/image.ashx?id=2940905&use=l&cat=p&typeid=i","cat":334134},{"id":19798,"n":"Dissolvant doux Inell Sans acétone - 150ml","p":1.42,"u":"9,47 €/L","img":"https://fd16-photos.leclercdrive.fr/image.ashx?id=2691640&use=l&cat=p&typeid=i","cat":325347},{"id":19814,"n":"Piles alcalines Foxter AA/LR6 1,5V - x8","p":1.69,"u":"0,21 €/P","img":"https://fd16-photos.leclercdrive.fr/image.ashx?id=2162174&use=l&cat=p&typeid=i","cat":300572},{"id":19856,"n":"Pâtes Barilla Coquillettes - 1kg","p":1.86,"u":"1,86 €/KG","img":"https://fd16-photos.leclercdrive.fr/image.ashx?id=2392230&use=l&cat=p&typeid=i","cat":284427},{"id":19868,"n":"Gâteau de riz Délisse 500g","p":1.79,"u":"3,58 €/KG","img":"https://fd16-photos.leclercdrive.fr/image.ashx?id=2938415&use=l&cat=p&typeid=i","cat":284418},{"id":19875,"n":"Clafoutis La Laitière Aux abricots - 4x85g","p":2.63,"u":"7,74 €/KG","img":"https://fd16-photos.leclercdrive.fr/image.ashx?id=3007975&use=l&cat=p&typeid=i","cat":284419},{"id":19879,"n":"Liégois Délisse Framboise - 4x100g","p":1.69,"u":"4,23 €/KG","img":"https://fd16-photos.leclercdrive.fr/image.ashx?id=2694280&use=l&cat=p&typeid=i","cat":285042},{"id":19913,"n":"Mousse liégeoise Viennois  Chocolat - 4x90g","p":1.64,"u":"4,56 €/KG","img":"https://fd16-photos.leclercdrive.fr/image.ashx?id=2785172&use=l&cat=p&typeid=i","cat":285042},{"id":19941,"n":"Pur jus d'orange Jafaden Avec pulpe - 1L","p":2.45,"u":"2,45 €/L","img":"https://fd16-photos.leclercdrive.fr/image.ashx?id=2395258&use=l&cat=p&typeid=i","cat":285435},{"id":19948,"n":"fromage blanc sous mousse gervita fraise melba - 4x100g","p":2.17,"u":"5,43 €/KG","img":"https://fd16-photos.leclercdrive.fr/image.ashx?id=2103400&use=l&cat=p&typeid=i","cat":284409},{"id":19960,"n":"Purée carottes Notre Jardin Nature 750g","p":2.43,"u":"3,24 €/KG","img":"https://fd16-photos.leclercdrive.fr/image.ashx?id=2856166&use=l&cat=p&typeid=i","cat":319805},{"id":19991,"n":"Fromage frais Délisse Fruits panachés - 6x100g","p":2.56,"u":"4,27 €/KG","img":"https://fd16-photos.leclercdrive.fr/image.ashx?id=2913669&use=l&cat=p&typeid=i","cat":284414},{"id":19993,"n":"Crème dessert Délisse Vanille sur lit chocolat 4x125g","p":1.42,"u":"2,84 €/KG","img":"https://fd16-photos.leclercdrive.fr/image.ashx?id=2841950&use=l&cat=p&typeid=i","cat":285041},{"id":20008,"n":"Compote Andros Pomme nature - 12x100g","p":3.16,"u":"2,63 €/KG","img":"https://fd16-photos.leclercdrive.fr/image.ashx?id=2989114&use=l&cat=p&typeid=i","cat":284416},{"id":20010,"n":"Yaourts lait entier nature Bio  Bio village - 12x125g","p":2.46,"u":"1,64 €/KG","img":"https://fd16-photos.leclercdrive.fr/image.ashx?id=2102992&use=l&cat=p&typeid=i","cat":284409},{"id":20030,"n":"Mayonnaise Colona Tube 500ml","p":3.02,"u":"6,04 €/L","img":"https://fd16-photos.leclercdrive.fr/image.ashx?id=2687176&use=l&cat=p&typeid=i","cat":298295},{"id":20031,"n":"Sauce Hannibal Colona 500ml","p":2.95,"u":"5,90 €/L","img":"https://fd16-photos.leclercdrive.fr/image.ashx?id=2687179&use=l&cat=p&typeid=i","cat":318431},{"id":20032,"n":"Whisky Jack Daniel's Old N°7 1L","p":28.5,"pp":25.65,"u":"25,65 €/L","img":"https://fd16-photos.leclercdrive.fr/image.ashx?id=2805189&use=l&cat=p&typeid=i","cat":284547},{"id":20033,"n":"Bière brune Leffe 6,5% - 75cl","p":2.95,"u":"3,93 €/L","img":"https://fd16-photos.leclercdrive.fr/image.ashx?id=2457482&use=l&cat=p&typeid=i","cat":334852},{"id":20038,"n":"Crème aux œufs La Laitière lit de caramel - 4x100g","p":1.85,"u":"4,63 €/KG","img":"https://fd16-photos.leclercdrive.fr/image.ashx?id=2744593&use=l&cat=p&typeid=i","cat":284419},{"id":20042,"n":"Bière blonde Leffe Rituel 9% - 75cl","p":3.19,"u":"4,25 €/L","img":"https://fd16-photos.leclercdrive.fr/image.ashx?id=1890052&use=l&cat=p&typeid=i","cat":334852},{"id":20043,"n":"Gâteaux de riz La Laitière   Caramel - 4x100g","p":2.81,"u":"7,03 €/KG","img":"https://fd16-photos.leclercdrive.fr/image.ashx?id=2630202&use=l&cat=p&typeid=i","cat":284418},{"id":20044,"n":"Bière Leffe Ruby 5% - 75cl","p":2.99,"u":"3,99 €/L","img":"https://fd16-photos.leclercdrive.fr/image.ashx?id=1589629&use=l&cat=p&typeid=i","cat":334878},{"id":20047,"n":"Bière belge blonde Kasteel 11%vol. - 33cl","p":2.0,"u":"6,06 €/L","img":"https://fd16-photos.leclercdrive.fr/image.ashx?id=2483215&use=l&cat=p&typeid=i","cat":334872},{"id":20050,"n":"Bière belge Duvel 8,5%vol. - 33cl","p":1.77,"u":"5,36 €/L","img":"https://fd16-photos.leclercdrive.fr/image.ashx?id=2389304&use=l&cat=p&typeid=i","cat":334872},{"id":20055,"n":"Gaufre Rita fourrée Vanille 3x150g","p":2.98,"u":"6,62 €/KG","img":"https://fd16-photos.leclercdrive.fr/image.ashx?id=1642877&use=l&cat=p&typeid=i","cat":284487},{"id":20060,"n":"Biscuits Gouda Delacre Canasta  Fourrés fromage - 75g","p":1.65,"u":"22,00 €/KG","img":"https://fd16-photos.leclercdrive.fr/image.ashx?id=2661841&use=l&cat=p&typeid=i","cat":297000},{"id":20081,"n":"Eau minérale naturelle St Amand Bouchon sport - 12x33cl","p":2.84,"u":"0,72 €/L","img":"https://fd16-photos.leclercdrive.fr/image.ashx?id=2877763&use=l&cat=p&typeid=i","cat":284535},{"id":20085,"n":"Bière bleue Chimay Brune - 9%vol. - 33cl","p":1.86,"u":"5,64 €/L","img":"https://fd16-photos.leclercdrive.fr/image.ashx?id=1758849&use=l&cat=p&typeid=i","cat":334872},{"id":20086,"n":"Bière brune Chimay Rouge - 7%vol. - 33cl","p":1.58,"u":"4,79 €/L","img":"https://fd16-photos.leclercdrive.fr/image.ashx?id=1758843&use=l&cat=p&typeid=i","cat":334872},{"id":20099,"n":"Boules Démanquillantes Inell x100","p":1.4,"u":"0,01 €/P","img":"https://fd16-photos.leclercdrive.fr/image.ashx?id=2558802&use=l&cat=p&typeid=i","cat":285593},{"id":20110,"n":"Jus d'orange Jafaden A base de concentré  - 6x1L","p":10.56,"u":"1,76 €/L","img":"https://fd16-photos.leclercdrive.fr/image.ashx?id=2842486&use=l&cat=p&typeid=i","cat":284521},{"id":20180,"n":"Crème Fraîche Elle&Vire Epaisse Légère - 12% MG - 33cl","p":1.67,"u":"5,06 €/L","img":"https://fd16-photos.leclercdrive.fr/image.ashx?id=2871949&use=l&cat=p&typeid=i","cat":284381},{"id":20183,"n":"Emmental français Entremont 45%mg - 250g","p":2.82,"u":"11,28 €/KG","img":"https://fd16-photos.leclercdrive.fr/image.ashx?id=2983138&use=l&cat=p&typeid=i","cat":314034},{"id":20210,"n":"Coulommiers Bon Mayennais 45%mg - 350g","p":3.05,"u":"8,71 €/KG","img":"https://fd16-photos.leclercdrive.fr/image.ashx?id=2677945&use=l&cat=p&typeid=i","cat":314033},{"id":20220,"n":"Flan Délisse Chocolat - 12x100g","p":3.45,"u":"2,88 €/KG","img":"https://fd16-photos.leclercdrive.fr/image.ashx?id=2362264&use=l&cat=p&typeid=i","cat":284420},{"id":20239,"n":"Gâteaux fourrés P'tit Déli Chocolat x7 - 189g","p":2.18,"u":"11,53 €/KG","img":"https://fd16-photos.leclercdrive.fr/image.ashx?id=2554517&use=l&cat=p&typeid=i","cat":284495},{"id":20291,"n":"Déodorant bille Manava Vanille 50ml","p":1.29,"u":"25,80 €/L","img":"https://fd16-photos.leclercdrive.fr/image.ashx?id=2481213&use=l&cat=p&typeid=i","cat":284595},{"id":20292,"n":"Déodorant bille Manava Anti traces 50ml","p":0.69,"u":"13,80 €/L","img":"https://fd16-photos.leclercdrive.fr/image.ashx?id=2481216&use=l&cat=p&typeid=i","cat":284595},{"id":20300,"n":"Tarte Tomates Chèvre Courgette Côté Table - 400g","p":2.81,"u":"7,03 €/KG","img":"https://fd16-photos.leclercdrive.fr/image.ashx?id=2791767&use=l&cat=p&typeid=i","cat":284257},{"id":20329,"n":"Le Breizh Surimi  Compagnie des pêche x30 - 500g","p":4.17,"u":"8,34 €/KG","img":"https://fd16-photos.leclercdrive.fr/image.ashx?id=2973129&use=l&cat=p&typeid=i","cat":285189},{"id":20375,"n":"Saucisson Justin Bridou Bâton de Berger Noisette - 250g","p":4.59,"u":"18,36 €/KG","img":"https://fd16-photos.leclercdrive.fr/image.ashx?id=2948054&use=l&cat=p&typeid=i","cat":316006},{"id":20376,"n":"Colin d'Alaska Marie Beurre citron thym - 400g","p":4.05,"u":"10,13 €/KG","img":"https://fd16-photos.leclercdrive.fr/image.ashx?id=2996809&use=l&cat=p&typeid=i","cat":319786},{"id":20380,"n":"Jambon cru 6 tranches Aoste sans conservateur - 165g","p":4.88,"u":"29,58 €/KG","img":"https://fd16-photos.leclercdrive.fr/image.ashx?id=2950285&use=l&cat=p&typeid=i","cat":316007},{"id":20382,"n":"Saucisse Fuet Original Tournebon - 170g","p":3.43,"u":"20,18 €/KG","img":"https://fd16-photos.leclercdrive.fr/image.ashx?id=2166145&use=l&cat=p&typeid=i","cat":316006},{"id":20408,"n":"Déodorant bille Carré homme Anti traces et transpirant 50ml","p":0.69,"u":"13,80 €/L","img":"https://fd16-photos.leclercdrive.fr/image.ashx?id=2232583&use=l&cat=p&typeid=i","cat":284618},{"id":20413,"n":"Petites gambas fettucine Marie Au pesto tomates confites 280g","p":3.27,"u":"11,68 €/KG","img":"https://fd16-photos.leclercdrive.fr/image.ashx?id=2921537&use=l&cat=p&typeid=i","cat":333665},{"id":20414,"n":"Essuie-tout blanc Mimosa Super absorbant - x2","p":2.75,"u":"1,38 €/P","img":"https://fd16-photos.leclercdrive.fr/image.ashx?id=2727371&use=l&cat=p&typeid=i","cat":284635},{"id":20423,"n":"Emincé poulet farfalles Marie Aux champignons 280g","p":3.08,"u":"11,00 €/KG","img":"https://fd16-photos.leclercdrive.fr/image.ashx?id=2317411&use=l&cat=p&typeid=i","cat":333665},{"id":20429,"n":"Clafoutis aux cerises Délisse 4x85g","p":2.25,"u":"6,62 €/KG","img":"https://fd16-photos.leclercdrive.fr/image.ashx?id=2891776&use=l&cat=p&typeid=i","cat":284419},{"id":20447,"n":"Chips Pom'lisse Nature - 350g","p":1.89,"u":"5,40 €/KG","img":"https://fd16-photos.leclercdrive.fr/image.ashx?id=2710786&use=l&cat=p&typeid=i","cat":284447},{"id":20452,"n":"Paëlla Valenciana Fleury Michon 400g","p":3.55,"u":"8,88 €/KG","img":"https://fd16-photos.leclercdrive.fr/image.ashx?id=2656739&use=l&cat=p&typeid=i","cat":333665},{"id":20455,"n":"Taboulé à la menthe Bonduelle 300g","p":1.36,"u":"4,53 €/KG","img":"https://fd16-photos.leclercdrive.fr/image.ashx?id=2907893&use=l&cat=p&typeid=i","cat":333657},{"id":20476,"n":"Cocktail Punch Old Nick Coco 16%vol. - 70cl","p":5.81,"u":"8,30 €/L","img":"https://fd16-photos.leclercdrive.fr/image.ashx?id=2999213&use=l&cat=p&typeid=i","cat":284551},{"id":20495,"n":"Boisson Jafaden Cranberry Light - 1L","p":1.59,"u":"1,59 €/L","img":"https://fd16-photos.leclercdrive.fr/image.ashx?id=2584014&use=l&cat=p&typeid=i","cat":284915},{"id":20501,"n":"Yaourts aux fruits Délisse Fruits Jaunes - 8x125g","p":2.29,"u":"2,29 €/KG","img":"https://fd16-photos.leclercdrive.fr/image.ashx?id=2533319&use=l&cat=p&typeid=i","cat":284410},{"id":20634,"n":"Lait céréales Blédidej 6 mois Vanille - 4x250ml","p":3.44,"u":"3,44 €/L","img":"https://fd16-photos.leclercdrive.fr/image.ashx?id=2921046&use=l&cat=p&typeid=i","cat":312226},{"id":20642,"n":"Gants de ménage Mamison Taille L - x1 paire","p":1.01,"img":"https://fd16-photos.leclercdrive.fr/image.ashx?id=2635682&use=l&cat=p&typeid=i","cat":284668},{"id":20648,"n":"Maquereaux Pêche Océan Moutarde à l'ancienne - 169g","p":1.66,"u":"9,82 €/KG","img":"https://fd16-photos.leclercdrive.fr/image.ashx?id=2515676&use=l&cat=p&typeid=i","cat":303868},{"id":20653,"n":"Lait démaquillant Inell Peaux normales et mixtes 250ml","p":1.89,"u":"7,56 €/L","img":"https://fd16-photos.leclercdrive.fr/image.ashx?id=2691619&use=l&cat=p&typeid=i","cat":284603},{"id":20684,"n":"Cordon bleu de poulet Eco+ 800g","p":3.9,"u":"4,88 €/KG","img":"https://fd16-photos.leclercdrive.fr/image.ashx?id=2779871&use=l&cat=p&typeid=i","cat":319780},{"id":20685,"n":"Purée 4 légumes Notre Jardin 750g","p":2.24,"u":"2,99 €/KG","img":"https://fd16-photos.leclercdrive.fr/image.ashx?id=2856160&use=l&cat=p&typeid=i","cat":319805},{"id":20686,"n":"Haricots plats Notre Jardin 1kg","p":1.79,"u":"1,79 €/KG","img":"https://fd16-photos.leclercdrive.fr/image.ashx?id=2431122&use=l&cat=p&typeid=i","cat":319805},{"id":20688,"n":"Tagliatelles carbonara Marie 330g","p":3.1,"u":"9,39 €/KG","img":"https://fd16-photos.leclercdrive.fr/image.ashx?id=2980920&use=l&cat=p&typeid=i","cat":333665},{"id":20692,"n":"Filet de saumon Fleury Michon purée de brocolis - 300g","p":3.84,"u":"12,80 €/KG","img":"https://fd16-photos.leclercdrive.fr/image.ashx?id=3003278&use=l&cat=p&typeid=i","cat":333665},{"id":20700,"n":"Macaroni sauce tomate Marie Boulettes de viande 280g","p":2.82,"u":"10,07 €/KG","img":"https://fd16-photos.leclercdrive.fr/image.ashx?id=2980968&use=l&cat=p&typeid=i","cat":333665},{"id":20717,"n":"Sirop Frucci Cassis - 1L","p":3.11,"u":"3,11 €/L","img":"https://fd16-photos.leclercdrive.fr/image.ashx?id=2954079&use=l&cat=p&typeid=i","cat":295020},{"id":20718,"n":"Sirop Frucci Orgeat - 1L","p":4.18,"u":"4,18 €/L","img":"https://fd16-photos.leclercdrive.fr/image.ashx?id=2954085&use=l&cat=p&typeid=i","cat":295020},{"id":20724,"n":"Cheeseburger Charal 6x140g - 840g","p":8.67,"u":"10,32 €/KG","img":"https://fd16-photos.leclercdrive.fr/image.ashx?id=2741952&use=l&cat=p&typeid=i","cat":319822},{"id":20744,"n":"Philadelphia Nature - 150g","p":1.73,"u":"11,53 €/KG","img":"https://fd16-photos.leclercdrive.fr/image.ashx?id=1586142&use=l&cat=p&typeid=i","cat":314029},{"id":20753,"n":"Mouchoirs The Original Kleenex® Etuis mini x24","p":2.99,"u":"0,12 €/P","img":"https://fd16-photos.leclercdrive.fr/image.ashx?id=2840301&use=l&cat=p&typeid=i","cat":284638},{"id":20762,"n":"Légumes vapeurs Notre Jardin Méditerranéens 2x200g","p":1.8,"u":"4,50 €/KG","img":"https://fd16-photos.leclercdrive.fr/image.ashx?id=2916689&use=l&cat=p&typeid=i","cat":319805},{"id":20789,"n":"Déodorant Carré Homme Anti-transpirant 200ml","p":1.35,"u":"6,75 €/L","img":"https://fd16-photos.leclercdrive.fr/image.ashx?id=2610693&use=l&cat=p&typeid=i","cat":284618},{"id":20792,"n":"Cire Institut Siliss Professionnelle - 400g","p":5.6,"u":"14,00 €/KG","img":"https://fd16-photos.leclercdrive.fr/image.ashx?id=2699684&use=l&cat=p&typeid=i","cat":325351},{"id":20862,"n":"Sauce Provençale Turini 190g","p":0.59,"u":"3,11 €/KG","img":"https://fd16-photos.leclercdrive.fr/image.ashx?id=2386152&use=l&cat=p&typeid=i","cat":287599},{"id":20863,"n":"Allumettes de bacon Herta Fumées 200g","p":2.14,"u":"10,70 €/KG","img":"https://fd16-photos.leclercdrive.fr/image.ashx?id=2876242&use=l&cat=p&typeid=i","cat":316011},{"id":20986,"n":"Sauce Napolitaine Turini 190g","p":0.85,"u":"4,47 €/KG","img":"https://fd16-photos.leclercdrive.fr/image.ashx?id=2552430&use=l&cat=p&typeid=i","cat":287599},{"id":20987,"n":"Liqueur Litchi Soho 15%vol. - 70cl","p":8.25,"pp":6.25,"u":"8,93 €/L","img":"https://fd16-photos.leclercdrive.fr/image.ashx?id=2971927&use=l&cat=p&typeid=i","cat":286032},{"id":21027,"n":"Sauce bolognaise Turini 190g","p":0.85,"u":"4,47 €/KG","img":"https://fd16-photos.leclercdrive.fr/image.ashx?id=2634869&use=l&cat=p&typeid=i","cat":287599},{"id":21040,"n":"Whisky Monkey Shoulder 40%vol - 70cl","p":24.8,"pp":22.8,"u":"32,57 €/L","img":"https://fd16-photos.leclercdrive.fr/image.ashx?id=2917528&use=l&cat=p&typeid=i","cat":284547},{"id":21079,"n":"Bière ambrée corse Pietra 6° - 50cl canette","p":2.3,"u":"4,60 €/L","img":"https://fd16-photos.leclercdrive.fr/image.ashx?id=3011470&use=l&cat=p&typeid=i","cat":334853},{"id":21081,"n":"Bière blonde Rince Cochon 50cl","p":1.86,"u":"3,72 €/L","img":"https://fd16-photos.leclercdrive.fr/image.ashx?id=2021232&use=l&cat=p&typeid=i","cat":334853},{"id":21115,"n":"Lambrusco Rosato Vilaveroni 75cl","p":4.19,"u":"5,59 €/L","img":"https://fd16-photos.leclercdrive.fr/image.ashx?id=2333030&use=l&cat=p&typeid=i","cat":289558},{"id":21221,"n":"Déodorant bille Nivea  Pearl & Beauty - 50ml","p":2.23,"u":"44,60 €/L","img":"https://fd16-photos.leclercdrive.fr/image.ashx?id=2871061&use=l&cat=p&typeid=i","cat":284595},{"id":21223,"n":"Déodorant Bille Homme Nivea Men Cool Kick 48H - 50ml","p":2.22,"u":"44,40 €/L","img":"https://fd16-photos.leclercdrive.fr/image.ashx?id=2945727&use=l&cat=p&typeid=i","cat":284618},{"id":21241,"n":"Spirales Insectivor Anti-moustiques - x10","p":1.73,"u":"0,17 €/P","img":"https://fd16-photos.leclercdrive.fr/image.ashx?id=1939040&use=l&cat=p&typeid=i","cat":298368},{"id":21244,"n":"Pièges anti-fourmis Insectivor x2","p":3.34,"u":"1,67 €/P","img":"https://fd16-photos.leclercdrive.fr/image.ashx?id=2302725&use=l&cat=p&typeid=i","cat":298368},{"id":21246,"n":"Pièges Insectivor Anti-mites alimentaires - x2","p":2.76,"u":"1,38 €/P","img":"https://fd16-photos.leclercdrive.fr/image.ashx?id=1962780&use=l&cat=p&typeid=i","cat":298368},{"id":21262,"n":"Papier toilette Lotus blanc Ultra doux - x6","p":3.55,"u":"0,59 €/P","img":"https://fd16-photos.leclercdrive.fr/image.ashx?id=2576907&use=l&cat=p&typeid=i","cat":284634},{"id":21266,"n":"Dentifrice Homéophytol Vademecum - 75ml","p":1.67,"u":"22,27 €/L","img":"https://fd16-photos.leclercdrive.fr/image.ashx?id=2499130&use=l&cat=p&typeid=i","cat":284612},{"id":21370,"n":"Emincés pour chat Tous mes amis Viande 4x390g","p":4.21,"u":"2,70 €/KG","img":"https://fd16-photos.leclercdrive.fr/image.ashx?id=2050669&use=l&cat=p&typeid=i","cat":285601},{"id":21572,"n":"Baguette La Boulangère Viennoise fendue 340g","p":1.42,"u":"4,18 €/KG","img":"https://fd16-photos.leclercdrive.fr/image.ashx?id=2912392&use=l&cat=p&typeid=i","cat":284985},{"id":21573,"n":"Bonbons LUTTI Arlequin Original 250g","p":1.43,"u":"5,72 €/KG","img":"https://fd16-photos.leclercdrive.fr/image.ashx?id=2817422&use=l&cat=p&typeid=i","cat":304252},{"id":21574,"n":"Bonbons Lutti Menthise Fondant aux 2 menthes 250g","p":1.91,"u":"7,64 €/KG","img":"https://fd16-photos.leclercdrive.fr/image.ashx?id=2962167&use=l&cat=p&typeid=i","cat":304252},{"id":21610,"n":"Lotion fraîcheur Inell Tonique - 250ml","p":1.53,"u":"6,12 €/L","img":"https://fd16-photos.leclercdrive.fr/image.ashx?id=2694172&use=l&cat=p&typeid=i","cat":284603},{"id":21611,"n":"Lotion douceur Inell Tonique - 250ml","p":1.52,"u":"6,08 €/L","img":"https://fd16-photos.leclercdrive.fr/image.ashx?id=2707561&use=l&cat=p&typeid=i","cat":284603},{"id":21612,"n":"Liquide vaisselle Eco+ Citron 1L","p":0.7,"u":"0,70 €/L","img":"https://fd16-photos.leclercdrive.fr/image.ashx?id=2874368&use=l&cat=p&typeid=i","cat":284655},{"id":21655,"n":"Boîtes chiens Lydog Mitonnées Agneau poulet veau - 3x410g","p":3.9,"u":"3,17 €/KG","img":"https://fd16-photos.leclercdrive.fr/image.ashx?id=2710488&use=l&cat=p&typeid=i","cat":288578},{"id":21656,"n":"Boîte chiens Lydog Bouchées Boeuf carottes - 1,25kg","p":2.65,"u":"2,12 €/KG","img":"https://fd16-photos.leclercdrive.fr/image.ashx?id=2710491&use=l&cat=p&typeid=i","cat":288578},{"id":21658,"n":"Boîte chiens Lydog Terrines Cabillaud saumon - 1.2kg","p":2.42,"u":"1,95 €/KG","img":"https://fd16-photos.leclercdrive.fr/image.ashx?id=2493667&use=l&cat=p&typeid=i","cat":288578},{"id":21662,"n":"Boîte chiens Lydog Bouchées Poulet légumes - 1,2kg","p":1.98,"u":"1,65 €/KG","img":"https://fd16-photos.leclercdrive.fr/image.ashx?id=2548100&use=l&cat=p&typeid=i","cat":288578},{"id":21663,"n":"Bouchées au poulet foie et  aux carottes Lydog - 1.23kg","p":2.39,"u":"1,94 €/KG","img":"https://fd16-photos.leclercdrive.fr/image.ashx?id=2691225&use=l&cat=p&typeid=i","cat":288578},{"id":21685,"n":"Nuggets de poulet Côté Croc x20 - 400g","p":3.0,"u":"7,50 €/KG","img":"https://fd16-photos.leclercdrive.fr/image.ashx?id=2837045&use=l&cat=p&typeid=i","cat":333684},{"id":21686,"n":"Saucisson sec Saint Azay Spécialité 200g","p":2.99,"u":"14,95 €/KG","img":"https://fd16-photos.leclercdrive.fr/image.ashx?id=2970613&use=l&cat=p&typeid=i","cat":316006},{"id":21687,"n":"Fromage Cheddar Burger Les Croisés 10 Tranches - 200g","p":1.25,"u":"6,25 €/KG","img":"https://fd16-photos.leclercdrive.fr/image.ashx?id=2946835&use=l&cat=p&typeid=i","cat":314028},{"id":21688,"n":"Fromage Emmental Croque Les Croisés 10 Tranches - 200g","p":1.19,"u":"5,95 €/KG","img":"https://fd16-photos.leclercdrive.fr/image.ashx?id=2893316&use=l&cat=p&typeid=i","cat":314028},{"id":21699,"n":"Crème fraîche Eco  Epaisse - 30% MG - 50cl","p":1.89,"u":"3,78 €/L","img":"https://fd16-photos.leclercdrive.fr/image.ashx?id=2981445&use=l&cat=p&typeid=i","cat":284381},{"id":21702,"n":"Haricots verts Eco+ Très fins - 1kg","p":1.39,"u":"1,39 €/KG","img":"https://fd16-photos.leclercdrive.fr/image.ashx?id=2847934&use=l&cat=p&typeid=i","cat":319805},{"id":21703,"n":"Fromage frais Eco+ Nature 20%MG - 1kg","p":1.79,"u":"1,79 €/KG","img":"https://fd16-photos.leclercdrive.fr/image.ashx?id=2699919&use=l&cat=p&typeid=i","cat":284409},{"id":21809,"n":"Boules chocolat Jacquot Praliné noir - 1kg","p":10.28,"u":"10,28 €/KG","img":"https://fd16-photos.leclercdrive.fr/image.ashx?id=2303303&use=l&cat=p&typeid=i","cat":327595},{"id":21911,"n":"Tomato Ketchup Heinz - 342g","p":1.47,"u":"4,30 €/KG","img":"https://fd16-photos.leclercdrive.fr/image.ashx?id=2955288&use=l&cat=p&typeid=i","cat":284455},{"id":22065,"n":"Filets de maquereaux Saupiquet A la moutarde - 3x169g","p":5.99,"u":"11,81 €/KG","img":"https://fd16-photos.leclercdrive.fr/image.ashx?id=2826972&use=l&cat=p&typeid=i","cat":303868},{"id":22066,"n":"Filets de maquereaux Saupiquet Tomate basilic - 3x169g","p":5.99,"u":"11,81 €/KG","img":"https://fd16-photos.leclercdrive.fr/image.ashx?id=2826975&use=l&cat=p&typeid=i","cat":303868},{"id":22087,"n":"Sucettes Chupa Chups Mini Assortiment x30 180g","p":2.08,"u":"11,56 €/KG","img":"https://fd16-photos.leclercdrive.fr/image.ashx?id=2647606&use=l&cat=p&typeid=i","cat":304250},{"id":22112,"n":"Vodka Sobieski 37.5%vol - 70cl","p":10.31,"u":"14,73 €/L","img":"https://fd16-photos.leclercdrive.fr/image.ashx?id=2948474&use=l&cat=p&typeid=i","cat":284550},{"id":22115,"n":"Cidre brut Les Goelleries Bretagne 4.5%vol. - 1,5L","p":1.87,"u":"1,25 €/L","img":"https://fd16-photos.leclercdrive.fr/image.ashx?id=2842277&use=l&cat=p&typeid=i","cat":334880},{"id":22116,"n":"Pain de mie complet Epi d'Or Grandes tranches - 550g","p":1.22,"u":"2,22 €/KG","img":"https://fd16-photos.leclercdrive.fr/image.ashx?id=2861292&use=l&cat=p&typeid=i","cat":284477},{"id":22141,"n":"Riz Basmati Comptoir du grain Sélection Riz long - 5x90g","p":1.81,"u":"4,02 €/KG","img":"https://fd16-photos.leclercdrive.fr/image.ashx?id=2076685&use=l&cat=p&typeid=i","cat":284428},{"id":22142,"n":"Terrines chats Tous mes amis Spécial chaton - 4x400g","p":4.86,"u":"3,04 €/KG","img":"https://fd16-photos.leclercdrive.fr/image.ashx?id=2865194&use=l&cat=p&typeid=i","cat":285601},{"id":22143,"n":"Emincés Tous Mes Amis En sauce - 4x400g","p":4.39,"u":"2,74 €/KG","img":"https://fd16-photos.leclercdrive.fr/image.ashx?id=2865197&use=l&cat=p&typeid=i","cat":285601},{"id":22207,"n":"Blanc de Poulet Tradilège -25% de sel - 4 Tranches - 160g","p":1.92,"u":"12,00 €/KG","img":"https://fd16-photos.leclercdrive.fr/image.ashx?id=2974969&use=l&cat=p&typeid=i","cat":316010},{"id":22208,"n":"Lait écrémé Bio Bio Village UHT - Bouteille : 6x1L","p":6.6,"u":"1,10 €/L","img":"https://fd16-photos.leclercdrive.fr/image.ashx?id=2970018&use=l&cat=p&typeid=i","cat":284949},{"id":22212,"n":"Vin de l'Union Européenne rouge Vieux Papes - BIB 5L","p":11.92,"u":"2,38 €/L","img":"https://fd16-photos.leclercdrive.fr/image.ashx?id=2136139&use=l&cat=p&typeid=i","cat":289556},{"id":22373,"n":"Carré pour la vaisselle Mamison x5","p":1.35,"img":"https://fd16-photos.leclercdrive.fr/image.ashx?id=2622010&use=l&cat=p&typeid=i","cat":284667},{"id":22374,"n":"Chiffons secs Clair Dépouissiérants x20","p":1.97,"img":"https://fd16-photos.leclercdrive.fr/image.ashx?id=2819926&use=l&cat=p&typeid=i","cat":325364},{"id":22477,"n":"Pignons de pin Couleurs Vives 125g","p":5.99,"u":"47,92 €/KG","img":"https://fd16-photos.leclercdrive.fr/image.ashx?id=2617201&use=l&cat=p&typeid=i","cat":284357},{"id":22487,"n":"IGP Pays d'Oc rosé Roche Mazet Grenache Cinsault - BIB 3L","p":10.4,"u":"3,47 €/L","img":"https://fd16-photos.leclercdrive.fr/image.ashx?id=2597118&use=l&cat=p&typeid=i","cat":289560},{"id":22488,"n":"IGP Pays d'Oc rouge Roche Mazet Cabernet Sauvignon 12.5% BIB 3L","p":10.6,"u":"3,53 €/L","img":"https://fd16-photos.leclercdrive.fr/image.ashx?id=2597121&use=l&cat=p&typeid=i","cat":289560},{"id":22489,"n":"IGP Pays d'oc blancRoche Mazet Sauvignon - BIB 3L","p":10.6,"u":"3,53 €/L","img":"https://fd16-photos.leclercdrive.fr/image.ashx?id=2597124&use=l&cat=p&typeid=i","cat":289557},{"id":22506,"n":"Yaourts aromatisés Délisse 4 saveurs - 8x125g","p":2.79,"u":"2,79 €/KG","img":"https://fd16-photos.leclercdrive.fr/image.ashx?id=2790952&use=l&cat=p&typeid=i","cat":286006},{"id":22556,"n":"AOC Bergerac vin rouge Terrasses d'Autan - BIB 3L","p":9.49,"u":"3,16 €/L","img":"https://fd16-photos.leclercdrive.fr/image.ashx?id=2713646&use=l&cat=p&typeid=i","cat":289560},{"id":22589,"n":"Fromage Petit Munster AOP  Nos Régions ont du Talent 200g","p":3.55,"u":"17,75 €/KG","img":"https://fd16-photos.leclercdrive.fr/image.ashx?id=2546098&use=l&cat=p&typeid=i","cat":329558},{"id":22659,"n":"Cancoillotte nature NRT IGP 250g","p":1.97,"u":"7,88 €/KG","img":"https://fd16-photos.leclercdrive.fr/image.ashx?id=2663845&use=l&cat=p&typeid=i","cat":314037},{"id":22660,"n":"Cancoillotte à l'ail NRT IGP 250g","p":1.97,"u":"7,88 €/KG","img":"https://fd16-photos.leclercdrive.fr/image.ashx?id=2663848&use=l&cat=p&typeid=i","cat":314037},{"id":22689,"n":"Confiture extra bio Bio Village Fraises - 370g","p":1.79,"u":"4,84 €/KG","img":"https://fd16-photos.leclercdrive.fr/image.ashx?id=2965626&use=l&cat=p&typeid=i","cat":284480},{"id":22754,"n":"Bière blonde Leffe 6,6% - format promo 24x25cl","p":13.99,"u":"2,33 €/L","img":"https://fd16-photos.leclercdrive.fr/image.ashx?id=2111076&use=l&cat=p&typeid=i","cat":334852},{"id":22786,"n":"Desserts lactés Délisse Chocolat caramel - 6x60g","p":1.36,"u":"3,78 €/KG","img":"https://fd16-photos.leclercdrive.fr/image.ashx?id=2968622&use=l&cat=p&typeid=i","cat":285041},{"id":22794,"n":"Chocolat Daim Milka Chocolat au lait daim - 145g","p":2.27,"u":"15,66 €/KG","img":"https://fd16-photos.leclercdrive.fr/image.ashx?id=3002288&use=l&cat=p&typeid=i","cat":304238},{"id":22799,"n":"Mayonnaise Lesieur 710g","p":3.22,"u":"4,54 €/KG","img":"https://fd16-photos.leclercdrive.fr/image.ashx?id=2917693&use=l&cat=p&typeid=i","cat":298295},{"id":22803,"n":"Brioche tranchée Epi d'Or Nature - 700g","p":2.22,"u":"3,17 €/KG","img":"https://fd16-photos.leclercdrive.fr/image.ashx?id=2860733&use=l&cat=p&typeid=i","cat":284478},{"id":22804,"n":"Boisson végétale Bio Village Soja nature bio - 1l","p":0.88,"u":"0,88 €/L","img":"https://fd16-photos.leclercdrive.fr/image.ashx?id=2372350&use=l&cat=p&typeid=i","cat":316067},{"id":22805,"n":"Boisson végétale Bio Village Soja vanille bio - 1l","p":1.42,"u":"1,42 €/L","img":"https://fd16-photos.leclercdrive.fr/image.ashx?id=2357707&use=l&cat=p&typeid=i","cat":316067},{"id":22893,"n":"Cidre doux Les Goelleries 2%vol. - 1,5L","p":2.09,"u":"1,39 €/L","img":"https://fd16-photos.leclercdrive.fr/image.ashx?id=2843791&use=l&cat=p&typeid=i","cat":334880},{"id":22894,"n":"Nettoyant spray Clair Ultra dégraissant - 750ml","p":1.18,"u":"1,57 €/L","img":"https://fd16-photos.leclercdrive.fr/image.ashx?id=2840386&use=l&cat=p&typeid=i","cat":325357},{"id":22895,"n":"Nettoyant spray Clair javel Salle de bains 750ml","p":1.46,"u":"1,95 €/L","img":"https://fd16-photos.leclercdrive.fr/image.ashx?id=2840473&use=l&cat=p&typeid=i","cat":325357},{"id":22898,"n":"Nettoyant Silex vitres d'insert Barbecue ultra décapante 750ml","p":3.99,"u":"5,32 €/L","img":"https://fd16-photos.leclercdrive.fr/image.ashx?id=2657087&use=l&cat=p&typeid=i","cat":325363},{"id":22900,"n":"Eau de Cologne Belles Saisons Lavande 250ml","p":1.69,"u":"6,76 €/L","img":"https://fd16-photos.leclercdrive.fr/image.ashx?id=1099560&use=l&cat=p&typeid=i","cat":291525},{"id":22902,"n":"Savon de Marseille Epsil Textiles délicats 400g","p":1.72,"u":"4,30 €/KG","img":"https://fd16-photos.leclercdrive.fr/image.ashx?id=2034938&use=l&cat=p&typeid=i","cat":284651},{"id":22906,"n":"Gel à raser Carré Homme Sensitive - 75ml","p":1.16,"u":"15,47 €/L","img":"https://fd16-photos.leclercdrive.fr/image.ashx?id=2762952&use=l&cat=p&typeid=i","cat":284617},{"id":22911,"n":"Gants de ménage Mamison Taille S 1 paire","p":1.01,"img":"https://fd16-photos.leclercdrive.fr/image.ashx?id=2635676&use=l&cat=p&typeid=i","cat":284668},{"id":22960,"n":"Gants de ménage Mamison Taille M 1 paire","p":1.01,"img":"https://fd16-photos.leclercdrive.fr/image.ashx?id=2635679&use=l&cat=p&typeid=i","cat":284668},{"id":22963,"n":"Gants Mamison ultra résistant Taille M 1 paire","p":1.64,"img":"https://fd16-photos.leclercdrive.fr/image.ashx?id=676218&use=l&cat=p&typeid=i","cat":284668},{"id":22964,"n":"Gants Mamison ultra résistant Taille L 1 paire","p":1.64,"img":"https://fd16-photos.leclercdrive.fr/image.ashx?id=606116&use=l&cat=p&typeid=i","cat":284668},{"id":22968,"n":"Eponges grattantes Mamison Surfaces délicates x2","p":1.49,"u":"0,75 €/P","img":"https://fd16-photos.leclercdrive.fr/image.ashx?id=2202392&use=l&cat=p&typeid=i","cat":284667},{"id":22969,"n":"Lavette Mamison multi-usages Microfibre plusieurs coloris x2","p":0.84,"u":"0,42 €/P","img":"https://fd16-photos.leclercdrive.fr/image.ashx?id=2595095&use=l&cat=p&typeid=i","cat":284667},{"id":22975,"n":"Crème visage hydrante  Inell Peau normale - 50ml","p":1.96,"u":"39,20 €/L","img":"https://fd16-photos.leclercdrive.fr/image.ashx?id=1665784&use=l&cat=p&typeid=i","cat":325345},{"id":22976,"n":"Crème visage nourrissante Inell Peau sèche - 50ml","p":1.96,"u":"39,20 €/L","img":"https://fd16-photos.leclercdrive.fr/image.ashx?id=2771124&use=l&cat=p&typeid=i","cat":325345},{"id":22979,"n":"Gel nettoyant Inell visage Purifiant px norm. mixtes 150ml","p":2.58,"u":"17,20 €/L","img":"https://fd16-photos.leclercdrive.fr/image.ashx?id=1961443&use=l&cat=p&typeid=i","cat":284603},{"id":22980,"n":"Eau de Cologne Belles Saisons Ambrée 250ml","p":1.69,"u":"6,76 €/L","img":"https://fd16-photos.leclercdrive.fr/image.ashx?id=1099563&use=l&cat=p&typeid=i","cat":291525},{"id":22981,"n":"Eau de Cologne Belles Saisons Fraîcheur 250ml","p":1.69,"u":"6,76 €/L","img":"https://fd16-photos.leclercdrive.fr/image.ashx?id=2949179&use=l&cat=p&typeid=i","cat":291525},{"id":22996,"n":"Nettoyant détachant Clair Tapis moquettes 600ml","p":2.16,"u":"3,60 €/L","img":"https://fd16-photos.leclercdrive.fr/image.ashx?id=2242721&use=l&cat=p&typeid=i","cat":284907},{"id":23012,"n":"Huile d'Argan Floressance Pure Argan Bio - 50ml","p":8.99,"u":"179,80 €/L","img":"https://fd16-photos.leclercdrive.fr/image.ashx?id=2990688&use=l&cat=p&typeid=i","cat":325349},{"id":23040,"n":"Café moulu Méo L'original Bio - 500g","p":8.69,"u":"17,38 €/KG","img":"https://fd16-photos.leclercdrive.fr/image.ashx?id=2571287&use=l&cat=p&typeid=i","cat":284750},{"id":23123,"n":"Fromage enfant Ficello Nature à effilocher x4 -84g","p":1.97,"u":"23,45 €/KG","img":"https://fd16-photos.leclercdrive.fr/image.ashx?id=2375373&use=l&cat=p&typeid=i","cat":314030},{"id":23132,"n":"Pâte feuilletée Tablier Blanc Epaisse - 280g","p":1.55,"u":"5,54 €/KG","img":"https://fd16-photos.leclercdrive.fr/image.ashx?id=2635910&use=l&cat=p&typeid=i","cat":333681},{"id":23168,"n":"Beurre léger Les Croisés Doux - 40% MG - 250g","p":1.75,"u":"7,00 €/KG","img":"https://fd16-photos.leclercdrive.fr/image.ashx?id=2839909&use=l&cat=p&typeid=i","cat":284379},{"id":23169,"n":"Papier toilette Mimosa Blanc - Ultra Moelleux - x6","p":3.29,"u":"0,55 €/P","img":"https://fd16-photos.leclercdrive.fr/image.ashx?id=2777857&use=l&cat=p&typeid=i","cat":284634},{"id":23177,"n":"Pur jus Bio Village Bio Carotte - 1L","p":2.87,"u":"2,87 €/L","img":"https://fd16-photos.leclercdrive.fr/image.ashx?id=2901533&use=l&cat=p&typeid=i","cat":284523},{"id":23180,"n":"Rasoirs jetables Carré Homme 3 lames - x4","p":2.65,"img":"https://fd16-photos.leclercdrive.fr/image.ashx?id=2704666&use=l&cat=p&typeid=i","cat":284616},{"id":23182,"n":"Rasoirs jetables Siliss 3 lames - x4","p":1.99,"u":"0,50 €/P","img":"https://fd16-photos.leclercdrive.fr/image.ashx?id=2992525&use=l&cat=p&typeid=i","cat":325352},{"id":23188,"n":"Tomato Ketchup Heinz - 250g","p":1.12,"u":"4,48 €/KG","img":"https://fd16-photos.leclercdrive.fr/image.ashx?id=2943801&use=l&cat=p&typeid=i","cat":284455},{"id":23212,"n":"Compote Douceur du Verger Coupelle pomme framboise-4x100g","p":1.63,"u":"4,08 €/KG","img":"https://fd16-photos.leclercdrive.fr/image.ashx?id=2663494&use=l&cat=p&typeid=i","cat":284508},{"id":23215,"n":"Biscuits Cookies P'tit Déli Chocolat raisin cranberrie 200g","p":1.44,"u":"7,20 €/KG","img":"https://fd16-photos.leclercdrive.fr/image.ashx?id=2529593&use=l&cat=p&typeid=i","cat":325066},{"id":23219,"n":"Sauce Pesto Turini Basilic - 185g","p":1.3,"u":"7,03 €/KG","img":"https://fd16-photos.leclercdrive.fr/image.ashx?id=2546248&use=l&cat=p&typeid=i","cat":287599},{"id":23244,"n":"Désodorisant frigo Bien Air Sans parfum 40g","p":1.83,"u":"45,75 €/KG","img":"https://fd16-photos.leclercdrive.fr/image.ashx?id=2287737&use=l&cat=p&typeid=i","cat":311628},{"id":23249,"n":"Savon de Marseille Epsil Textiles délicats 4x200g","p":1.86,"u":"2,33 €/KG","img":"https://fd16-photos.leclercdrive.fr/image.ashx?id=2379591&use=l&cat=p&typeid=i","cat":284651},{"id":23252,"n":"Cubes allume-feu Silex Sans odeur 100% naturel x40","p":1.57,"u":"0,04 €/P","img":"https://fd16-photos.leclercdrive.fr/image.ashx?id=2669735&use=l&cat=p&typeid=i","cat":300578},{"id":23253,"n":"Nettoyant spray Clair Surpuissant - 750ml","p":1.86,"u":"2,48 €/L","img":"https://fd16-photos.leclercdrive.fr/image.ashx?id=2520831&use=l&cat=p&typeid=i","cat":325357},{"id":23254,"n":"Baume après-rasage Carré Homme Apaisant px sensibles 100ml","p":2.69,"u":"26,90 €/L","img":"https://fd16-photos.leclercdrive.fr/image.ashx?id=2854237&use=l&cat=p&typeid=i","cat":288147},{"id":23255,"n":"Déodorant Carré Homme Vétiver longue durée 200ml","p":1.35,"u":"6,75 €/L","img":"https://fd16-photos.leclercdrive.fr/image.ashx?id=2375992&use=l&cat=p&typeid=i","cat":284618},{"id":23268,"n":"Vin mousseux de France rosé  Muscador Doux 11.5%vol. - 75cl","p":2.71,"u":"3,61 €/L","img":"https://fd16-photos.leclercdrive.fr/image.ashx?id=2157055&use=l&cat=p&typeid=i","cat":284544},{"id":23271,"n":"Vin mousseux de France blanc Muscador doux 11.5% Vol 75cl","p":2.67,"u":"3,56 €/L","img":"https://fd16-photos.leclercdrive.fr/image.ashx?id=2157052&use=l&cat=p&typeid=i","cat":284544},{"id":23304,"n":"Feuilletés paniers Côté Table Saumon - 4x100g","p":4.45,"u":"11,13 €/KG","img":"https://fd16-photos.leclercdrive.fr/image.ashx?id=2549400&use=l&cat=p&typeid=i","cat":319776},{"id":23363,"n":"Lait bébé poudre Nidal Nestlé 1er âge - 0-6 mois - 800g","p":12.94,"u":"16,18 €/KG","img":"https://fd16-photos.leclercdrive.fr/image.ashx?id=2811638&use=l&cat=p&typeid=i","cat":284726},{"id":23365,"n":"Lait bébé 2A NIDAL GEST  6-12 mois - 800g","p":12.26,"u":"15,33 €/KG","img":"https://fd16-photos.leclercdrive.fr/image.ashx?id=2890799&use=l&cat=p&typeid=i","cat":284727},{"id":23372,"n":"Ricotta Les Croisés - 250g","p":1.29,"u":"5,16 €/KG","img":"https://fd16-photos.leclercdrive.fr/image.ashx?id=2133294&use=l&cat=p&typeid=i","cat":314026},{"id":23397,"n":"Gaufres Rita fourrées Vanille x10 300g","p":1.58,"u":"5,27 €/KG","img":"https://fd16-photos.leclercdrive.fr/image.ashx?id=1654215&use=l&cat=p&typeid=i","cat":294777},{"id":23416,"n":"Barquettes chats Tous mes amis Terrines 4 variétés - 4x85g","p":1.74,"u":"6,82 €/KG","img":"https://fd16-photos.leclercdrive.fr/image.ashx?id=2520026&use=l&cat=p&typeid=i","cat":285286},{"id":23429,"n":"Croquettes chat Tous mes amis Chatons - 2kg","p":4.07,"u":"2,04 €/KG","img":"https://fd16-photos.leclercdrive.fr/image.ashx?id=2710485&use=l&cat=p&typeid=i","cat":284680},{"id":23430,"n":"Croquettes chat Tous mes amis Lapin/volailles - 2kg","p":3.99,"u":"2,00 €/KG","img":"https://fd16-photos.leclercdrive.fr/image.ashx?id=2301605&use=l&cat=p&typeid=i","cat":284680},{"id":23432,"n":"Croquettes Lydog Petits chiens - Vollaile - 2kg","p":4.12,"u":"2,06 €/KG","img":"https://fd16-photos.leclercdrive.fr/image.ashx?id=2191126&use=l&cat=p&typeid=i","cat":294526},{"id":23437,"n":"Maïs Notre Jardin Croquant - 285g","p":0.85,"u":"2,98 €/KG","img":"https://fd16-photos.leclercdrive.fr/image.ashx?id=2988048&use=l&cat=p&typeid=i","cat":312611},{"id":23439,"n":"Crème dessert Délisse Choco Billes bicompartiment 4x117g","p":1.99,"u":"4,25 €/KG","img":"https://fd16-photos.leclercdrive.fr/image.ashx?id=2965482&use=l&cat=p&typeid=i","cat":285041},{"id":23444,"n":"Quenelles Côté Table volaille Au naturel 255g","p":1.37,"u":"5,37 €/KG","img":"https://fd16-photos.leclercdrive.fr/image.ashx?id=2977870&use=l&cat=p&typeid=i","cat":284441},{"id":23452,"n":"Terrines chats Tous mes amis Viandes variées - 4x400g","p":3.74,"u":"2,34 €/KG","img":"https://fd16-photos.leclercdrive.fr/image.ashx?id=2865191&use=l&cat=p&typeid=i","cat":285601},{"id":23492,"n":"Bonbons sans sucres Confiséo Goût caramel - 120g","p":2.61,"u":"21,75 €/KG","img":"https://fd16-photos.leclercdrive.fr/image.ashx?id=2934670&use=l&cat=p&typeid=i","cat":304252},{"id":23497,"n":"Bonbons Confiséo Acacia menthe eucalyptus 300g","p":2.06,"u":"6,87 €/KG","img":"https://fd16-photos.leclercdrive.fr/image.ashx?id=2934676&use=l&cat=p&typeid=i","cat":304252},{"id":23500,"n":"Bouillon de légumes Bio Village Bio - 8x10g","p":1.69,"u":"21,13 €/KG","img":"https://fd16-photos.leclercdrive.fr/image.ashx?id=1943409&use=l&cat=p&typeid=i","cat":288379},{"id":23502,"n":"Pâtés de campagne Tradilège Supérieur VPF 2x50g","p":0.98,"u":"9,80 €/KG","img":"https://fd16-photos.leclercdrive.fr/image.ashx?id=2771612&use=l&cat=p&typeid=i","cat":316008},{"id":23505,"n":"Tripes à la mode de Caen Férial 500g","p":3.89,"u":"7,78 €/KG","img":"https://fd16-photos.leclercdrive.fr/image.ashx?id=2451937&use=l&cat=p&typeid=i","cat":333666},{"id":23506,"n":"Tripes à la provençale Férial 500g","p":3.89,"u":"7,78 €/KG","img":"https://fd16-photos.leclercdrive.fr/image.ashx?id=2451940&use=l&cat=p&typeid=i","cat":333666},{"id":23520,"n":"Bloc de fromage Leerdammer L'Original - 500g","p":5.46,"u":"10,92 €/KG","img":"https://fd16-photos.leclercdrive.fr/image.ashx?id=2699035&use=l&cat=p&typeid=i","cat":314034},{"id":23522,"n":"Bûche de chèvre Les Croisés Format famililal 25%mg 300g","p":2.95,"u":"9,83 €/KG","img":"https://fd16-photos.leclercdrive.fr/image.ashx?id=2949415&use=l&cat=p&typeid=i","cat":314031},{"id":23552,"n":"Lait bébé poudre Nidal Nestlé 2e âge -6-12 mois - 800g","p":11.14,"u":"13,93 €/KG","img":"https://fd16-photos.leclercdrive.fr/image.ashx?id=2805597&use=l&cat=p&typeid=i","cat":284727},{"id":23583,"n":"Crème Fraîche Elle&Vire Epaisse Entière - 30% MG - 33cl","p":1.87,"u":"5,67 €/L","img":"https://fd16-photos.leclercdrive.fr/image.ashx?id=3003333&use=l&cat=p&typeid=i","cat":284381},{"id":23594,"n":"Fromage raclette Les Croisés Saveur vin blanc - 26%mg - 250g","p":2.99,"u":"11,96 €/KG","img":"https://fd16-photos.leclercdrive.fr/image.ashx?id=2969755&use=l&cat=p&typeid=i","cat":314037},{"id":23595,"n":"Fromage raclette Les Croisés 3 poivres 26%mg 250g","p":2.99,"u":"11,96 €/KG","img":"https://fd16-photos.leclercdrive.fr/image.ashx?id=2791782&use=l&cat=p&typeid=i","cat":314037},{"id":23596,"n":"Fromage à Raclette RichesMonts  Classique 32 Tranches - 850g","p":10.51,"u":"12,36 €/KG","img":"https://fd16-photos.leclercdrive.fr/image.ashx?id=2953492&use=l&cat=p&typeid=i","cat":314037},{"id":23598,"n":"Fromage raclette Les Croisés Sans croûte - 28%mg - 400g","p":3.95,"u":"9,88 €/KG","img":"https://fd16-photos.leclercdrive.fr/image.ashx?id=2969752&use=l&cat=p&typeid=i","cat":314037},{"id":23618,"n":"Couscous Weight Watchers Oriental 300g","p":3.5,"u":"11,67 €/KG","img":"https://fd16-photos.leclercdrive.fr/image.ashx?id=2610915&use=l&cat=p&typeid=i","cat":333665},{"id":23628,"n":"Fond de volaille Rustica 110g","p":2.21,"u":"20,09 €/KG","img":"https://fd16-photos.leclercdrive.fr/image.ashx?id=2140914&use=l&cat=p&typeid=i","cat":288379},{"id":23631,"n":"Chocolat noir Equador Mini carrés 72% cacao 200g","p":4.35,"u":"21,75 €/KG","img":"https://fd16-photos.leclercdrive.fr/image.ashx?id=2856483&use=l&cat=p&typeid=i","cat":284956},{"id":23633,"n":"Crème dessert Délisse Vanille sur lit caramel 4x125g","p":1.47,"u":"2,94 €/KG","img":"https://fd16-photos.leclercdrive.fr/image.ashx?id=2441276&use=l&cat=p&typeid=i","cat":285041},{"id":23636,"n":"Bouillon de volaille Rustica Dégraissé - Tablettes 12x10g","p":0.79,"u":"6,58 €/KG","img":"https://fd16-photos.leclercdrive.fr/image.ashx?id=1880033&use=l&cat=p&typeid=i","cat":288379},{"id":23642,"n":"Huile spéciale fondue Rustica Aux aromates - 1L","p":3.45,"u":"3,45 €/L","img":"https://fd16-photos.leclercdrive.fr/image.ashx?id=2546245&use=l&cat=p&typeid=i","cat":284453},{"id":23709,"n":"Riz à la Cantonaise Marie 900g","p":4.92,"u":"5,47 €/KG","img":"https://fd16-photos.leclercdrive.fr/image.ashx?id=2996791&use=l&cat=p&typeid=i","cat":284254},{"id":23715,"n":"Samoussa Tables du Monde Au boeuf - x4 - 220g","p":3.29,"u":"14,95 €/KG","img":"https://fd16-photos.leclercdrive.fr/image.ashx?id=2807190&use=l&cat=p&typeid=i","cat":333673},{"id":23725,"n":"Liquide vaisselle Eco+ Pomme - 1L","p":0.74,"u":"0,74 €/L","img":"https://fd16-photos.leclercdrive.fr/image.ashx?id=2949161&use=l&cat=p&typeid=i","cat":284655},{"id":23726,"n":"Aluminium Eco+ 30m","p":1.89,"u":"0,06 €/MT","img":"https://fd16-photos.leclercdrive.fr/image.ashx?id=2880216&use=l&cat=p&typeid=i","cat":334134},{"id":23727,"n":"Sacs poubelle 100L Eco+ x10","p":0.76,"u":"0,08 €/P","img":"https://fd16-photos.leclercdrive.fr/image.ashx?id=2793137&use=l&cat=p&typeid=i","cat":285168},{"id":23728,"n":"Huile de tournesol Eco+ 1L","p":1.63,"u":"1,63 €/L","img":"https://fd16-photos.leclercdrive.fr/image.ashx?id=2913636&use=l&cat=p&typeid=i","cat":284453},{"id":23729,"n":"Tomato Ketchup Eco+ 560g","p":0.88,"u":"1,57 €/KG","img":"https://fd16-photos.leclercdrive.fr/image.ashx?id=2954328&use=l&cat=p&typeid=i","cat":284455},{"id":23753,"n":"Alcool modifié Primoplast 70° 250ml","p":2.2,"u":"8,80 €/L","img":"https://fd16-photos.leclercdrive.fr/image.ashx?id=2856498&use=l&cat=p&typeid=i","cat":284630},{"id":23754,"n":"Eau oxygénée Primoplast 250ml","p":1.86,"u":"7,44 €/L","img":"https://fd16-photos.leclercdrive.fr/image.ashx?id=2832936&use=l&cat=p&typeid=i","cat":284630},{"id":23780,"n":"Fromage raclette Eco+ Tranché 2x400g","p":6.64,"u":"8,30 €/KG","img":"https://fd16-photos.leclercdrive.fr/image.ashx?id=2712861&use=l&cat=p&typeid=i","cat":314037},{"id":23791,"n":"Tartines craquantes Epi d'Or Au blé complet - 250g","p":1.29,"u":"5,16 €/KG","img":"https://fd16-photos.leclercdrive.fr/image.ashx?id=2843788&use=l&cat=p&typeid=i","cat":284479},{"id":23794,"n":"Pain grillé Epi d'Or Blé complet x24 - 500g","p":1.72,"u":"3,44 €/KG","img":"https://fd16-photos.leclercdrive.fr/image.ashx?id=2680545&use=l&cat=p&typeid=i","cat":284479},{"id":23798,"n":"Riz Risotto Comptoir du Grain 500g","p":1.42,"u":"2,84 €/KG","img":"https://fd16-photos.leclercdrive.fr/image.ashx?id=2363283&use=l&cat=p&typeid=i","cat":284428},{"id":23881,"n":"Coulommiers Les Croisés  10 portions - 24%mg - 350g","p":3.19,"u":"9,11 €/KG","img":"https://fd16-photos.leclercdrive.fr/image.ashx?id=2339948&use=l&cat=p&typeid=i","cat":314033},{"id":23936,"n":"Fromage blanc jockey Stracciatella - 4x120g","p":2.07,"u":"4,31 €/KG","img":"https://fd16-photos.leclercdrive.fr/image.ashx?id=2280011&use=l&cat=p&typeid=i","cat":314999},{"id":23967,"n":"Lait demi-écrémé Grandlait Candia Bouteille - 6x50cl","p":5.35,"u":"1,78 €/L","img":"https://fd16-photos.leclercdrive.fr/image.ashx?id=2916195&use=l&cat=p&typeid=i","cat":284377},{"id":23968,"n":"Roquefort AOP Les Croisés Tranché 150g","p":2.29,"u":"15,27 €/KG","img":"https://fd16-photos.leclercdrive.fr/image.ashx?id=2676537&use=l&cat=p&typeid=i","cat":314032},{"id":23972,"n":"Fusili Côté Snack Pâtes Bolognaise - 300g","p":1.89,"u":"6,30 €/KG","img":"https://fd16-photos.leclercdrive.fr/image.ashx?id=2650898&use=l&cat=p&typeid=i","cat":334983},{"id":23973,"n":"Fusili Côté Snack Pâtes Carbonara - 300g","p":1.89,"u":"6,30 €/KG","img":"https://fd16-photos.leclercdrive.fr/image.ashx?id=2517682&use=l&cat=p&typeid=i","cat":334983},{"id":24009,"n":"Crackers Tuc Fromage - 100g","p":0.77,"u":"7,70 €/KG","img":"https://fd16-photos.leclercdrive.fr/image.ashx?id=3002291&use=l&cat=p&typeid=i","cat":297000},{"id":24035,"n":"Echalotes semoule Rustica 36g","p":1.29,"u":"35,83 €/KG","img":"https://fd16-photos.leclercdrive.fr/image.ashx?id=2772951&use=l&cat=p&typeid=i","cat":298297},{"id":24043,"n":"Thé vert Britley Menthe x25 sachets - 40g","p":0.79,"u":"19,75 €/KG","img":"https://fd16-photos.leclercdrive.fr/image.ashx?id=2672930&use=l&cat=p&typeid=i","cat":293233},{"id":24047,"n":"Yaourts aromatisés Délisse Vanille - 4x125g","p":1.29,"u":"2,58 €/KG","img":"https://fd16-photos.leclercdrive.fr/image.ashx?id=2804184&use=l&cat=p&typeid=i","cat":286006},{"id":24049,"n":"Pâtée chats Tous mes amis Thon en sauce - 80g","p":0.99,"u":"12,38 €/KG","img":"https://fd16-photos.leclercdrive.fr/image.ashx?id=2450306&use=l&cat=p&typeid=i","cat":285601},{"id":24050,"n":"Pâtée chats Tous mes amis Poulet en sauce - 80g","p":0.99,"u":"12,38 €/KG","img":"https://fd16-photos.leclercdrive.fr/image.ashx?id=2450309&use=l&cat=p&typeid=i","cat":285601},{"id":24051,"n":"Pâtée pour chats Tous mes amis Thon aux crevettes - 80g","p":0.99,"u":"12,38 €/KG","img":"https://fd16-photos.leclercdrive.fr/image.ashx?id=1971897&use=l&cat=p&typeid=i","cat":285601},{"id":24081,"n":"Mayonnaise Fins Gourmets MAILLE Bocal - 320g","p":2.48,"u":"7,75 €/KG","img":"https://fd16-photos.leclercdrive.fr/image.ashx?id=2812750&use=l&cat=p&typeid=i","cat":298295},{"id":24082,"n":"Mayonnaise Fine MAILLE Qualité Traiteur Bocal - 320g","p":2.44,"u":"7,63 €/KG","img":"https://fd16-photos.leclercdrive.fr/image.ashx?id=2908369&use=l&cat=p&typeid=i","cat":298295},{"id":24095,"n":"Jus de clémentines préssées Andros - 1,5L","p":4.21,"u":"2,81 €/L","img":"https://fd16-photos.leclercdrive.fr/image.ashx?id=2902984&use=l&cat=p&typeid=i","cat":285435},{"id":24163,"n":"Infusion Tiséa Tilleul Citron 25 sachets 34g","p":1.69,"u":"48,29 €/KG","img":"https://fd16-photos.leclercdrive.fr/image.ashx?id=2854240&use=l&cat=p&typeid=i","cat":293234},{"id":24164,"n":"Thé vert Briley 32.5g","p":0.79,"u":"24,69 €/KG","img":"https://fd16-photos.leclercdrive.fr/image.ashx?id=2645939&use=l&cat=p&typeid=i","cat":293233},{"id":24186,"n":"Bandes à découper Mercurochrome 5 bandes - 10x6cm","p":3.28,"img":"https://fd16-photos.leclercdrive.fr/image.ashx?id=2862152&use=l&cat=p&typeid=i","cat":284630},{"id":24193,"n":"Bouchées à la reine Côté Table 2x 155g","p":3.69,"u":"23,81 €/KG","img":"https://fd16-photos.leclercdrive.fr/image.ashx?id=2826921&use=l&cat=p&typeid=i","cat":333671},{"id":24258,"n":"Philadelphia Nature - 300g","p":2.53,"u":"8,43 €/KG","img":"https://fd16-photos.leclercdrive.fr/image.ashx?id=2787863&use=l&cat=p&typeid=i","cat":314029},{"id":24293,"n":"Céréales Extra Kellogg's Chocolat Noir Noisettes - 500g","p":3.32,"u":"6,64 €/KG","img":"https://fd16-photos.leclercdrive.fr/image.ashx?id=2692284&use=l&cat=p&typeid=i","cat":309512},{"id":24294,"n":"Filets de maquereaux Saupiquet Escabèche - 3x169g","p":5.99,"u":"11,81 €/KG","img":"https://fd16-photos.leclercdrive.fr/image.ashx?id=2826978&use=l&cat=p&typeid=i","cat":303868},{"id":24326,"n":"Pizza Turini Chorizo - 200g","p":1.65,"u":"8,25 €/KG","img":"https://fd16-photos.leclercdrive.fr/image.ashx?id=2989658&use=l&cat=p&typeid=i","cat":333679},{"id":24350,"n":"Lingettes rince doigt Clair x24","p":1.96,"u":"0,08 €/P","img":"https://fd16-photos.leclercdrive.fr/image.ashx?id=2949418&use=l&cat=p&typeid=i","cat":325358},{"id":24363,"n":"Boisson lactée Délisse Chocolat - 6x20cl","p":2.17,"u":"1,81 €/L","img":"https://fd16-photos.leclercdrive.fr/image.ashx?id=3015245&use=l&cat=p&typeid=i","cat":295246},{"id":24387,"n":"Baguette de pain x10 + 1 offerte","p":2.8,"u":"0,25 €/P","img":"https://fd16-photos.leclercdrive.fr/image.ashx?id=2062459&use=l&cat=p&typeid=i","cat":284359},{"id":24390,"n":"Pétales de blé Eco+ Chocolat - 750g","p":2.03,"u":"2,71 €/KG","img":"https://fd16-photos.leclercdrive.fr/image.ashx?id=2927836&use=l&cat=p&typeid=i","cat":309513},{"id":24410,"n":"Bonbons Copains Copines Tendres fruits - 360 g","p":2.05,"u":"5,69 €/KG","img":"https://fd16-photos.leclercdrive.fr/image.ashx?id=2934694&use=l&cat=p&typeid=i","cat":304250},{"id":24418,"n":"Sauces gourmandes Rustica Pour viande 4 saveurs - 4x90g","p":2.41,"u":"6,69 €/KG","img":"https://fd16-photos.leclercdrive.fr/image.ashx?id=2275513&use=l&cat=p&typeid=i","cat":318430},{"id":24419,"n":"Caramels durs Confiséo A la crème fraîche - 175g","p":1.62,"u":"9,26 €/KG","img":"https://fd16-photos.leclercdrive.fr/image.ashx?id=2934691&use=l&cat=p&typeid=i","cat":304252},{"id":24420,"n":"Galettes Bretonnes NRT 100g","p":1.68,"u":"16,80 €/KG","img":"https://fd16-photos.leclercdrive.fr/image.ashx?id=2622323&use=l&cat=p&typeid=i","cat":284487},{"id":24474,"n":"Petites crevettes roses Pêche Océan - 125g","p":2.49,"u":"19,92 €/KG","img":"https://fd16-photos.leclercdrive.fr/image.ashx?id=2953635&use=l&cat=p&typeid=i","cat":284343},{"id":24492,"n":"Blanc de poulet Tradilège Doré à la broche - 120g","p":1.39,"u":"11,58 €/KG","img":"https://fd16-photos.leclercdrive.fr/image.ashx?id=2974864&use=l&cat=p&typeid=i","cat":316010},{"id":24495,"n":"Capsules Nescafé Dolce Gusto  Nesquik - x16","p":4.47,"u":"17,46 €/KG","img":"https://fd16-photos.leclercdrive.fr/image.ashx?id=2946634&use=l&cat=p&typeid=i","cat":293239},{"id":24500,"n":"Pain de mie nature Epi d'Or Sans croute - 500g","p":1.39,"u":"2,78 €/KG","img":"https://fd16-photos.leclercdrive.fr/image.ashx?id=2984658&use=l&cat=p&typeid=i","cat":284477},{"id":24642,"n":"Déodorant Rexona Confidence Stick anti-transpirant - 45ml","p":4.39,"u":"97,56 €/L","img":"https://fd16-photos.leclercdrive.fr/image.ashx?id=2738194&use=l&cat=p&typeid=i","cat":284595},{"id":24652,"n":"Déodorant Stick Rexona Anti- Transpirant CleanScent 96H 45ml","p":3.45,"u":"76,67 €/L","img":"https://fd16-photos.leclercdrive.fr/image.ashx?id=2895101&use=l&cat=p&typeid=i","cat":284595},{"id":24659,"n":"Secret de mousse la Laitière Chocolat au lait - 8x59g","p":2.92,"u":"6,19 €/KG","img":"https://fd16-photos.leclercdrive.fr/image.ashx?id=3007984&use=l&cat=p&typeid=i","cat":284417},{"id":24666,"n":"Roquefort AOP Société Fromage de brebis - 100g","p":2.72,"u":"27,20 €/KG","img":"https://fd16-photos.leclercdrive.fr/image.ashx?id=2729683&use=l&cat=p&typeid=i","cat":314032},{"id":24671,"n":"Crème Chantilly Bridelice Légère fouettée 20%mg - 250g","p":2.68,"u":"10,72 €/KG","img":"https://fd16-photos.leclercdrive.fr/image.ashx?id=2939313&use=l&cat=p&typeid=i","cat":284382},{"id":24672,"n":"Lait Matin Léger Lactel Sans lactose écrémé - 6x1l","p":11.76,"u":"1,96 €/L","img":"https://fd16-photos.leclercdrive.fr/image.ashx?id=2883546&use=l&cat=p&typeid=i","cat":317169},{"id":24674,"n":"Dentifrice Dentamyl 2en1 blancheur 75ml","p":1.3,"u":"17,33 €/L","img":"https://fd16-photos.leclercdrive.fr/image.ashx?id=2613834&use=l&cat=p&typeid=i","cat":284612},{"id":24694,"n":"Brosses à dent souple Dentamyl x4","p":0.99,"u":"0,25 €/P","img":"https://fd16-photos.leclercdrive.fr/image.ashx?id=2790946&use=l&cat=p&typeid=i","cat":284614},{"id":24729,"n":"Shampooing Pétrole Hahn Stop pellicules - 250ml","p":2.39,"u":"9,56 €/L","img":"https://fd16-photos.leclercdrive.fr/image.ashx?id=2293946&use=l&cat=p&typeid=i","cat":284606},{"id":24755,"n":"Préservatifs  Plug'In Fins et Lubrifiés - x12","p":2.25,"u":"0,19 €/P","img":"https://fd16-photos.leclercdrive.fr/image.ashx?id=2856184&use=l&cat=p&typeid=i","cat":284631},{"id":24757,"n":"Préservatifs Plug'in Classiques - x12","p":2.4,"u":"0,20 €/P","img":"https://fd16-photos.leclercdrive.fr/image.ashx?id=2856172&use=l&cat=p&typeid=i","cat":284631},{"id":24759,"n":"Mini nems Tables du Monde porc x5/poulet x5 +sauce - 220g","p":2.99,"u":"13,59 €/KG","img":"https://fd16-photos.leclercdrive.fr/image.ashx?id=2613276&use=l&cat=p&typeid=i","cat":333673},{"id":24844,"n":"IGP Magret de Canard Montfort Sud ouest fumé bois hètre - 80g","p":3.95,"u":"49,38 €/KG","img":"https://fd16-photos.leclercdrive.fr/image.ashx?id=2684949&use=l&cat=p&typeid=i","cat":316007},{"id":24879,"n":"Boisson apéritif Voltano Base de vin Rosato 14.4%vol 1L","p":4.99,"u":"4,99 €/L","img":"https://fd16-photos.leclercdrive.fr/image.ashx?id=2473960&use=l&cat=p&typeid=i","cat":284913},{"id":24961,"n":"Soin de jour L'Oréal Paris Age Perfect anti-âge - 50ml","p":11.97,"pp":7.9,"u":"158,00 €/L","img":"https://fd16-photos.leclercdrive.fr/image.ashx?id=2868047&use=l&cat=p&typeid=i","cat":325345},{"id":24968,"n":"Fromage de chèvre Petit Billy 45%mg - 200g","p":2.74,"u":"13,70 €/KG","img":"https://fd16-photos.leclercdrive.fr/image.ashx?id=2543136&use=l&cat=p&typeid=i","cat":314031},{"id":24972,"n":"Chèvre à dorer Les Croisés x4 - 100g","p":1.75,"u":"17,50 €/KG","img":"https://fd16-photos.leclercdrive.fr/image.ashx?id=2978528&use=l&cat=p&typeid=i","cat":314027},{"id":24977,"n":"Pain hot dog Jacquet x4 -  240g","p":1.67,"u":"6,96 €/KG","img":"https://fd16-photos.leclercdrive.fr/image.ashx?id=2799293&use=l&cat=p&typeid=i","cat":284985},{"id":25005,"n":"Préparation Papillotes Maggi Rôti thym et fines herbes - 30g","p":0.72,"u":"24,00 €/KG","img":"https://fd16-photos.leclercdrive.fr/image.ashx?id=2963964&use=l&cat=p&typeid=i","cat":288380},{"id":25006,"n":"Sauce béchamel Maggi Saveur à l'ancienne sachet -60g","p":0.62,"u":"10,33 €/KG","img":"https://fd16-photos.leclercdrive.fr/image.ashx?id=2697297&use=l&cat=p&typeid=i","cat":288381},{"id":25010,"n":"Barres Chocolatées KINDER Maxi Chocolat au Lait x10 - 210g","p":3.03,"u":"14,43 €/KG","img":"https://fd16-photos.leclercdrive.fr/image.ashx?id=2679609&use=l&cat=p&typeid=i","cat":284498},{"id":25024,"n":"Lait céréales Blédidej 9 mois Pain chocolat - 4x250ml","p":3.73,"u":"14,92 €/L","img":"https://fd16-photos.leclercdrive.fr/image.ashx?id=2921055&use=l&cat=p&typeid=i","cat":312226},{"id":25034,"n":"Mousse Coiffante Franck Provost A l'Huile d'Argan - 300ml","p":4.53,"u":"15,10 €/L","img":"https://fd16-photos.leclercdrive.fr/image.ashx?id=2575615&use=l&cat=p&typeid=i","cat":284609},{"id":25035,"n":"Salade Menu Fraîcheur Concombre au fromage blanc 300g","p":1.64,"u":"5,47 €/KG","img":"https://fd16-photos.leclercdrive.fr/image.ashx?id=2901443&use=l&cat=p&typeid=i","cat":333657},{"id":25037,"n":"Lait démaquillant Diadermine Hydratant - 200ml","p":2.44,"u":"12,20 €/L","img":"https://fd16-photos.leclercdrive.fr/image.ashx?id=2551108&use=l&cat=p&typeid=i","cat":284603},{"id":25044,"n":"Nettoyant spray Clair Salle de bain - Mousse - 600ml","p":1.99,"u":"3,32 €/L","img":"https://fd16-photos.leclercdrive.fr/image.ashx?id=2856678&use=l&cat=p&typeid=i","cat":325357},{"id":25049,"n":"Lames de rasoir Carré Homme 3 lames - x4","p":3.45,"u":"0,86 €/P","img":"https://fd16-photos.leclercdrive.fr/image.ashx?id=2704624&use=l&cat=p&typeid=i","cat":284616},{"id":25051,"n":"Boulettes de boeuf Férial x30 - 900g","p":7.39,"u":"8,21 €/KG","img":"https://fd16-photos.leclercdrive.fr/image.ashx?id=2966520&use=l&cat=p&typeid=i","cat":319779},{"id":25061,"n":"Cornichons Rustica Vinaigre - 360g","p":1.65,"u":"4,58 €/KG","img":"https://fd16-photos.leclercdrive.fr/image.ashx?id=2799763&use=l&cat=p&typeid=i","cat":284458},{"id":25064,"n":"Film étirable Alfapac Extensible auto-adhérent 50m","p":2.1,"img":"https://fd16-photos.leclercdrive.fr/image.ashx?id=2918271&use=l&cat=p&typeid=i","cat":334134},{"id":25069,"n":"Fromage à Tartiner St Môret  Nature Léger - 9 portions 180g","p":2.5,"u":"13,89 €/KG","img":"https://fd16-photos.leclercdrive.fr/image.ashx?id=2755453&use=l&cat=p&typeid=i","cat":314029},{"id":25093,"n":"Yaourts brassés Délisse Fruits jaunes - 8x125 g","p":2.28,"u":"2,28 €/KG","img":"https://fd16-photos.leclercdrive.fr/image.ashx?id=2495536&use=l&cat=p&typeid=i","cat":284410},{"id":25095,"n":"Yaourts brassés Délisse Fruits rouges - 8X125g","p":2.27,"u":"2,27 €/KG","img":"https://fd16-photos.leclercdrive.fr/image.ashx?id=2494217&use=l&cat=p&typeid=i","cat":284410},{"id":25152,"n":"Confiture cerises Andros Allégée bocal 350g","p":1.81,"u":"5,17 €/KG","img":"https://fd16-photos.leclercdrive.fr/image.ashx?id=2423735&use=l&cat=p&typeid=i","cat":284480},{"id":25164,"n":"Crème dessert Délisse Chocolat noir 4x125g","p":1.05,"u":"2,10 €/KG","img":"https://fd16-photos.leclercdrive.fr/image.ashx?id=2694283&use=l&cat=p&typeid=i","cat":285041},{"id":25171,"n":"Lardons fumés Tradilège Moins 25% de sel 2x75g","p":1.64,"u":"10,93 €/KG","img":"https://fd16-photos.leclercdrive.fr/image.ashx?id=2955267&use=l&cat=p&typeid=i","cat":316011},{"id":25182,"n":"Confiture Bonne Maman Cerises noires 370g","p":2.61,"u":"7,05 €/KG","img":"https://fd16-photos.leclercdrive.fr/image.ashx?id=2476311&use=l&cat=p&typeid=i","cat":284480},{"id":25205,"n":"Pois carottes D'aucy  Tendres et fondants -530g","p":1.75,"u":"3,30 €/KG","img":"https://fd16-photos.leclercdrive.fr/image.ashx?id=2426367&use=l&cat=p&typeid=i","cat":312607},{"id":25207,"n":"Cornichons Rustica Extra fins - 185g","p":1.28,"u":"6,92 €/KG","img":"https://fd16-photos.leclercdrive.fr/image.ashx?id=2799760&use=l&cat=p&typeid=i","cat":284458},{"id":25211,"n":"Bavette d'aloyau *** à griller x2 - 320g","p":6.95,"u":"21,72 €/KG","img":"https://fd16-photos.leclercdrive.fr/image.ashx?id=1495734&use=l&cat=p&typeid=i","cat":284328},{"id":25220,"n":"Cotons Démaquillants Demak'Up Sensitive - Disques x64","p":1.28,"u":"0,02 €/P","img":"https://fd16-photos.leclercdrive.fr/image.ashx?id=2966983&use=l&cat=p&typeid=i","cat":285593},{"id":25236,"n":"Croque Jambon Père Dodu  Dinde x2 - 200g","p":2.3,"u":"11,50 €/KG","img":"https://fd16-photos.leclercdrive.fr/image.ashx?id=2956984&use=l&cat=p&typeid=i","cat":333683},{"id":25283,"n":"Barres céréales Grany Pommes - 125g","p":1.84,"u":"14,72 €/KG","img":"https://fd16-photos.leclercdrive.fr/image.ashx?id=3002093&use=l&cat=p&typeid=i","cat":285869},{"id":25342,"n":"Céréales Trésor Kellogg's Chocolat au lait - 1kg","p":6.32,"u":"6,32 €/KG","img":"https://fd16-photos.leclercdrive.fr/image.ashx?id=2598319&use=l&cat=p&typeid=i","cat":309513},{"id":25361,"n":"Chocolat Pâtissier Nestlé Dessert : Caramel - 170g","p":3.07,"u":"18,06 €/KG","img":"https://fd16-photos.leclercdrive.fr/image.ashx?id=2902346&use=l&cat=p&typeid=i","cat":285562},{"id":25366,"n":"Tablette de chocolat noir Lindt 90% cacao - 100g","p":2.23,"u":"22,30 €/KG","img":"https://fd16-photos.leclercdrive.fr/image.ashx?id=2689502&use=l&cat=p&typeid=i","cat":284956},{"id":25370,"n":"Tablette chocolat Côte d'Or Chocolat lait/Noisettes - 200g","p":4.24,"u":"21,20 €/KG","img":"https://fd16-photos.leclercdrive.fr/image.ashx?id=2961218&use=l&cat=p&typeid=i","cat":284497},{"id":25372,"n":"Tablette chocolat Milka Au lait du pays Alpin - 200g","p":2.65,"u":"13,25 €/KG","img":"https://fd16-photos.leclercdrive.fr/image.ashx?id=2994455&use=l&cat=p&typeid=i","cat":284497},{"id":25375,"n":"Tablette chocolat Milka Chocolat lait/Noisettes - 200g","p":3.52,"u":"17,60 €/KG","img":"https://fd16-photos.leclercdrive.fr/image.ashx?id=2381748&use=l&cat=p&typeid=i","cat":284497},{"id":25385,"n":"Tablette chocolat Côte d'Or Chocolat lait/praliné - 200g","p":3.49,"u":"17,45 €/KG","img":"https://fd16-photos.leclercdrive.fr/image.ashx?id=2938076&use=l&cat=p&typeid=i","cat":284497},{"id":25408,"n":"Dragolo Haribo Sachet bonbons - 300g","p":1.51,"u":"5,03 €/KG","img":"https://fd16-photos.leclercdrive.fr/image.ashx?id=2803574&use=l&cat=p&typeid=i","cat":304250},{"id":25445,"n":"Lait poudre Croissance Modilac  De 12 mois à 36 mois - 800g","p":13.34,"u":"16,68 €/KG","img":"https://fd16-photos.leclercdrive.fr/image.ashx?id=2873390&use=l&cat=p&typeid=i","cat":290219},{"id":25465,"n":"Recharge distributeur Canderel Comprimés x600 - 51g","p":5.02,"u":"98,43 €/KG","img":"https://fd16-photos.leclercdrive.fr/image.ashx?id=2811008&use=l&cat=p&typeid=i","cat":324846},{"id":25492,"n":"Confiture Bonne Maman Fraise & fraises des bois 370g","p":2.51,"u":"6,78 €/KG","img":"https://fd16-photos.leclercdrive.fr/image.ashx?id=2999841&use=l&cat=p&typeid=i","cat":284480},{"id":25493,"n":"Bouillon Cube Maggi Pot au feu - 180g","p":1.57,"u":"8,72 €/KG","img":"https://fd16-photos.leclercdrive.fr/image.ashx?id=2212315&use=l&cat=p&typeid=i","cat":288379},{"id":25499,"n":"Brosse à dents pro Dentamyl Blancheur x1","p":1.32,"img":"https://fd16-photos.leclercdrive.fr/image.ashx?id=2790916&use=l&cat=p&typeid=i","cat":284614},{"id":25515,"n":"Eau minérale naturelle Vittel 6x1L","p":2.51,"u":"0,42 €/L","img":"https://fd16-photos.leclercdrive.fr/image.ashx?id=2276654&use=l&cat=p&typeid=i","cat":284535},{"id":25516,"n":"Eau de source Cristaline 12x50cl","p":1.8,"u":"0,30 €/L","img":"https://fd16-photos.leclercdrive.fr/image.ashx?id=2872874&use=l&cat=p&typeid=i","cat":284535},{"id":25525,"n":"Boisson aux fruits Oasis Tropical - 4x50cl","p":4.47,"u":"2,24 €/L","img":"https://fd16-photos.leclercdrive.fr/image.ashx?id=3014446&use=l&cat=p&typeid=i","cat":295018},{"id":25540,"n":"Soda à l'orange Orangina 4x50cl","p":4.55,"u":"2,28 €/L","img":"https://fd16-photos.leclercdrive.fr/image.ashx?id=2574952&use=l&cat=p&typeid=i","cat":284532},{"id":25550,"n":"Soda Schweppes Indian Tonic Zero - 1,5L","p":1.72,"u":"1,15 €/L","img":"https://fd16-photos.leclercdrive.fr/image.ashx?id=2852393&use=l&cat=p&typeid=i","cat":284531},{"id":25552,"n":"Soda Schweppes Indian Tonic - 4x50cl","p":3.9,"u":"1,95 €/L","img":"https://fd16-photos.leclercdrive.fr/image.ashx?id=2852405&use=l&cat=p&typeid=i","cat":284531},{"id":25553,"n":"Soda Schweppes Saveur Agrumes - 4x50cl","p":4.2,"u":"2,10 €/L","img":"https://fd16-photos.leclercdrive.fr/image.ashx?id=2852402&use=l&cat=p&typeid=i","cat":284532},{"id":25554,"n":"Soda Schweppes Saveur Citron Zero - 1,5L","p":1.7,"u":"1,13 €/L","img":"https://fd16-photos.leclercdrive.fr/image.ashx?id=2852396&use=l&cat=p&typeid=i","cat":284532},{"id":25575,"n":"Limonade artisanale Lorina Bouteille - 1L","p":2.98,"u":"2,98 €/L","img":"https://fd16-photos.leclercdrive.fr/image.ashx?id=2735137&use=l&cat=p&typeid=i","cat":284531},{"id":25576,"n":"Limonade Cristal Lorina 1,25L","p":2.3,"u":"1,84 €/L","img":"https://fd16-photos.leclercdrive.fr/image.ashx?id=2575555&use=l&cat=p&typeid=i","cat":284531},{"id":25596,"n":"Nectar Bio Pressade Multifruits - 6x20cl","p":2.72,"u":"2,27 €/L","img":"https://fd16-photos.leclercdrive.fr/image.ashx?id=2732518&use=l&cat=p&typeid=i","cat":284524},{"id":25609,"n":"Saucisses aux lentilles  William Saurin- 840g","p":3.41,"u":"4,06 €/KG","img":"https://fd16-photos.leclercdrive.fr/image.ashx?id=2890070&use=l&cat=p&typeid=i","cat":284441},{"id":25613,"n":"Boisson énergétique Powerade Cerise - 50cl","p":1.23,"u":"2,46 €/L","img":"https://fd16-photos.leclercdrive.fr/image.ashx?id=2774220&use=l&cat=p&typeid=i","cat":284533},{"id":25614,"n":"Boisson Citronnade Pulco Citron - 1,5L","p":2.14,"u":"1,43 €/L","img":"https://fd16-photos.leclercdrive.fr/image.ashx?id=2941526&use=l&cat=p&typeid=i","cat":295018},{"id":25615,"n":"Concentré à diluer Pulco Agrumes - 70cl","p":2.82,"u":"4,03 €/L","img":"https://fd16-photos.leclercdrive.fr/image.ashx?id=2687851&use=l&cat=p&typeid=i","cat":295020},{"id":25619,"n":"Pastis Ricard Anisé 45% vol - 1,5L","p":29.75,"u":"19,83 €/L","img":"https://fd16-photos.leclercdrive.fr/image.ashx?id=2839115&use=l&cat=p&typeid=i","cat":284548},{"id":25620,"n":"Sirop Moulin de Valdonne Citron vert - 70cl","p":3.54,"u":"5,06 €/L","img":"https://fd16-photos.leclercdrive.fr/image.ashx?id=2842675&use=l&cat=p&typeid=i","cat":295020},{"id":25623,"n":"Sirop Moulin de Valdonne  Kiwi banane - 70cl","p":3.39,"u":"4,84 €/L","img":"https://fd16-photos.leclercdrive.fr/image.ashx?id=2170580&use=l&cat=p&typeid=i","cat":295020},{"id":25627,"n":"Sirop Moulin de Valdonne Violette - 70cl","p":2.99,"u":"4,27 €/L","img":"https://fd16-photos.leclercdrive.fr/image.ashx?id=2756918&use=l&cat=p&typeid=i","cat":295020},{"id":25632,"n":"Vodka Absolut 40% vol - 70cl","p":17.72,"u":"25,31 €/L","img":"https://fd16-photos.leclercdrive.fr/image.ashx?id=2887239&use=l&cat=p&typeid=i","cat":284550},{"id":25642,"n":"Escalope milanaise Coté Table 300g","p":2.38,"u":"7,93 €/KG","img":"https://fd16-photos.leclercdrive.fr/image.ashx?id=2499385&use=l&cat=p&typeid=i","cat":333665},{"id":25656,"n":"Crème Pieds Anti-Callosités Et Cornes - 75ml","p":4.84,"u":"64,53 €/L","img":"https://fd16-photos.leclercdrive.fr/image.ashx?id=2981310&use=l&cat=p&typeid=i","cat":325354},{"id":25661,"n":"Rasoir Siliss 3 lames - +1 recharge","p":4.25,"img":"https://fd16-photos.leclercdrive.fr/image.ashx?id=2699411&use=l&cat=p&typeid=i","cat":325352},{"id":25663,"n":"Chips à l'ancienne Pom'Lisse Nature - 270g","p":1.85,"u":"6,85 €/KG","img":"https://fd16-photos.leclercdrive.fr/image.ashx?id=2724835&use=l&cat=p&typeid=i","cat":284447},{"id":25685,"n":"Bouillon Cube Maggi Boeuf - 180g","p":1.61,"u":"8,94 €/KG","img":"https://fd16-photos.leclercdrive.fr/image.ashx?id=2882896&use=l&cat=p&typeid=i","cat":288379},{"id":25729,"n":"Vinaigrette balsamique Puget Tomate séchée - 33cl","p":2.39,"u":"7,24 €/L","img":"https://fd16-photos.leclercdrive.fr/image.ashx?id=2912143&use=l&cat=p&typeid=i","cat":284456},{"id":25738,"n":"Blanc de poulet Fleury Michon -25% de sel x4 - 160g","p":2.19,"u":"13,69 €/KG","img":"https://fd16-photos.leclercdrive.fr/image.ashx?id=2885974&use=l&cat=p&typeid=i","cat":316010},{"id":25739,"n":"Bûche de chèvre Les Croisés Fondante 22%mg - 180g","p":1.84,"u":"10,22 €/KG","img":"https://fd16-photos.leclercdrive.fr/image.ashx?id=2946838&use=l&cat=p&typeid=i","cat":314031},{"id":25742,"n":"Macédoine Menu Fraîcheur  Légumes - 300g","p":1.59,"u":"5,30 €/KG","img":"https://fd16-photos.leclercdrive.fr/image.ashx?id=2901446&use=l&cat=p&typeid=i","cat":333657},{"id":25743,"n":"Mascarpone Les Croisés - 500g","p":3.08,"u":"6,16 €/KG","img":"https://fd16-photos.leclercdrive.fr/image.ashx?id=2123626&use=l&cat=p&typeid=i","cat":314026},{"id":25746,"n":"Saucisse de volaille Tradilège  x10 350g","p":1.46,"u":"4,17 €/KG","img":"https://fd16-photos.leclercdrive.fr/image.ashx?id=2625110&use=l&cat=p&typeid=i","cat":316012},{"id":25748,"n":"Hachés au colin d'Alaska Pêche Océan - 200g","p":2.24,"u":"11,20 €/KG","img":"https://fd16-photos.leclercdrive.fr/image.ashx?id=2953623&use=l&cat=p&typeid=i","cat":284344},{"id":25751,"n":"Barres céréales moelleux Grany Fruits des bois - 192g","p":1.86,"u":"9,69 €/KG","img":"https://fd16-photos.leclercdrive.fr/image.ashx?id=2963916&use=l&cat=p&typeid=i","cat":285869},{"id":25753,"n":"Génoises fourrées Eco+ Framboise - 300g","p":1.9,"u":"6,33 €/KG","img":"https://fd16-photos.leclercdrive.fr/image.ashx?id=2808197&use=l&cat=p&typeid=i","cat":284489},{"id":25759,"n":"Barquettes chats Gourmet Gold Double délice luxe mix - 12x85g","p":5.76,"u":"5,65 €/KG","img":"https://fd16-photos.leclercdrive.fr/image.ashx?id=2857096&use=l&cat=p&typeid=i","cat":285286},{"id":25762,"n":"Bâtonnets Dentastix Pedigree Grand chien x28 - 1080g","p":8.45,"u":"7,82 €/KG","img":"https://fd16-photos.leclercdrive.fr/image.ashx?id=2924776&use=l&cat=p&typeid=i","cat":294527},{"id":25793,"n":"AOP Côtes du Rhône rouge Cellier des Dauphins - BIB 3L","p":11.33,"u":"3,78 €/L","img":"https://fd16-photos.leclercdrive.fr/image.ashx?id=2830006&use=l&cat=p&typeid=i","cat":289560},{"id":25801,"n":"Lingettes Wc Syphon Désinfectantes x40","p":2.2,"img":"https://fd16-photos.leclercdrive.fr/image.ashx?id=2768092&use=l&cat=p&typeid=i","cat":325358},{"id":25805,"n":"Légumes pour pot au feu Panier du Primeur - 1kg","p":2.49,"u":"2,49 €/KG","img":"https://fd16-photos.leclercdrive.fr/image.ashx?id=2958717&use=l&cat=p&typeid=i","cat":284352},{"id":25806,"n":"Lingettes bébé H2O Biolane Epaisses - x72","p":1.88,"u":"0,03 €/P","img":"https://fd16-photos.leclercdrive.fr/image.ashx?id=2877910&use=l&cat=p&typeid=i","cat":284738},{"id":25808,"n":"Protection incontinence Chorys Homme - Important - x20","p":5.38,"u":"0,27 €/P","img":"https://fd16-photos.leclercdrive.fr/image.ashx?id=2672933&use=l&cat=p&typeid=i","cat":291514},{"id":25815,"n":"Dessert lacté Délisse Chocolat - 4x100g","p":1.27,"u":"3,18 €/KG","img":"https://fd16-photos.leclercdrive.fr/image.ashx?id=2953401&use=l&cat=p&typeid=i","cat":285041},{"id":25825,"n":"Fromage de brebis Les Croisés 210g","p":2.86,"u":"13,62 €/KG","img":"https://fd16-photos.leclercdrive.fr/image.ashx?id=2900112&use=l&cat=p&typeid=i","cat":329184},{"id":25836,"n":"Choucroute garnie  William Saurin - 800g","p":3.96,"u":"4,95 €/KG","img":"https://fd16-photos.leclercdrive.fr/image.ashx?id=2890058&use=l&cat=p&typeid=i","cat":284441},{"id":25839,"n":"Couscous parfumé Tipiak Prêt en 5 min  - 500g","p":2.03,"u":"4,06 €/KG","img":"https://fd16-photos.leclercdrive.fr/image.ashx?id=2946937&use=l&cat=p&typeid=i","cat":284429},{"id":25841,"n":"Couscous Tipiak  Prêt en 1 min 30 s - 500g","p":1.32,"u":"2,64 €/KG","img":"https://fd16-photos.leclercdrive.fr/image.ashx?id=2640431&use=l&cat=p&typeid=i","cat":284429},{"id":25854,"n":"Mignonnettes Côte d'Or Chocolat noir /orange - 24x10g","p":5.14,"u":"21,42 €/KG","img":"https://fd16-photos.leclercdrive.fr/image.ashx?id=3009152&use=l&cat=p&typeid=i","cat":284499},{"id":25855,"n":"Noix d'epaule Tulip Boîte - 340g","p":3.57,"u":"10,50 €/KG","img":"https://fd16-photos.leclercdrive.fr/image.ashx?id=2465598&use=l&cat=p&typeid=i","cat":305149},{"id":25856,"n":"Olives vertes La Ciota Farcies anchois - 120g","p":1.96,"u":"16,33 €/KG","img":"https://fd16-photos.leclercdrive.fr/image.ashx?id=2296575&use=l&cat=p&typeid=i","cat":284458},{"id":25860,"n":"Pain au chocolat La Boulangère Pur beurre - x8 - 400g","p":2.82,"u":"7,05 €/KG","img":"https://fd16-photos.leclercdrive.fr/image.ashx?id=2912182&use=l&cat=p&typeid=i","cat":296366},{"id":25865,"n":"Préparation taboulé Tipiak Menthe citron olive - 350g","p":2.17,"u":"6,20 €/KG","img":"https://fd16-photos.leclercdrive.fr/image.ashx?id=2973862&use=l&cat=p&typeid=i","cat":284429},{"id":25868,"n":"Flocons d'avoine Quaker Oats Classic - 800g","p":2.24,"u":"2,80 €/KG","img":"https://fd16-photos.leclercdrive.fr/image.ashx?id=2344498&use=l&cat=p&typeid=i","cat":309512},{"id":25879,"n":"Bâtonnets Dentastix Pedigree Petit chien x28 - 440g","p":5.56,"u":"12,64 €/KG","img":"https://fd16-photos.leclercdrive.fr/image.ashx?id=2877106&use=l&cat=p&typeid=i","cat":294527},{"id":25884,"n":"Carrés chocolat Côte d'Or Chocolat lait Noisettes -10x20g","p":4.45,"u":"22,25 €/KG","img":"https://fd16-photos.leclercdrive.fr/image.ashx?id=2826651&use=l&cat=p&typeid=i","cat":284497},{"id":25889,"n":"Mignonnettes Côte d'Or Chocolat au lait - 24x10g","p":5.18,"u":"21,58 €/KG","img":"https://fd16-photos.leclercdrive.fr/image.ashx?id=3002210&use=l&cat=p&typeid=i","cat":284499},{"id":25893,"n":"Tablette chocolat Côte d'Or Chocolat noir - 200g","p":2.74,"u":"13,70 €/KG","img":"https://fd16-photos.leclercdrive.fr/image.ashx?id=2993119&use=l&cat=p&typeid=i","cat":284956},{"id":25898,"n":"Chocolat Nougatti Côte d'Or Nougat/chocolat au lait -270g","p":4.58,"u":"16,96 €/KG","img":"https://fd16-photos.leclercdrive.fr/image.ashx?id=2612388&use=l&cat=p&typeid=i","cat":284498},{"id":25913,"n":"Chocolat noir Côte d'Or Nougat 130g","p":2.96,"u":"22,77 €/KG","img":"https://fd16-photos.leclercdrive.fr/image.ashx?id=2985588&use=l&cat=p&typeid=i","cat":284956},{"id":25914,"n":"Tablette chocolat Côte d'Or Chocolat noir praliné - 200g","p":3.49,"u":"17,45 €/KG","img":"https://fd16-photos.leclercdrive.fr/image.ashx?id=2941943&use=l&cat=p&typeid=i","cat":284956},{"id":25952,"n":"Croq Fromage Le Gaulois x10 - 1kg","p":7.5,"u":"7,50 €/KG","img":"https://fd16-photos.leclercdrive.fr/image.ashx?id=2231738&use=l&cat=p&typeid=i","cat":333683},{"id":26026,"n":"Gel douche Eco+ Amande - 500ml","p":0.65,"u":"1,30 €/L","img":"https://fd16-photos.leclercdrive.fr/image.ashx?id=2979328&use=l&cat=p&typeid=i","cat":284594},{"id":26027,"n":"Gel douche Eco  Senteur vanille - 500ml","p":0.65,"u":"1,30 €/L","img":"https://fd16-photos.leclercdrive.fr/image.ashx?id=2965789&use=l&cat=p&typeid=i","cat":284594},{"id":26030,"n":"Masque Inell Film purifiant x2","p":0.99,"img":"https://fd16-photos.leclercdrive.fr/image.ashx?id=2691625&use=l&cat=p&typeid=i","cat":325346},{"id":26035,"n":"Bain de bouche Dentamyl Fraîcheur menthe - 500ml","p":1.89,"u":"3,78 €/L","img":"https://fd16-photos.leclercdrive.fr/image.ashx?id=2526604&use=l&cat=p&typeid=i","cat":284613},{"id":26040,"n":"Recharge savon mains Manava Gel spécial cuisine - 250ml","p":0.66,"u":"2,64 €/L","img":"https://fd16-photos.leclercdrive.fr/image.ashx?id=2618320&use=l&cat=p&typeid=i","cat":284597},{"id":26042,"n":"Dentifrice Sanogyl Soin global + blancheur 75ml","p":2.93,"u":"39,07 €/L","img":"https://fd16-photos.leclercdrive.fr/image.ashx?id=2792555&use=l&cat=p&typeid=i","cat":284612},{"id":26065,"n":"Saucisson Petit Justin Bridou  Bâton de Berger Nature - 100g","p":2.34,"u":"23,40 €/KG","img":"https://fd16-photos.leclercdrive.fr/image.ashx?id=2851036&use=l&cat=p&typeid=i","cat":316006},{"id":26085,"n":"Dessert végétal Sojasun Café - 4x100g","p":1.71,"u":"4,28 €/KG","img":"https://fd16-photos.leclercdrive.fr/image.ashx?id=2759993&use=l&cat=p&typeid=i","cat":316071},{"id":26111,"n":"5 baies grains Sainte Lucie 250g","p":10.32,"u":"41,28 €/KG","img":"https://fd16-photos.leclercdrive.fr/image.ashx?id=2379703&use=l&cat=p&typeid=i","cat":284457},{"id":26112,"n":"5 baies Sainte Lucie Moulin -  40g","p":3.67,"u":"91,75 €/KG","img":"https://fd16-photos.leclercdrive.fr/image.ashx?id=2774460&use=l&cat=p&typeid=i","cat":284457},{"id":26119,"n":"Extrait naturel Sainte Lucie Vanille blister 20ml","p":4.3,"u":"215,00 €/L","img":"https://fd16-photos.leclercdrive.fr/image.ashx?id=2774963&use=l&cat=p&typeid=i","cat":284504},{"id":26122,"n":"Décor anniversaire Sainte Lucie 1 bougie + 10 chiffres + socle","p":3.64,"img":"https://fd16-photos.leclercdrive.fr/image.ashx?id=2774364&use=l&cat=p&typeid=i","cat":284504},{"id":26123,"n":"Décor rond Sainte Lucie Heureux anniversaire blister x1","p":3.03,"img":"https://fd16-photos.leclercdrive.fr/image.ashx?id=2776124&use=l&cat=p&typeid=i","cat":284504},{"id":26133,"n":"Pistaches vertes Sainte Lucie Emondées Reine de Saba 50g","p":4.88,"u":"97,60 €/KG","img":"https://fd16-photos.leclercdrive.fr/image.ashx?id=2118764&use=l&cat=p&typeid=i","cat":284448},{"id":26137,"n":"Piment d'Espelette AOP Sainte Lucie - 50g","p":10.05,"u":"201,00 €/KG","img":"https://fd16-photos.leclercdrive.fr/image.ashx?id=2974342&use=l&cat=p&typeid=i","cat":298297},{"id":26139,"n":"Poivre noir moulu Sainte Lucie Etui 100g","p":3.76,"u":"37,60 €/KG","img":"https://fd16-photos.leclercdrive.fr/image.ashx?id=1948248&use=l&cat=p&typeid=i","cat":284457},{"id":26141,"n":"Poivre noir grains Sainte Lucie 245g","p":9.06,"u":"36,98 €/KG","img":"https://fd16-photos.leclercdrive.fr/image.ashx?id=2379706&use=l&cat=p&typeid=i","cat":284457},{"id":26150,"n":"Spéculoos Sainte Lucie Concassés 125g","p":2.11,"u":"16,88 €/KG","img":"https://fd16-photos.leclercdrive.fr/image.ashx?id=2144092&use=l&cat=p&typeid=i","cat":284504},{"id":26151,"n":"Sucre Eco+  En poudre - 1kg","p":0.95,"u":"0,95 €/KG","img":"https://fd16-photos.leclercdrive.fr/image.ashx?id=2675679&use=l&cat=p&typeid=i","cat":284502},{"id":26152,"n":"Salade Mexicaine Eco+ Au thon - 280g","p":1.12,"u":"4,00 €/KG","img":"https://fd16-photos.leclercdrive.fr/image.ashx?id=2884201&use=l&cat=p&typeid=i","cat":284437},{"id":26153,"n":"Salade Americaine Eco+ Au thon - 280g","p":1.12,"u":"4,00 €/KG","img":"https://fd16-photos.leclercdrive.fr/image.ashx?id=2873649&use=l&cat=p&typeid=i","cat":284437},{"id":26154,"n":"Salade Niçoise Eco+ Au thon - 280g","p":1.12,"u":"4,00 €/KG","img":"https://fd16-photos.leclercdrive.fr/image.ashx?id=2896012&use=l&cat=p&typeid=i","cat":284437},{"id":26183,"n":"Adoucissant Hyperdou Rêve de fraîcheur - 3x250ml","p":1.23,"u":"1,64 €/L","img":"https://fd16-photos.leclercdrive.fr/image.ashx?id=2643318&use=l&cat=p&typeid=i","cat":284650},{"id":26184,"n":"Adoucissant Hyperdou Senteur de provence - 3x250ml","p":1.2,"u":"1,60 €/L","img":"https://fd16-photos.leclercdrive.fr/image.ashx?id=2675685&use=l&cat=p&typeid=i","cat":284650},{"id":26193,"n":"Edulcorant Canderel sticks x120 - 120g","p":2.59,"u":"21,58 €/KG","img":"https://fd16-photos.leclercdrive.fr/image.ashx?id=2811011&use=l&cat=p&typeid=i","cat":324846},{"id":26220,"n":"Sucre Eco+ Cristal  - 5kg","p":5.02,"u":"1,00 €/KG","img":"https://fd16-photos.leclercdrive.fr/image.ashx?id=3010413&use=l&cat=p&typeid=i","cat":284502},{"id":26271,"n":"Rôti de porc Tradilège 6 tranches VPF 180g","p":2.38,"u":"13,22 €/KG","img":"https://fd16-photos.leclercdrive.fr/image.ashx?id=2675786&use=l&cat=p&typeid=i","cat":316009},{"id":26289,"n":"Sauce froide Suzi Wan Aigre douce 330g","p":2.07,"u":"6,27 €/KG","img":"https://fd16-photos.leclercdrive.fr/image.ashx?id=2990886&use=l&cat=p&typeid=i","cat":288992},{"id":26298,"n":"Torsades Lustucru 3min - 500g","p":1.35,"u":"2,70 €/KG","img":"https://fd16-photos.leclercdrive.fr/image.ashx?id=2276099&use=l&cat=p&typeid=i","cat":284427},{"id":26303,"n":"Céréales Corn Flakes Eco+ sucrés - 750g","p":2.13,"u":"2,84 €/KG","img":"https://fd16-photos.leclercdrive.fr/image.ashx?id=2699099&use=l&cat=p&typeid=i","cat":309513},{"id":26307,"n":"Boisson énergisante Red Bull 473ml","p":2.07,"u":"4,38 €/L","img":"https://fd16-photos.leclercdrive.fr/image.ashx?id=3011986&use=l&cat=p&typeid=i","cat":284533},{"id":26309,"n":"Boîte chat Whiskas  Gelée mer & campagne - 8x400g","p":9.24,"u":"2,96 €/KG","img":"https://fd16-photos.leclercdrive.fr/image.ashx?id=2759628&use=l&cat=p&typeid=i","cat":285601},{"id":26310,"n":"Cornichons Kühne Aigre doux - 360g","p":2.29,"u":"6,36 €/KG","img":"https://fd16-photos.leclercdrive.fr/image.ashx?id=2550925&use=l&cat=p&typeid=i","cat":284458},{"id":26316,"n":"Mini-crêpes fourrées Tokapi Bacon - 65g","p":1.9,"u":"29,23 €/KG","img":"https://fd16-photos.leclercdrive.fr/image.ashx?id=2853886&use=l&cat=p&typeid=i","cat":297000},{"id":26324,"n":"Noisette Sainte Lucie Méditerranée décortiquée 125g","p":4.4,"u":"35,20 €/KG","img":"https://fd16-photos.leclercdrive.fr/image.ashx?id=2776112&use=l&cat=p&typeid=i","cat":284448},{"id":26325,"n":"Noisettes Sainte Lucie En poudre 125g","p":4.12,"u":"32,96 €/KG","img":"https://fd16-photos.leclercdrive.fr/image.ashx?id=2122046&use=l&cat=p&typeid=i","cat":284504},{"id":26326,"n":"Arôme naturel café Sainte Lucie 20ml","p":1.5,"u":"75,00 €/L","img":"https://fd16-photos.leclercdrive.fr/image.ashx?id=2414118&use=l&cat=p&typeid=i","cat":284504},{"id":26328,"n":"Arôme amande amère Sainte Lucie Blister - 20ml","p":1.34,"u":"67,00 €/L","img":"https://fd16-photos.leclercdrive.fr/image.ashx?id=2774313&use=l&cat=p&typeid=i","cat":284504},{"id":26329,"n":"Arôme Sainte Lucie Fleur d'oranger flacon 250ml","p":1.73,"u":"6,92 €/L","img":"https://fd16-photos.leclercdrive.fr/image.ashx?id=2774316&use=l&cat=p&typeid=i","cat":284504},{"id":26330,"n":"Amandes California Sainte Lucie Blanches effilées sachet 125g","p":2.9,"u":"23,20 €/KG","img":"https://fd16-photos.leclercdrive.fr/image.ashx?id=2776109&use=l&cat=p&typeid=i","cat":284504},{"id":26332,"n":"Gélifiant naturel Sainte Lucie Végétal Agar Agar 4 sachets x2g","p":2.56,"u":"128,00 €/KG","img":"https://fd16-photos.leclercdrive.fr/image.ashx?id=2774325&use=l&cat=p&typeid=i","cat":284504},{"id":26335,"n":"Bougies anniversaire Ste Lucie Plusieurs coloris blister x20","p":2.54,"img":"https://fd16-photos.leclercdrive.fr/image.ashx?id=2774361&use=l&cat=p&typeid=i","cat":284504},{"id":26339,"n":"Cumin moulu Sainte Lucie 40g","p":2.19,"u":"54,75 €/KG","img":"https://fd16-photos.leclercdrive.fr/image.ashx?id=2974315&use=l&cat=p&typeid=i","cat":298297},{"id":26343,"n":"Piment doux Sainte Lucie Moulus - 50g","p":2.02,"u":"40,40 €/KG","img":"https://fd16-photos.leclercdrive.fr/image.ashx?id=2774388&use=l&cat=p&typeid=i","cat":298297},{"id":26344,"n":"Noix de muscade Sainte Lucie Entières flacon 18g","p":2.79,"u":"155,00 €/KG","img":"https://fd16-photos.leclercdrive.fr/image.ashx?id=2182915&use=l&cat=p&typeid=i","cat":298297},{"id":26348,"n":"Piments de cayenne Sainte Lucie Moulu - 40g","p":1.99,"u":"49,75 €/KG","img":"https://fd16-photos.leclercdrive.fr/image.ashx?id=2774400&use=l&cat=p&typeid=i","cat":298297},{"id":26350,"n":"Persil feuilles Sainte Lucie Coupées - 20g","p":1.79,"u":"89,50 €/KG","img":"https://fd16-photos.leclercdrive.fr/image.ashx?id=2968157&use=l&cat=p&typeid=i","cat":298297},{"id":26362,"n":"Ail semoule Sainte Lucie 60g","p":2.51,"u":"41,83 €/KG","img":"https://fd16-photos.leclercdrive.fr/image.ashx?id=1892852&use=l&cat=p&typeid=i","cat":298297},{"id":26363,"n":"5 baies Sainte Lucie Flacon - 45g","p":2.96,"u":"65,78 €/KG","img":"https://fd16-photos.leclercdrive.fr/image.ashx?id=2974324&use=l&cat=p&typeid=i","cat":284457},{"id":26364,"n":"Ail semoule Sainte Lucie Pot 320g","p":7.98,"u":"24,94 €/KG","img":"https://fd16-photos.leclercdrive.fr/image.ashx?id=2551096&use=l&cat=p&typeid=i","cat":298297},{"id":26366,"n":"Caramel liquide Sainte Lucie Nature flacon 250ml","p":2.78,"u":"11,12 €/L","img":"https://fd16-photos.leclercdrive.fr/image.ashx?id=2776106&use=l&cat=p&typeid=i","cat":284504},{"id":26369,"n":"Demi feuilles de gélatine  Sainte Lucie","p":1.34,"img":"https://fd16-photos.leclercdrive.fr/image.ashx?id=2859024&use=l&cat=p&typeid=i","cat":284504},{"id":26370,"n":"Fruits confits Sainte Lucie 4 fruits - 150g","p":2.87,"u":"19,13 €/KG","img":"https://fd16-photos.leclercdrive.fr/image.ashx?id=2176755&use=l&cat=p&typeid=i","cat":304256},{"id":26372,"n":"Noix de coco Sainte Lucie Des Tropiques râpée sachet 125g","p":2.13,"u":"17,04 €/KG","img":"https://fd16-photos.leclercdrive.fr/image.ashx?id=2776115&use=l&cat=p&typeid=i","cat":284504},{"id":26375,"n":"Pâte d'amandes Sainte Lucie Tricolore pain - 200g","p":2.43,"u":"12,15 €/KG","img":"https://fd16-photos.leclercdrive.fr/image.ashx?id=2774352&use=l&cat=p&typeid=i","cat":284504},{"id":26378,"n":"Curcuma moulu Sainte Lucie 55g","p":2.04,"u":"37,09 €/KG","img":"https://fd16-photos.leclercdrive.fr/image.ashx?id=2774391&use=l&cat=p&typeid=i","cat":298297},{"id":26379,"n":"Echalote semoule Sainte Lucie 40g","p":1.84,"u":"46,00 €/KG","img":"https://fd16-photos.leclercdrive.fr/image.ashx?id=2974318&use=l&cat=p&typeid=i","cat":298297},{"id":26381,"n":"Vermicelles Multicolores Sainte Lucie - 65g","p":2.46,"u":"37,85 €/KG","img":"https://fd16-photos.leclercdrive.fr/image.ashx?id=2774340&use=l&cat=p&typeid=i","cat":284504},{"id":26385,"n":"Aneth feuilles Sainte Lucie 15g","p":1.43,"u":"95,33 €/KG","img":"https://fd16-photos.leclercdrive.fr/image.ashx?id=2774382&use=l&cat=p&typeid=i","cat":298297},{"id":26386,"n":"Basilic feuilles Sainte Lucie Coupées - 15g","p":1.25,"u":"83,33 €/KG","img":"https://fd16-photos.leclercdrive.fr/image.ashx?id=2774376&use=l&cat=p&typeid=i","cat":298297},{"id":26390,"n":"Poivre noir grains Sainte Lucie Saveurs préservées flacon 50g","p":2.79,"u":"55,80 €/KG","img":"https://fd16-photos.leclercdrive.fr/image.ashx?id=2974327&use=l&cat=p&typeid=i","cat":284457},{"id":26391,"n":"Poivre noir moulu Sainte Lucie Saveurs préservées - 50g","p":2.05,"u":"41,00 €/KG","img":"https://fd16-photos.leclercdrive.fr/image.ashx?id=2974330&use=l&cat=p&typeid=i","cat":284457},{"id":26392,"n":"Poivre gris moulu Sainte Lucie Flacon 50g","p":2.57,"u":"51,40 €/KG","img":"https://fd16-photos.leclercdrive.fr/image.ashx?id=2176776&use=l&cat=p&typeid=i","cat":284457},{"id":26394,"n":"Poivre noir grains Sainte Lucie Etui - 100g","p":4.01,"u":"40,10 €/KG","img":"https://fd16-photos.leclercdrive.fr/image.ashx?id=2774442&use=l&cat=p&typeid=i","cat":284457},{"id":26395,"n":"Sucre vanillé Sainte Lucie Bourbon 5 sachets - 38g","p":1.5,"u":"39,47 €/KG","img":"https://fd16-photos.leclercdrive.fr/image.ashx?id=2774286&use=l&cat=p&typeid=i","cat":284504},{"id":26403,"n":"Safran poudre Sainte Lucie 3 doses 0.1g- flacon 0.30g","p":4.39,"u":"146,33 €/KG","img":"https://fd16-photos.leclercdrive.fr/image.ashx?id=2182918&use=l&cat=p&typeid=i","cat":298297},{"id":26407,"n":"Raisins secs bruns Sainte Lucie De Smyrne - 125g","p":1.99,"u":"15,92 €/KG","img":"https://fd16-photos.leclercdrive.fr/image.ashx?id=2774337&use=l&cat=p&typeid=i","cat":323809},{"id":26408,"n":"Raisins blonds Sainte Lucie Sultanine - 125g","p":2.22,"u":"17,76 €/KG","img":"https://fd16-photos.leclercdrive.fr/image.ashx?id=2142638&use=l&cat=p&typeid=i","cat":284357},{"id":26443,"n":"Liqueur Litchi Yen Li 15%vol. - 70cl","p":7.23,"u":"10,33 €/L","img":"https://fd16-photos.leclercdrive.fr/image.ashx?id=2710789&use=l&cat=p&typeid=i","cat":286032},{"id":26447,"n":"Pralin doré haché Sainte Lucie Sachet 75g","p":1.7,"u":"22,67 €/KG","img":"https://fd16-photos.leclercdrive.fr/image.ashx?id=2774355&use=l&cat=p&typeid=i","cat":284504},{"id":26449,"n":"Vin mousseux supérieur Opéra Brut 11%vol 75cl","p":3.09,"u":"4,12 €/L","img":"https://fd16-photos.leclercdrive.fr/image.ashx?id=2971999&use=l&cat=p&typeid=i","cat":284544},{"id":26457,"n":"Bière blonde Abbaye Alveringem 6.2%vol. - 6x25cl","p":3.4,"u":"2,27 €/L","img":"https://fd16-photos.leclercdrive.fr/image.ashx?id=2637892&use=l&cat=p&typeid=i","cat":334852},{"id":26458,"n":"Armagnac Duc de Borzac VSOP - 40%vol. - 70cl","p":27.12,"u":"38,74 €/L","img":"https://fd16-photos.leclercdrive.fr/image.ashx?id=1648332&use=l&cat=p&typeid=i","cat":286032},{"id":26512,"n":"Fromage blanc Délisse Fraise 5.5%MG - 500g","p":2.55,"u":"5,10 €/KG","img":"https://fd16-photos.leclercdrive.fr/image.ashx?id=3009514&use=l&cat=p&typeid=i","cat":284409},{"id":26562,"n":"Lait sans lactose Délisse UHT Bouteille -  6x1L","p":7.5,"u":"1,25 €/L","img":"https://fd16-photos.leclercdrive.fr/image.ashx?id=2366292&use=l&cat=p&typeid=i","cat":317169},{"id":26649,"n":"Cacahuètes Benenuts-Twinuts Nature Sel - 150g","p":1.1,"u":"7,33 €/KG","img":"https://fd16-photos.leclercdrive.fr/image.ashx?id=2967735&use=l&cat=p&typeid=i","cat":284448},{"id":26652,"n":"Farine blé fluide Coeur de blé 1kg","p":1.07,"u":"1,07 €/KG","img":"https://fd16-photos.leclercdrive.fr/image.ashx?id=2335754&use=l&cat=p&typeid=i","cat":284503},{"id":26663,"n":"Farine de sarrasin Treblec 1kg","p":3.25,"u":"3,25 €/KG","img":"https://fd16-photos.leclercdrive.fr/image.ashx?id=2734843&use=l&cat=p&typeid=i","cat":284503},{"id":26687,"n":"Escargots praliné/lait Jacquot x24 300g","p":5.0,"u":"16,67 €/KG","img":"https://fd16-photos.leclercdrive.fr/image.ashx?id=2303279&use=l&cat=p&typeid=i","cat":327595},{"id":26708,"n":"Cacahuètes Benenuts-Twinuts Bacon Grillé - 150g","p":1.08,"u":"7,20 €/KG","img":"https://fd16-photos.leclercdrive.fr/image.ashx?id=2967738&use=l&cat=p&typeid=i","cat":284448},{"id":26720,"n":"Lentilles Préparées Cassegrain Tendres et Fondantes 130g","p":1.09,"u":"8,38 €/KG","img":"https://fd16-photos.leclercdrive.fr/image.ashx?id=2912992&use=l&cat=p&typeid=i","cat":312609},{"id":26722,"n":"Ratatouille Cuisinée Cassegrain à la Provençale 660g","p":3.66,"u":"5,55 €/KG","img":"https://fd16-photos.leclercdrive.fr/image.ashx?id=2902660&use=l&cat=p&typeid=i","cat":312612},{"id":26725,"n":"Infusion camomille Tiséa 25 sachets - 37,5g","p":0.92,"u":"0,25 €/KG","img":"https://fd16-photos.leclercdrive.fr/image.ashx?id=2441288&use=l&cat=p&typeid=i","cat":293234},{"id":26765,"n":"Mayonnaise Rustica A la moutarde de Dijon - 470g","p":1.6,"u":"3,40 €/KG","img":"https://fd16-photos.leclercdrive.fr/image.ashx?id=2954361&use=l&cat=p&typeid=i","cat":298295},{"id":26797,"n":"Compote Douceur du Verger Coupelle pomme fraise - 4x100g","p":1.15,"u":"2,88 €/KG","img":"https://fd16-photos.leclercdrive.fr/image.ashx?id=2663503&use=l&cat=p&typeid=i","cat":284508},{"id":26801,"n":"Langue de boeuf Hénaff Sauce Madère 410g","p":6.09,"u":"14,85 €/KG","img":"https://fd16-photos.leclercdrive.fr/image.ashx?id=2334359&use=l&cat=p&typeid=i","cat":284441},{"id":26813,"n":"Vin mousseux Opéra Supérieur demi-sec 11%vol 75cl","p":3.14,"u":"4,19 €/L","img":"https://fd16-photos.leclercdrive.fr/image.ashx?id=2911378&use=l&cat=p&typeid=i","cat":284544},{"id":26818,"n":"Boisson base vin rosée Very Pamp Pamplemousse - 75cl","p":2.99,"u":"3,99 €/L","img":"https://fd16-photos.leclercdrive.fr/image.ashx?id=2446629&use=l&cat=p&typeid=i","cat":304569},{"id":26819,"n":"Boisson aromatisée Vin rosé Pamplemousse 7.5%,vol BIB 3L","p":9.5,"u":"3,17 €/L","img":"https://fd16-photos.leclercdrive.fr/image.ashx?id=2470024&use=l&cat=p&typeid=i","cat":304569},{"id":26840,"n":"Spray Détachant Vanish  Avant-lavage - 750ml","p":4.29,"u":"5,72 €/L","img":"https://fd16-photos.leclercdrive.fr/image.ashx?id=2963913&use=l&cat=p&typeid=i","cat":284651},{"id":26877,"n":"Crackers Mini pizza Tokapi 85g","p":0.69,"u":"8,12 €/KG","img":"https://fd16-photos.leclercdrive.fr/image.ashx?id=2351232&use=l&cat=p&typeid=i","cat":297000},{"id":26988,"n":"Courgette Eco+ 1kg","p":2.49,"u":"2,49 €/KG","img":"https://fd16-photos.leclercdrive.fr/image.ashx?id=2625692&use=l&cat=p&typeid=i","cat":284352},{"id":26998,"n":"Sachet repas chats Gourmet Les filettines en sauce -12x85g","p":5.51,"u":"5,40 €/KG","img":"https://fd16-photos.leclercdrive.fr/image.ashx?id=2902277&use=l&cat=p&typeid=i","cat":285286},{"id":27091,"n":"Mayonnaise Rustica A la moutarde de Dijon - 235g","p":1.14,"u":"4,85 €/KG","img":"https://fd16-photos.leclercdrive.fr/image.ashx?id=2954358&use=l&cat=p&typeid=i","cat":298295},{"id":27096,"n":"Mayonnaise allégée Rustica 450g","p":1.13,"u":"2,51 €/KG","img":"https://fd16-photos.leclercdrive.fr/image.ashx?id=3005682&use=l&cat=p&typeid=i","cat":298295},{"id":27098,"n":"Café moulu Plantation Brésil - 250g","p":3.71,"u":"14,84 €/KG","img":"https://fd16-photos.leclercdrive.fr/image.ashx?id=2607512&use=l&cat=p&typeid=i","cat":284750},{"id":27105,"n":"Corned Beef Hereford 7 Oz  - 200g","p":2.26,"u":"11,30 €/KG","img":"https://fd16-photos.leclercdrive.fr/image.ashx?id=2896943&use=l&cat=p&typeid=i","cat":305149},{"id":27106,"n":"Couches bébé Mots d'Enfants Mini - T2 : 3/6kg - x35 changes","p":5.18,"u":"0,15 €/P","img":"https://fd16-photos.leclercdrive.fr/image.ashx?id=2904568&use=l&cat=p&typeid=i","cat":284737},{"id":27114,"n":"Lait céréales Blédidej 12 mois Chocolat - 4x250ml","p":3.78,"u":"3,78 €/L","img":"https://fd16-photos.leclercdrive.fr/image.ashx?id=2921058&use=l&cat=p&typeid=i","cat":312226},{"id":27123,"n":"Petit sucre Beghin Say Morceaux boite - 1kg","p":2.61,"u":"2,61 €/KG","img":"https://fd16-photos.leclercdrive.fr/image.ashx?id=2855100&use=l&cat=p&typeid=i","cat":284502},{"id":27126,"n":"Sucre Beghin Say Saveur vergeoise brune - 500g","p":1.72,"u":"3,44 €/KG","img":"https://fd16-photos.leclercdrive.fr/image.ashx?id=2860178&use=l&cat=p&typeid=i","cat":284502},{"id":27129,"n":"Papillotes Préparation Maggi Poulet ail et oignons - 36g","p":0.71,"u":"19,72 €/KG","img":"https://fd16-photos.leclercdrive.fr/image.ashx?id=2965295&use=l&cat=p&typeid=i","cat":288380},{"id":27137,"n":"Friandises Picnic Fido Festival 3 variétés  x15  -126g","p":1.57,"u":"12,46 €/KG","img":"https://fd16-photos.leclercdrive.fr/image.ashx?id=2382595&use=l&cat=p&typeid=i","cat":294527},{"id":27141,"n":"Bière blonde Saint Omer 4%vol. - 1L","p":1.74,"u":"1,74 €/L","img":"https://fd16-photos.leclercdrive.fr/image.ashx?id=2939334&use=l&cat=p&typeid=i","cat":334873},{"id":27149,"n":"Bonbons Croibleu Sève de pin - 250g","p":2.17,"u":"8,68 €/KG","img":"https://fd16-photos.leclercdrive.fr/image.ashx?id=1640045&use=l&cat=p&typeid=i","cat":304252},{"id":27152,"n":"Graisse à frire de boeuf Sans odeur - 1kg","p":3.95,"u":"3,95 €/KG","img":"https://fd16-photos.leclercdrive.fr/image.ashx?id=1753526&use=l&cat=p&typeid=i","cat":284453},{"id":27153,"n":"Gaufres lait fourrées Rita Goût vergeoise barquette 300g","p":1.53,"u":"5,10 €/KG","img":"https://fd16-photos.leclercdrive.fr/image.ashx?id=1560787&use=l&cat=p&typeid=i","cat":294777},{"id":27158,"n":"Mini Barre Chocolat Lait KitKat x21 barres - 350g","p":4.51,"u":"12,89 €/KG","img":"https://fd16-photos.leclercdrive.fr/image.ashx?id=2762611&use=l&cat=p&typeid=i","cat":284498},{"id":27178,"n":"Friandises Fun Tastix Fido Jambon fromage - 150g","p":1.59,"u":"10,60 €/KG","img":"https://fd16-photos.leclercdrive.fr/image.ashx?id=2681212&use=l&cat=p&typeid=i","cat":294527},{"id":27186,"n":"Bière blonde Leffe Triple 8,5% - 75cl","p":3.24,"u":"4,32 €/L","img":"https://fd16-photos.leclercdrive.fr/image.ashx?id=1890049&use=l&cat=p&typeid=i","cat":334852},{"id":27207,"n":"Eau minérale naturelle St Amand Gazeuse - 6x1L","p":2.65,"u":"0,44 €/L","img":"https://fd16-photos.leclercdrive.fr/image.ashx?id=2549606&use=l&cat=p&typeid=i","cat":284536},{"id":27213,"n":"Pain boulot coupé  500g","p":1.1,"u":"2,20 €/KG","img":"https://fd16-photos.leclercdrive.fr/image.ashx?id=612526&use=l&cat=p&typeid=i","cat":284359},{"id":27372,"n":"Adoucissant Hyperdou Douceur pêche - 3x250ml","p":1.24,"u":"1,65 €/L","img":"https://fd16-photos.leclercdrive.fr/image.ashx?id=2657208&use=l&cat=p&typeid=i","cat":284650},{"id":27382,"n":"Nuggets Isla Délice Halal - 400g","p":3.28,"u":"8,20 €/KG","img":"https://fd16-photos.leclercdrive.fr/image.ashx?id=2256104&use=l&cat=p&typeid=i","cat":319780},{"id":27434,"n":"Coupelles Pêches DDV Sirop léger - 4x70 g","p":2.49,"u":"8,89 €/KG","img":"https://fd16-photos.leclercdrive.fr/image.ashx?id=2100784&use=l&cat=p&typeid=i","cat":284507},{"id":27454,"n":"Maïs Notre Jardin Croquant - 3x140g","p":1.83,"u":"4,36 €/KG","img":"https://fd16-photos.leclercdrive.fr/image.ashx?id=2988051&use=l&cat=p&typeid=i","cat":312611},{"id":27531,"n":"Assortiment exotique Tables du Monde 470g","p":4.79,"u":"10,19 €/KG","img":"https://fd16-photos.leclercdrive.fr/image.ashx?id=2657954&use=l&cat=p&typeid=i","cat":333673},{"id":27563,"n":"Blocs WC 3en1 Syphon Javel + Eau bleue - x2","p":1.5,"u":"0,75 €/P","img":"https://fd16-photos.leclercdrive.fr/image.ashx?id=2637643&use=l&cat=p&typeid=i","cat":284662},{"id":27564,"n":"Blé précuit Comptoir du Grain Sachet cuisson - x4 - 500g","p":1.7,"u":"3,40 €/KG","img":"https://fd16-photos.leclercdrive.fr/image.ashx?id=2515494&use=l&cat=p&typeid=i","cat":284429},{"id":27566,"n":"Ruban adhésif d'emballage Siléa Largeur 50mm x 66 mètres","p":2.84,"img":"https://fd16-photos.leclercdrive.fr/image.ashx?id=2162345&use=l&cat=p&typeid=i","cat":300576},{"id":27567,"n":"Ruban adhésif double face Siléa Largeur 50mm x 25 mètres","p":6.5,"img":"https://fd16-photos.leclercdrive.fr/image.ashx?id=2162351&use=l&cat=p&typeid=i","cat":300576},{"id":27576,"n":"Barres céréales Special K Kellogg's Fruits rouges 6x21,5g","p":2.07,"u":"16,05 €/KG","img":"https://fd16-photos.leclercdrive.fr/image.ashx?id=3003176&use=l&cat=p&typeid=i","cat":285869},{"id":27709,"n":"Dentifrice Dentamyl Soin complet sensitive 75ml","p":0.92,"u":"12,27 €/L","img":"https://fd16-photos.leclercdrive.fr/image.ashx?id=2489119&use=l&cat=p&typeid=i","cat":284612},{"id":27836,"n":"Pizza Crousti-moelleuse Marie Poulet kebab - 530g","p":4.03,"u":"7,60 €/KG","img":"https://fd16-photos.leclercdrive.fr/image.ashx?id=2996752&use=l&cat=p&typeid=i","cat":284256},{"id":27941,"n":"Cotons Duo Démaquillants Inell Disques x110","p":0.97,"img":"https://fd16-photos.leclercdrive.fr/image.ashx?id=1709588&use=l&cat=p&typeid=i","cat":285593},{"id":27961,"n":"Poulet basquaise Marie Riz à la tomate - 900g","p":4.88,"u":"5,42 €/KG","img":"https://fd16-photos.leclercdrive.fr/image.ashx?id=2996779&use=l&cat=p&typeid=i","cat":284254},{"id":27976,"n":"Eau minérale naturelle Vittel 8x33cl","p":2.61,"u":"0,99 €/L","img":"https://fd16-photos.leclercdrive.fr/image.ashx?id=3000423&use=l&cat=p&typeid=i","cat":284535},{"id":27977,"n":"Eau minérale naturelle Vittel 6x50cl","p":2.43,"u":"0,81 €/L","img":"https://fd16-photos.leclercdrive.fr/image.ashx?id=2999850&use=l&cat=p&typeid=i","cat":284535},{"id":28021,"n":"Dentifrice enfant Dentamyl Gel fraise - 75ml","p":1.25,"u":"16,67 €/L","img":"https://fd16-photos.leclercdrive.fr/image.ashx?id=2613831&use=l&cat=p&typeid=i","cat":288898},{"id":28083,"n":"Maïs Notre Jardin Tendre  - 2x300g","p":1.88,"u":"3,13 €/KG","img":"https://fd16-photos.leclercdrive.fr/image.ashx?id=3005661&use=l&cat=p&typeid=i","cat":312611},{"id":28104,"n":"IGP Pays d'Oc Merlot vin rosé Vieux Carion 12.5% vol -75 cl","p":2.25,"u":"3,00 €/L","img":"https://fd16-photos.leclercdrive.fr/image.ashx?id=2903962&use=l&cat=p&typeid=i","cat":289558},{"id":28203,"n":"Fromage : Le Carré Les Croisés 23%mg - 230g","p":1.92,"u":"8,35 €/KG","img":"https://fd16-photos.leclercdrive.fr/image.ashx?id=2974801&use=l&cat=p&typeid=i","cat":314033},{"id":28209,"n":"Noix de cajou grillées Tokapi Salées - 125g","p":1.48,"u":"11,84 €/KG","img":"https://fd16-photos.leclercdrive.fr/image.ashx?id=2968625&use=l&cat=p&typeid=i","cat":284448},{"id":28226,"n":"Cotons Duo Démaquillants Inell Duo ovale - Disques x70","p":1.56,"img":"https://fd16-photos.leclercdrive.fr/image.ashx?id=1709940&use=l&cat=p&typeid=i","cat":285593},{"id":28269,"n":"Sacs congélation Eco+ Moyen modèle - x75","p":1.71,"u":"0,02 €/P","img":"https://fd16-photos.leclercdrive.fr/image.ashx?id=2558748&use=l&cat=p&typeid=i","cat":334134},{"id":28278,"n":"Oranges à jus Panier du Primeur Filet 2kg","p":3.39,"u":"1,70 €/KG","img":"https://fd16-photos.leclercdrive.fr/image.ashx?id=2414570&use=l&cat=p&typeid=i","cat":284356},{"id":28308,"n":"Paëlla Royale Côté Table Poulet, moule et chorizo 940g","p":3.69,"u":"3,93 €/KG","img":"https://fd16-photos.leclercdrive.fr/image.ashx?id=2977873&use=l&cat=p&typeid=i","cat":325094},{"id":28311,"n":"Liqueur Grand Marnier Orange & Cognac - 40%vol - 70cl","p":20.5,"u":"29,29 €/L","img":"https://fd16-photos.leclercdrive.fr/image.ashx?id=3007909&use=l&cat=p&typeid=i","cat":286032},{"id":28344,"n":"Olives vertes La Ciota Farcies poivrons - 120g","p":1.81,"u":"15,08 €/KG","img":"https://fd16-photos.leclercdrive.fr/image.ashx?id=2296584&use=l&cat=p&typeid=i","cat":284458},{"id":28353,"n":"AOP Reblochon de Savoie Pochat 45%mg - 450g","p":6.95,"u":"15,44 €/KG","img":"https://fd16-photos.leclercdrive.fr/image.ashx?id=2102761&use=l&cat=p&typeid=i","cat":314037},{"id":28368,"n":"Tablette de chocolat Equador Noir fleur de sel 100g","p":1.42,"u":"14,20 €/KG","img":"https://fd16-photos.leclercdrive.fr/image.ashx?id=2660565&use=l&cat=p&typeid=i","cat":284956},{"id":28385,"n":"Ammoniaque Alcali 1L","p":2.25,"u":"2,25 €/L","img":"https://fd16-photos.leclercdrive.fr/image.ashx?id=2277002&use=l&cat=p&typeid=i","cat":284907},{"id":28415,"n":"Colin d'Alaska Pêche Océan À la moutarde - MSC - 400g","p":2.99,"u":"7,48 €/KG","img":"https://fd16-photos.leclercdrive.fr/image.ashx?id=2930117&use=l&cat=p&typeid=i","cat":319786},{"id":28422,"n":"Choucroute d'Alsace NRT 920g","p":6.87,"u":"7,47 €/KG","img":"https://fd16-photos.leclercdrive.fr/image.ashx?id=2723243&use=l&cat=p&typeid=i","cat":333666},{"id":28423,"n":"Choucroute d'Alsace NRT 370g","p":3.04,"u":"8,22 €/KG","img":"https://fd16-photos.leclercdrive.fr/image.ashx?id=2723246&use=l&cat=p&typeid=i","cat":333665},{"id":28432,"n":"Jus d'ananas Eco + Brique 1L","p":1.57,"u":"1,57 €/L","img":"https://fd16-photos.leclercdrive.fr/image.ashx?id=2802263&use=l&cat=p&typeid=i","cat":284916},{"id":28562,"n":"Oranges à déguster Panier du Primeur Filet 2kg","p":3.19,"u":"1,60 €/KG","img":"https://fd16-photos.leclercdrive.fr/image.ashx?id=2414567&use=l&cat=p&typeid=i","cat":284356},{"id":28594,"n":"Soupe instantanée Royco  Crème d'asperges - 4x200ml","p":1.63,"u":"2,04 €/L","img":"https://fd16-photos.leclercdrive.fr/image.ashx?id=2650982&use=l&cat=p&typeid=i","cat":293527},{"id":28596,"n":"Soupe instantanée Royco  Crème de volaille - 4x200ml","p":1.86,"u":"2,33 €/L","img":"https://fd16-photos.leclercdrive.fr/image.ashx?id=2376413&use=l&cat=p&typeid=i","cat":293527},{"id":28613,"n":"Nectar multifruits  1L","p":0.98,"u":"0,98 €/L","img":"https://fd16-photos.leclercdrive.fr/image.ashx?id=2869263&use=l&cat=p&typeid=i","cat":284917},{"id":28713,"n":"Tablettes anti-calcaire Calgon 4 en 1 x17 - 221g","p":4.17,"u":"18,87 €/KG","img":"https://fd16-photos.leclercdrive.fr/image.ashx?id=2953761&use=l&cat=p&typeid=i","cat":284653},{"id":28723,"n":"Bonbons Confiséo Caramel enrobés chocolat 280g","p":2.01,"u":"7,18 €/KG","img":"https://fd16-photos.leclercdrive.fr/image.ashx?id=2934688&use=l&cat=p&typeid=i","cat":304250},{"id":28724,"n":"Nettoyant écologique Uni Vert Spécial Vitres - 750ml","p":1.79,"u":"2,39 €/L","img":"https://fd16-photos.leclercdrive.fr/image.ashx?id=2370993&use=l&cat=p&typeid=i","cat":325363},{"id":28725,"n":"Nettoyant écologique Uni Vert Spécial Vitres - 750ml","p":1.47,"u":"1,96 €/L","img":"https://fd16-photos.leclercdrive.fr/image.ashx?id=2372341&use=l&cat=p&typeid=i","cat":325363},{"id":28727,"n":"Tablettes anti-calcaire Calgon  4 en 1 - x48","p":9.8,"u":"15,71 €/KG","img":"https://fd16-photos.leclercdrive.fr/image.ashx?id=2954881&use=l&cat=p&typeid=i","cat":284653},{"id":28730,"n":"Bain moussant Manava Vanille et ambre 500ml","p":2.14,"u":"4,28 €/L","img":"https://fd16-photos.leclercdrive.fr/image.ashx?id=2618326&use=l&cat=p&typeid=i","cat":284594},{"id":28753,"n":"Café Soluble Nescafé Cappuccino Café Viennois - 306g","p":4.45,"u":"14,54 €/KG","img":"https://fd16-photos.leclercdrive.fr/image.ashx?id=2874087&use=l&cat=p&typeid=i","cat":284843},{"id":28803,"n":"After Eight Chocolat Noël Nuit de Londres - 400g","p":7.83,"u":"19,58 €/KG","img":"https://fd16-photos.leclercdrive.fr/image.ashx?id=2918373&use=l&cat=p&typeid=i","cat":327595},{"id":28827,"n":"Chili con carne Côté Table Au piment de Cayenne - 820g","p":3.24,"u":"3,95 €/KG","img":"https://fd16-photos.leclercdrive.fr/image.ashx?id=2977156&use=l&cat=p&typeid=i","cat":325094},{"id":28828,"n":"Pâtes fraîches Turini Gnocchi 380g","p":1.09,"u":"2,87 €/KG","img":"https://fd16-photos.leclercdrive.fr/image.ashx?id=2254526&use=l&cat=p&typeid=i","cat":333682},{"id":28831,"n":"Cookies Méga pépites P'tit Déli Choco amandes caramelisées 184g","p":1.51,"u":"8,21 €/KG","img":"https://fd16-photos.leclercdrive.fr/image.ashx?id=2116128&use=l&cat=p&typeid=i","cat":325066},{"id":28848,"n":"Pennes au saumon Marie A la crème - 900g","p":6.35,"u":"7,06 €/KG","img":"https://fd16-photos.leclercdrive.fr/image.ashx?id=2996761&use=l&cat=p&typeid=i","cat":284254},{"id":28853,"n":"Piment d'Espelette AOP NRT 40g","p":5.99,"u":"149,75 €/KG","img":"https://fd16-photos.leclercdrive.fr/image.ashx?id=2472083&use=l&cat=p&typeid=i","cat":298297},{"id":28856,"n":"Pain burger Epi d'Or Géant complet x4 - 330g","p":0.97,"u":"2,94 €/KG","img":"https://fd16-photos.leclercdrive.fr/image.ashx?id=2042561&use=l&cat=p&typeid=i","cat":325067},{"id":28860,"n":"Pain de mie Epi d'or Complet - Spécial mie - 500g","p":1.47,"u":"2,94 €/KG","img":"https://fd16-photos.leclercdrive.fr/image.ashx?id=3012839&use=l&cat=p&typeid=i","cat":284477},{"id":28861,"n":"Pain de mie Epi d'Or Spécial mie - Nature - 500g","p":1.49,"u":"2,98 €/KG","img":"https://fd16-photos.leclercdrive.fr/image.ashx?id=2807294&use=l&cat=p&typeid=i","cat":284477},{"id":28864,"n":"Cassoulet au confit canard NRT - 300g","p":2.97,"u":"9,90 €/KG","img":"https://fd16-photos.leclercdrive.fr/image.ashx?id=2791926&use=l&cat=p&typeid=i","cat":284953},{"id":28866,"n":"Coq au vin et ses torsades NRT 300g","p":2.61,"u":"8,70 €/KG","img":"https://fd16-photos.leclercdrive.fr/image.ashx?id=2723240&use=l&cat=p&typeid=i","cat":284953},{"id":28872,"n":"Saucisses de Toulouse lentilles NRT - 300g","p":2.36,"u":"7,87 €/KG","img":"https://fd16-photos.leclercdrive.fr/image.ashx?id=2723234&use=l&cat=p&typeid=i","cat":284953},{"id":28941,"n":"Potage gourmand Régal Soupe Légumes et fromage fondu - 1L","p":2.42,"u":"2,42 €/L","img":"https://fd16-photos.leclercdrive.fr/image.ashx?id=2607524&use=l&cat=p&typeid=i","cat":284462},{"id":28961,"n":"AOP Beaujolais Nouveau Vin Rouge - Georges Duboeuf - 75cl","p":7.25,"u":"9,67 €/L","img":"https://fd16-photos.leclercdrive.fr/image.ashx?id=2966029&use=l&cat=p&typeid=i","cat":289556},{"id":28966,"n":"Liqueur Malibu Coco 18% vol - 70cl","p":10.3,"u":"14,71 €/L","img":"https://fd16-photos.leclercdrive.fr/image.ashx?id=2993481&use=l&cat=p&typeid=i","cat":284551},{"id":28971,"n":"Saumon fumé Ronde des Mers Ecosse Label rouge x2 - 80g","p":4.99,"u":"62,38 €/KG","img":"https://fd16-photos.leclercdrive.fr/image.ashx?id=2174699&use=l&cat=p&typeid=i","cat":285188},{"id":28997,"n":"Mayonnaise de Dijon Amora 235g","p":1.52,"u":"6,47 €/KG","img":"https://fd16-photos.leclercdrive.fr/image.ashx?id=2877208&use=l&cat=p&typeid=i","cat":298295},{"id":28999,"n":"Mayonnaise de Dijon Amora Sans conservateur  - 415g","p":2.24,"u":"5,40 €/KG","img":"https://fd16-photos.leclercdrive.fr/image.ashx?id=2964207&use=l&cat=p&typeid=i","cat":298295},{"id":29006,"n":"Escargots préparés Eco+ Recette bourguignonne - 89g","p":2.99,"u":"33,60 €/KG","img":"https://fd16-photos.leclercdrive.fr/image.ashx?id=2794758&use=l&cat=p&typeid=i","cat":319775},{"id":29015,"n":"Foie gras de canard entier Bocal - 180g","p":12.9,"u":"71,67 €/KG","img":"https://fd16-photos.leclercdrive.fr/image.ashx?id=2801031&use=l&cat=p&typeid=i","cat":316008},{"id":29017,"n":"Bloc de Foie gras canard 200g","p":9.49,"u":"47,45 €/KG","img":"https://fd16-photos.leclercdrive.fr/image.ashx?id=2814845&use=l&cat=p&typeid=i","cat":316008},{"id":29044,"n":"Cerneaux de noix Tablier Blanc 50g","p":1.3,"u":"26,00 €/KG","img":"https://fd16-photos.leclercdrive.fr/image.ashx?id=2460607&use=l&cat=p&typeid=i","cat":323809},{"id":29053,"n":"Cocktail Old Nick Mojito 16%vol - 70cl","p":5.92,"u":"8,46 €/L","img":"https://fd16-photos.leclercdrive.fr/image.ashx?id=2926200&use=l&cat=p&typeid=i","cat":284551},{"id":29082,"n":"Cocktail Punch Old Nick Pina Colada 16%vol. - 70cl","p":5.97,"u":"8,53 €/L","img":"https://fd16-photos.leclercdrive.fr/image.ashx?id=2926197&use=l&cat=p&typeid=i","cat":284551},{"id":29116,"n":"Bonbons sans sucres Confiséo Goût réglisse - 150g","p":2.64,"u":"17,60 €/KG","img":"https://fd16-photos.leclercdrive.fr/image.ashx?id=2934703&use=l&cat=p&typeid=i","cat":304250},{"id":29117,"n":"Bonbons sans sucres Confiséo Menthe - 150g","p":1.98,"u":"13,20 €/KG","img":"https://fd16-photos.leclercdrive.fr/image.ashx?id=2934697&use=l&cat=p&typeid=i","cat":304252},{"id":29133,"n":"Sacs poubelle Haute 50L Elembal Poignées coulissantes - x15","p":1.94,"u":"0,13 €/P","img":"https://fd16-photos.leclercdrive.fr/image.ashx?id=2958726&use=l&cat=p&typeid=i","cat":285168},{"id":29134,"n":"Mousse coiffante Vitanove Effet boucles - 200ml","p":1.48,"u":"7,40 €/L","img":"https://fd16-photos.leclercdrive.fr/image.ashx?id=2490040&use=l&cat=p&typeid=i","cat":284609},{"id":29156,"n":"Saumon au beurre blanc Marie Echalotes confites au vin 400g","p":5.44,"u":"13,60 €/KG","img":"https://fd16-photos.leclercdrive.fr/image.ashx?id=2996806&use=l&cat=p&typeid=i","cat":319786},{"id":29174,"n":"Lait de douche Manava Pêche de vigne - 250ml","p":0.94,"u":"3,76 €/L","img":"https://fd16-photos.leclercdrive.fr/image.ashx?id=2618323&use=l&cat=p&typeid=i","cat":284594},{"id":29334,"n":"Biscuits miel sésame GERBLE  crousti'son - 4x5 200g","p":1.71,"u":"8,55 €/KG","img":"https://fd16-photos.leclercdrive.fr/image.ashx?id=2662280&use=l&cat=p&typeid=i","cat":318651},{"id":29346,"n":"Bière La Goudale de Noël 7.2%vol. - 75cl","p":2.79,"u":"3,72 €/L","img":"https://fd16-photos.leclercdrive.fr/image.ashx?id=2903158&use=l&cat=p&typeid=i","cat":334872},{"id":29347,"n":"Bière he biloute Grain d'Orge Ambree 6.4%vol. - 75cl","p":2.79,"pp":2.09,"u":"2,79 €/L","img":"https://fd16-photos.leclercdrive.fr/image.ashx?id=2917477&use=l&cat=p&typeid=i","cat":334872},{"id":29354,"n":"Caramels tendres Confiséo 4 parfums 450g","p":3.14,"u":"6,98 €/KG","img":"https://fd16-photos.leclercdrive.fr/image.ashx?id=2934685&use=l&cat=p&typeid=i","cat":304250},{"id":29358,"n":"Pur jus pamplemousse Jafaden Rose - 1L","p":1.67,"u":"1,67 €/L","img":"https://fd16-photos.leclercdrive.fr/image.ashx?id=2869269&use=l&cat=p&typeid=i","cat":284914},{"id":29360,"n":"AOP Cabernet d'Anjou vin rosé Les Caractères - BIB 5L","p":21.49,"u":"4,30 €/L","img":"https://fd16-photos.leclercdrive.fr/image.ashx?id=2776045&use=l&cat=p&typeid=i","cat":289560},{"id":29361,"n":"Sacs poubelle haute 30L Elembal Poignées coulissantes - x25","p":3.23,"u":"0,13 €/P","img":"https://fd16-photos.leclercdrive.fr/image.ashx?id=2958723&use=l&cat=p&typeid=i","cat":285168},{"id":29365,"n":"Boisson à base de vin rosé  pamplemousse Festalie - BIB 3L","p":6.99,"u":"2,33 €/L","img":"https://fd16-photos.leclercdrive.fr/image.ashx?id=2745472&use=l&cat=p&typeid=i","cat":304569},{"id":29368,"n":"Boisson à base de vin blanc saveur pêche Festalie - 75 cl","p":2.75,"u":"3,67 €/L","img":"https://fd16-photos.leclercdrive.fr/image.ashx?id=2774894&use=l&cat=p&typeid=i","cat":304569},{"id":29396,"n":"Mousse coiffante Vitanove Effet volume - 200ml","p":1.48,"u":"7,40 €/L","img":"https://fd16-photos.leclercdrive.fr/image.ashx?id=2490037&use=l&cat=p&typeid=i","cat":284609},{"id":29419,"n":"Tortillas chips Tokapi Nature - 150g","p":0.55,"u":"3,67 €/KG","img":"https://fd16-photos.leclercdrive.fr/image.ashx?id=2647955&use=l&cat=p&typeid=i","cat":287899},{"id":29570,"n":"Saucisson Petit Justin Bridou  Bâton de Berger Nature - 160g","p":3.43,"u":"21,44 €/KG","img":"https://fd16-photos.leclercdrive.fr/image.ashx?id=2894893&use=l&cat=p&typeid=i","cat":316006},{"id":29701,"n":"Bonbons Confiséo Menthe fraîcheur - 360g","p":1.87,"u":"5,19 €/KG","img":"https://fd16-photos.leclercdrive.fr/image.ashx?id=2934682&use=l&cat=p&typeid=i","cat":304252},{"id":29746,"n":"Knacks Tradilège  Pur Porc - x4 - 140g","p":1.33,"u":"9,50 €/KG","img":"https://fd16-photos.leclercdrive.fr/image.ashx?id=2844851&use=l&cat=p&typeid=i","cat":316012},{"id":29753,"n":"Eau gazeuse La Pétillante Citron vert sans sucre - 1L","p":0.4,"u":"0,40 €/L","img":"https://fd16-photos.leclercdrive.fr/image.ashx?id=2669738&use=l&cat=p&typeid=i","cat":284536},{"id":29754,"n":"Eau gazeuse La Pétillante Citron sans sucre - 1L","p":0.4,"u":"0,40 €/L","img":"https://fd16-photos.leclercdrive.fr/image.ashx?id=2590442&use=l&cat=p&typeid=i","cat":284536},{"id":29765,"n":"Eau gazeuse aromatisée Badoit citron sans sucres - 1l","p":0.97,"u":"0,97 €/L","img":"https://fd16-photos.leclercdrive.fr/image.ashx?id=2730634&use=l&cat=p&typeid=i","cat":284537},{"id":29766,"n":"Mister Cocktail sans alcool Citron vert kiwi - 75cl","p":3.39,"u":"4,52 €/L","img":"https://fd16-photos.leclercdrive.fr/image.ashx?id=3014461&use=l&cat=p&typeid=i","cat":284549},{"id":29768,"n":"Bière blonde 1664 5,5° - 50cl canette","p":1.21,"u":"2,42 €/L","img":"https://fd16-photos.leclercdrive.fr/image.ashx?id=2887563&use=l&cat=p&typeid=i","cat":334853},{"id":29787,"n":"Champignons Menu Fraîcheur A la grecque - 300g","p":2.45,"u":"8,17 €/KG","img":"https://fd16-photos.leclercdrive.fr/image.ashx?id=2965485&use=l&cat=p&typeid=i","cat":333657},{"id":29788,"n":"Crêpes sucrées Tablier Blanc x8 - 400g","p":2.59,"u":"6,48 €/KG","img":"https://fd16-photos.leclercdrive.fr/image.ashx?id=2242622&use=l&cat=p&typeid=i","cat":333672},{"id":29793,"n":"Fromage de brebis Les Croisés Rond 25%mg - 100g","p":1.83,"u":"18,30 €/KG","img":"https://fd16-photos.leclercdrive.fr/image.ashx?id=1942404&use=l&cat=p&typeid=i","cat":314031},{"id":29794,"n":"Triangolo Fromage enfants vache Les Croisés 24 portions - 400g","p":2.67,"u":"6,68 €/KG","img":"https://fd16-photos.leclercdrive.fr/image.ashx?id=2791779&use=l&cat=p&typeid=i","cat":314030},{"id":29795,"n":"Fromage à tartiner Les Croisés Ail et fines herbes 24%mg 250g","p":2.09,"u":"8,36 €/KG","img":"https://fd16-photos.leclercdrive.fr/image.ashx?id=2476143&use=l&cat=p&typeid=i","cat":314029},{"id":29800,"n":"Galettes Pdt lardons oignons NRT x2 - 300g","p":3.79,"u":"12,63 €/KG","img":"https://fd16-photos.leclercdrive.fr/image.ashx?id=2743885&use=l&cat=p&typeid=i","cat":333672},{"id":29802,"n":"Kit Pâte à pizza Tablier Blanc 600g","p":2.59,"u":"4,32 €/KG","img":"https://fd16-photos.leclercdrive.fr/image.ashx?id=1731167&use=l&cat=p&typeid=i","cat":333681},{"id":29816,"n":"Bicarbonate alimentaire La Baleine - 800g","p":2.27,"u":"2,84 €/KG","img":"https://fd16-photos.leclercdrive.fr/image.ashx?id=2468335&use=l&cat=p&typeid=i","cat":284457},{"id":29824,"n":"Liqueur Lagoa Goût coco 17%vol - 70cl","p":8.8,"u":"12,57 €/L","img":"https://fd16-photos.leclercdrive.fr/image.ashx?id=2958332&use=l&cat=p&typeid=i","cat":284551},{"id":29854,"n":"Beurre de Bretagne Les Croisés Doux - 82% MG - 250g","p":2.61,"u":"10,44 €/KG","img":"https://fd16-photos.leclercdrive.fr/image.ashx?id=2778042&use=l&cat=p&typeid=i","cat":284379},{"id":29855,"n":"Beurre de Bretagne Les Croisés Demi-sel - 80% MG - 250g","p":2.61,"u":"10,44 €/KG","img":"https://fd16-photos.leclercdrive.fr/image.ashx?id=2778048&use=l&cat=p&typeid=i","cat":284379},{"id":29861,"n":"Boisson lactée Délisse Fraise - 6x20cl","p":2.13,"u":"1,78 €/L","img":"https://fd16-photos.leclercdrive.fr/image.ashx?id=2994806&use=l&cat=p&typeid=i","cat":295246},{"id":29864,"n":"Crème fraîche entière Délisse Fleurette - 30% MG - 40cl","p":1.72,"u":"4,30 €/L","img":"https://fd16-photos.leclercdrive.fr/image.ashx?id=3002575&use=l&cat=p&typeid=i","cat":284381},{"id":29865,"n":"Crème fraîche légère Délisse Fleurette - 12% MG - 40cl","p":1.62,"u":"4,05 €/L","img":"https://fd16-photos.leclercdrive.fr/image.ashx?id=3002578&use=l&cat=p&typeid=i","cat":284381},{"id":29866,"n":"Crème légère fluide UHT Délisse Brique 12%mg - 1L","p":3.39,"u":"3,39 €/L","img":"https://fd16-photos.leclercdrive.fr/image.ashx?id=3015248&use=l&cat=p&typeid=i","cat":284381},{"id":29869,"n":"Crème anglaise Délisse 1L","p":2.49,"u":"2,49 €/L","img":"https://fd16-photos.leclercdrive.fr/image.ashx?id=3002596&use=l&cat=p&typeid=i","cat":284382},{"id":29870,"n":"Crème d'Isigny AOP NRT 40%MG - 20cl","p":1.79,"u":"8,95 €/L","img":"https://fd16-photos.leclercdrive.fr/image.ashx?id=2771070&use=l&cat=p&typeid=i","cat":284381},{"id":29872,"n":"Crème semi-épaisse légère UHT Délisse 18%mg - 2x25cl","p":2.34,"u":"4,68 €/L","img":"https://fd16-photos.leclercdrive.fr/image.ashx?id=3002593&use=l&cat=p&typeid=i","cat":284381},{"id":29874,"n":"Emincés poireaux Notre Jardin A la crème 750g","p":2.55,"u":"3,40 €/KG","img":"https://fd16-photos.leclercdrive.fr/image.ashx?id=2873144&use=l&cat=p&typeid=i","cat":319805},{"id":29897,"n":"Liqueur pomme verte Manzella 17%vol. - 70cl","p":6.5,"u":"9,29 €/L","img":"https://fd16-photos.leclercdrive.fr/image.ashx?id=2715997&use=l&cat=p&typeid=i","cat":286032},{"id":29900,"n":"Bière belge Rince Cochon Blonde - 8.5%vol. - 33cl","p":1.95,"u":"5,91 €/L","img":"https://fd16-photos.leclercdrive.fr/image.ashx?id=2694695&use=l&cat=p&typeid=i","cat":334872},{"id":29906,"n":"Bière blonde Bellerose 6.5%vol. - 75cl","p":3.65,"u":"4,87 €/L","img":"https://fd16-photos.leclercdrive.fr/image.ashx?id=2744290&use=l&cat=p&typeid=i","cat":334872},{"id":29910,"n":"Bière blonde La Démon 12%vol. - 33cl","p":1.96,"u":"5,94 €/L","img":"https://fd16-photos.leclercdrive.fr/image.ashx?id=2686855&use=l&cat=p&typeid=i","cat":334872},{"id":29913,"n":"Bière belge Rince Cochon Fruits rouges - 7.5%vol. - 33cl","p":2.23,"u":"6,76 €/L","img":"https://fd16-photos.leclercdrive.fr/image.ashx?id=2694698&use=l&cat=p&typeid=i","cat":334872},{"id":29921,"n":"Bière ambrée Page 24 Hildegarde 6.9%vol. - 75cl","p":3.15,"u":"4,20 €/L","img":"https://fd16-photos.leclercdrive.fr/image.ashx?id=1742261&use=l&cat=p&typeid=i","cat":334852},{"id":29927,"n":"Bière belge Rince Cochon Blonde - 8.5%vol. - 75cl","p":3.45,"u":"4,60 €/L","img":"https://fd16-photos.leclercdrive.fr/image.ashx?id=1741463&use=l&cat=p&typeid=i","cat":334872},{"id":29961,"n":"AOC Buzet rouge L'Excellence - 75cl","p":3.8,"u":"5,07 €/L","img":"https://fd16-photos.leclercdrive.fr/image.ashx?id=2831891&use=l&cat=p&typeid=i","cat":289556},{"id":29965,"n":"Whisky J&B Rare  40%vol - Magnum 1.5L","p":32.83,"u":"21,89 €/L","img":"https://fd16-photos.leclercdrive.fr/image.ashx?id=2490362&use=l&cat=p&typeid=i","cat":284547},{"id":29979,"n":"Paupiette de veau Marie  Jardinière de légumes - 300g","p":3.72,"u":"12,40 €/KG","img":"https://fd16-photos.leclercdrive.fr/image.ashx?id=2317420&use=l&cat=p&typeid=i","cat":333665},{"id":29986,"n":"Genièvre Loos 42%vol. - 70cl","p":19.28,"u":"27,54 €/L","img":"https://fd16-photos.leclercdrive.fr/image.ashx?id=1586613&use=l&cat=p&typeid=i","cat":286032},{"id":29987,"n":"Gaufres fines Bourdon Vergeoise -  900g","p":9.5,"u":"10,56 €/KG","img":"https://fd16-photos.leclercdrive.fr/image.ashx?id=1865966&use=l&cat=p&typeid=i","cat":294777},{"id":29998,"n":"Graisse à frire pure Boeuf 1kg","p":3.8,"u":"3,80 €/KG","img":"https://fd16-photos.leclercdrive.fr/image.ashx?id=1706841&use=l&cat=p&typeid=i","cat":284379},{"id":30045,"n":"Lait fermenté Délisse 1L","p":1.39,"u":"1,39 €/L","img":"https://fd16-photos.leclercdrive.fr/image.ashx?id=1889087&use=l&cat=p&typeid=i","cat":285609},{"id":30051,"n":"Mini gratins Côté Table Choux fleurs - x4 480g","p":3.19,"u":"6,65 €/KG","img":"https://fd16-photos.leclercdrive.fr/image.ashx?id=2029370&use=l&cat=p&typeid=i","cat":319802},{"id":30059,"n":"Trio de fleurette Notre Jardin 1kg","p":2.48,"u":"2,48 €/KG","img":"https://fd16-photos.leclercdrive.fr/image.ashx?id=2873135&use=l&cat=p&typeid=i","cat":319805},{"id":30069,"n":"Roux minute Maïzena Béchamel - 250g","p":2.2,"u":"8,80 €/KG","img":"https://fd16-photos.leclercdrive.fr/image.ashx?id=2769603&use=l&cat=p&typeid=i","cat":288382},{"id":30084,"n":"Bacon Saint Azay 100g","p":1.61,"u":"16,10 €/KG","img":"https://fd16-photos.leclercdrive.fr/image.ashx?id=2943653&use=l&cat=p&typeid=i","cat":316007},{"id":30086,"n":"Blanc de dinde Tradilège x4 - 120g","p":1.79,"u":"14,92 €/KG","img":"https://fd16-photos.leclercdrive.fr/image.ashx?id=2840395&use=l&cat=p&typeid=i","cat":316010},{"id":30089,"n":"Blanc de poulet Tradilège 6 tranches - 180g","p":1.51,"u":"8,39 €/KG","img":"https://fd16-photos.leclercdrive.fr/image.ashx?id=2943677&use=l&cat=p&typeid=i","cat":316010},{"id":30091,"n":"Blanc de dinde Tradilège 6 tranches 180g","p":1.96,"u":"10,89 €/KG","img":"https://fd16-photos.leclercdrive.fr/image.ashx?id=2925744&use=l&cat=p&typeid=i","cat":316010},{"id":30099,"n":"Duo pâté / mousse Tradilège Canard 2x50g","p":1.15,"u":"11,50 €/KG","img":"https://fd16-photos.leclercdrive.fr/image.ashx?id=2683583&use=l&cat=p&typeid=i","cat":316008},{"id":30105,"n":"Rillettes du Mans Tradilège 110g","p":1.38,"u":"12,55 €/KG","img":"https://fd16-photos.leclercdrive.fr/image.ashx?id=2059435&use=l&cat=p&typeid=i","cat":316008},{"id":30114,"n":"Pansements Mercurochrome Hydrocolloïdes - x6","p":5.69,"u":"0,95 €/P","img":"https://fd16-photos.leclercdrive.fr/image.ashx?id=2663962&use=l&cat=p&typeid=i","cat":284630},{"id":30124,"n":"Soupe Régal Soupe Tomate et vermicelles - 1L","p":1.8,"u":"1,80 €/L","img":"https://fd16-photos.leclercdrive.fr/image.ashx?id=2607518&use=l&cat=p&typeid=i","cat":284462},{"id":30125,"n":"Soupe Velouté Régal Soupe Légumes du soleil - 1L","p":2.35,"u":"2,35 €/L","img":"https://fd16-photos.leclercdrive.fr/image.ashx?id=2983799&use=l&cat=p&typeid=i","cat":284462},{"id":30150,"n":"Eau aromatisée Volvic Juicy Agrumes -1,5L","p":1.41,"u":"0,94 €/L","img":"https://fd16-photos.leclercdrive.fr/image.ashx?id=2961987&use=l&cat=p&typeid=i","cat":284537},{"id":30185,"n":"Haché moelleux oignon Férial x10 - 1kg","p":7.49,"u":"7,49 €/KG","img":"https://fd16-photos.leclercdrive.fr/image.ashx?id=2704517&use=l&cat=p&typeid=i","cat":319778},{"id":30186,"n":"Haché moelleux Férial x10 - 1kg","p":9.73,"u":"9,73 €/KG","img":"https://fd16-photos.leclercdrive.fr/image.ashx?id=2966514&use=l&cat=p&typeid=i","cat":319778},{"id":30189,"n":"Tortillas chips Tokapi Chili - 150g","p":0.99,"u":"6,60 €/KG","img":"https://fd16-photos.leclercdrive.fr/image.ashx?id=2647958&use=l&cat=p&typeid=i","cat":287899},{"id":30212,"n":"Soufflés l'Original Curly Cacahuète - 100g","p":0.88,"u":"8,80 €/KG","img":"https://fd16-photos.leclercdrive.fr/image.ashx?id=2693635&use=l&cat=p&typeid=i","cat":284449},{"id":30213,"n":"Soufflés l'Original Curly Cacahuète - 2x100g","p":1.74,"u":"8,70 €/KG","img":"https://fd16-photos.leclercdrive.fr/image.ashx?id=2962887&use=l&cat=p&typeid=i","cat":284449},{"id":30272,"n":"IGP Pays d'Oc rouge Merlot Les Ormes de Cambras 12.5% BIB 5L","p":15.55,"u":"3,11 €/L","img":"https://fd16-photos.leclercdrive.fr/image.ashx?id=2443871&use=l&cat=p&typeid=i","cat":289560},{"id":30273,"n":"IGP Pays d'OC rouge Les Ormes De Cambras Sauvignon 12% BIB 5L","p":15.67,"u":"3,13 €/L","img":"https://fd16-photos.leclercdrive.fr/image.ashx?id=2445115&use=l&cat=p&typeid=i","cat":289560},{"id":30362,"n":"Fleur de maïs Maïzena 400g","p":1.41,"u":"3,53 €/KG","img":"https://fd16-photos.leclercdrive.fr/image.ashx?id=2312770&use=l&cat=p&typeid=i","cat":288382},{"id":30364,"n":"Bonbons Werther's Original Caramel sachet 175g","p":1.94,"u":"11,09 €/KG","img":"https://fd16-photos.leclercdrive.fr/image.ashx?id=1916700&use=l&cat=p&typeid=i","cat":304252},{"id":30365,"n":"Arôme vanille Sainte Lucie Flacon 250ml","p":3.42,"u":"13,68 €/L","img":"https://fd16-photos.leclercdrive.fr/image.ashx?id=2774367&use=l&cat=p&typeid=i","cat":284504},{"id":30369,"n":"Arôme vanille Sainte Lucie Naturel 20ml","p":2.41,"u":"120,50 €/L","img":"https://fd16-photos.leclercdrive.fr/image.ashx?id=2174910&use=l&cat=p&typeid=i","cat":284504},{"id":30377,"n":"Levure chimique Sainte Lucie Sachet x5 50g","p":0.49,"u":"9,80 €/KG","img":"https://fd16-photos.leclercdrive.fr/image.ashx?id=2775089&use=l&cat=p&typeid=i","cat":294686},{"id":30397,"n":"Levure boulangerie Sainte Lucie Super active sachet x5 40g","p":1.34,"u":"33,50 €/KG","img":"https://fd16-photos.leclercdrive.fr/image.ashx?id=2829946&use=l&cat=p&typeid=i","cat":294686},{"id":30398,"n":"Noix ambrées Sainte Lucie Cerneaux - 50g","p":1.9,"u":"38,00 €/KG","img":"https://fd16-photos.leclercdrive.fr/image.ashx?id=2775104&use=l&cat=p&typeid=i","cat":323809},{"id":30407,"n":"Dés de fromage salade Boursin Ail & fines herbes -120g","p":2.4,"u":"20,00 €/KG","img":"https://fd16-photos.leclercdrive.fr/image.ashx?id=2864366&use=l&cat=p&typeid=i","cat":314027},{"id":30410,"n":"Lasagnes bolognaise Marie 300g","p":3.19,"u":"10,63 €/KG","img":"https://fd16-photos.leclercdrive.fr/image.ashx?id=2800339&use=l&cat=p&typeid=i","cat":333665},{"id":30413,"n":"Pommeau de Normandie NRT  17%vol. - 70cl","p":8.6,"u":"12,29 €/L","img":"https://fd16-photos.leclercdrive.fr/image.ashx?id=1647898&use=l&cat=p&typeid=i","cat":284913},{"id":30415,"n":"IGP Pays d'Oc rouge J-P Chenet Cabernet Syrah 13% vol - BIB 3L","p":10.42,"u":"3,47 €/L","img":"https://fd16-photos.leclercdrive.fr/image.ashx?id=2837451&use=l&cat=p&typeid=i","cat":289560},{"id":30477,"n":"Chocolat Pâtissier Nestlé Dessert : Praliné - 170g","p":3.08,"u":"18,12 €/KG","img":"https://fd16-photos.leclercdrive.fr/image.ashx?id=2895637&use=l&cat=p&typeid=i","cat":285562},{"id":30495,"n":"Filets de maquereaux Saupiquet A la catalane - 3x169g","p":5.99,"u":"11,81 €/KG","img":"https://fd16-photos.leclercdrive.fr/image.ashx?id=2826981&use=l&cat=p&typeid=i","cat":303868},{"id":30563,"n":"Coquillettes Lustucru Aux oeufs frais - 500g","p":1.8,"u":"3,60 €/KG","img":"https://fd16-photos.leclercdrive.fr/image.ashx?id=2799856&use=l&cat=p&typeid=i","cat":284427},{"id":30570,"n":"Sauce Tube Ail Oignons Panzani Panzani - 180G","p":1.18,"u":"6,56 €/KG","img":"https://fd16-photos.leclercdrive.fr/image.ashx?id=3004804&use=l&cat=p&typeid=i","cat":288384},{"id":30573,"n":"Edulcorant sucralose Canderel Briquet x300","p":3.08,"u":"99,35 €/KG","img":"https://fd16-photos.leclercdrive.fr/image.ashx?id=2811014&use=l&cat=p&typeid=i","cat":324846},{"id":30575,"n":"Happy' Box Haribo Boîte bonbons - 600g","p":4.26,"u":"7,10 €/KG","img":"https://fd16-photos.leclercdrive.fr/image.ashx?id=2802353&use=l&cat=p&typeid=i","cat":304250},{"id":30576,"n":"Zanzigliss Haribo Sachet bonbons réglisse - 300g","p":1.49,"u":"4,97 €/KG","img":"https://fd16-photos.leclercdrive.fr/image.ashx?id=2802347&use=l&cat=p&typeid=i","cat":304250},{"id":30577,"n":"Les Schtroumpfs Pik Haribo Sachet bonbons acidulés - 275g","p":1.56,"u":"5,67 €/KG","img":"https://fd16-photos.leclercdrive.fr/image.ashx?id=2984898&use=l&cat=p&typeid=i","cat":304250},{"id":30578,"n":"Bonbons LUTTI Scoubidou Doux Fruits - 200g","p":1.27,"u":"6,35 €/KG","img":"https://fd16-photos.leclercdrive.fr/image.ashx?id=2817434&use=l&cat=p&typeid=i","cat":304250},{"id":30591,"n":"Yaourts Savoie NRT  Poire Mirabelle - 4x150g","p":2.35,"u":"3,92 €/KG","img":"https://fd16-photos.leclercdrive.fr/image.ashx?id=2920809&use=l&cat=p&typeid=i","cat":284410},{"id":30592,"n":"Fromage blanc Délisse Sucré 3% MG - 8x100g","p":2.29,"u":"2,86 €/KG","img":"https://fd16-photos.leclercdrive.fr/image.ashx?id=3012833&use=l&cat=p&typeid=i","cat":284409},{"id":30599,"n":"Yaourts à boire Délisse Fraise - 4x100g","p":1.49,"u":"3,73 €/KG","img":"https://fd16-photos.leclercdrive.fr/image.ashx?id=2754889&use=l&cat=p&typeid=i","cat":284415},{"id":30600,"n":"Billes Chocolat au Lait KitKat Sachet  - 250g","p":3.96,"u":"15,84 €/KG","img":"https://fd16-photos.leclercdrive.fr/image.ashx?id=2806063&use=l&cat=p&typeid=i","cat":304238},{"id":30603,"n":"Soupe liquide brique Liebig  Chinoise - 1L","p":2.9,"u":"2,90 €/L","img":"https://fd16-photos.leclercdrive.fr/image.ashx?id=2750988&use=l&cat=p&typeid=i","cat":287367},{"id":30607,"n":"Soupe liquide Liebig  Potiron et kiri - Brique 1L","p":2.77,"u":"2,77 €/L","img":"https://fd16-photos.leclercdrive.fr/image.ashx?id=2892130&use=l&cat=p&typeid=i","cat":284462},{"id":30640,"n":"Lapin chasseur Côté Table 280g","p":2.2,"u":"7,86 €/KG","img":"https://fd16-photos.leclercdrive.fr/image.ashx?id=2393866&use=l&cat=p&typeid=i","cat":284953},{"id":30652,"n":"Purée pommes de terre Florette 2x200g","p":2.5,"u":"6,25 €/KG","img":"https://fd16-photos.leclercdrive.fr/image.ashx?id=2767678&use=l&cat=p&typeid=i","cat":333665},{"id":30656,"n":"Bandes de cire froide Siliss Maillot aisselles - x16","p":2.19,"u":"0,14 €/P","img":"https://fd16-photos.leclercdrive.fr/image.ashx?id=2699450&use=l&cat=p&typeid=i","cat":325351},{"id":30685,"n":"Liquide vaisselle Palmolive Original  amande - 750ml","p":1.43,"u":"1,91 €/L","img":"https://fd16-photos.leclercdrive.fr/image.ashx?id=2690147&use=l&cat=p&typeid=i","cat":284655},{"id":30697,"n":"Savon d'alep Manava 200g","p":3.99,"u":"19,95 €/KG","img":"https://fd16-photos.leclercdrive.fr/image.ashx?id=1952895&use=l&cat=p&typeid=i","cat":284597},{"id":30715,"n":"Désodorisant Texil Parfumé 500ml","p":2.61,"u":"5,22 €/L","img":"https://fd16-photos.leclercdrive.fr/image.ashx?id=2964568&use=l&cat=p&typeid=i","cat":290451},{"id":30724,"n":"BB Crème Hydratante 5en1 Nivea Teinte médium FPS15 - 50ml","p":5.99,"u":"119,80 €/L","img":"https://fd16-photos.leclercdrive.fr/image.ashx?id=2221575&use=l&cat=p&typeid=i","cat":325345},{"id":30729,"n":"Crème Dépilatoire Siliss Maillot aisselles - 100ml","p":1.79,"u":"17,90 €/L","img":"https://fd16-photos.leclercdrive.fr/image.ashx?id=2699687&use=l&cat=p&typeid=i","cat":325351},{"id":30733,"n":"Déboucheur canalisations Syphon 1L","p":1.39,"u":"1,39 €/L","img":"https://fd16-photos.leclercdrive.fr/image.ashx?id=2794193&use=l&cat=p&typeid=i","cat":284908},{"id":30768,"n":"Gel douche Manava Pétales d'Orient 100ml","p":0.8,"u":"8,00 €/L","img":"https://fd16-photos.leclercdrive.fr/image.ashx?id=1669982&use=l&cat=p&typeid=i","cat":284594},{"id":30780,"n":"Sacs poubelle 30L Eco+ x20","p":0.57,"u":"0,03 €/P","img":"https://fd16-photos.leclercdrive.fr/image.ashx?id=2801768&use=l&cat=p&typeid=i","cat":285168},{"id":30781,"n":"Sacs poubelle 50L Eco+ x10","p":0.41,"u":"0,04 €/P","img":"https://fd16-photos.leclercdrive.fr/image.ashx?id=2793143&use=l&cat=p&typeid=i","cat":285168},{"id":30791,"n":"Mouchoirs blancs 2 plis Eco+ Boîte mouchoirs en papier- x150","p":0.62,"img":"https://fd16-photos.leclercdrive.fr/image.ashx?id=2897751&use=l&cat=p&typeid=i","cat":284638},{"id":30808,"n":"Coton-tiges Eco+ Tige papier x200 bâtonnets","p":0.34,"img":"https://fd16-photos.leclercdrive.fr/image.ashx?id=2940893&use=l&cat=p&typeid=i","cat":284636},{"id":30813,"n":"Crème adhésive Dentamyl Hypoallergénique 50g","p":2.99,"u":"59,80 €/KG","img":"https://fd16-photos.leclercdrive.fr/image.ashx?id=2486796&use=l&cat=p&typeid=i","cat":285158},{"id":30816,"n":"Film étirable Eco+ 50m","p":0.95,"img":"https://fd16-photos.leclercdrive.fr/image.ashx?id=2751847&use=l&cat=p&typeid=i","cat":334134},{"id":30850,"n":"Blanquette veau Côté Table Champignons 285g","p":2.2,"u":"7,72 €/KG","img":"https://fd16-photos.leclercdrive.fr/image.ashx?id=2064822&use=l&cat=p&typeid=i","cat":284953},{"id":30856,"n":"Emincés de poulet Tradilège Rôti - 2x75g","p":2.09,"u":"13,93 €/KG","img":"https://fd16-photos.leclercdrive.fr/image.ashx?id=2930775&use=l&cat=p&typeid=i","cat":316011},{"id":30916,"n":"Ciboulette Sainte Lucie Tubulaire - 5g","p":1.55,"u":"310,00 €/KG","img":"https://fd16-photos.leclercdrive.fr/image.ashx?id=2974336&use=l&cat=p&typeid=i","cat":298297},{"id":30928,"n":"Fumet de poisson Rustica Déshydraté - 90g","p":2.05,"u":"22,78 €/KG","img":"https://fd16-photos.leclercdrive.fr/image.ashx?id=2849578&use=l&cat=p&typeid=i","cat":288379},{"id":30929,"n":"Tortillas chips Tables du Monde Nature - 200g","p":1.15,"u":"5,75 €/KG","img":"https://fd16-photos.leclercdrive.fr/image.ashx?id=2655695&use=l&cat=p&typeid=i","cat":288993},{"id":30932,"n":"Biscuits déli matin P'tit Déli  Chocolat allégé- 300g","p":1.88,"u":"6,27 €/KG","img":"https://fd16-photos.leclercdrive.fr/image.ashx?id=3001202&use=l&cat=p&typeid=i","cat":284491},{"id":30933,"n":"Biscuit chocolat noir Gerblé Sans Sucres Ajoutés - 126g","p":1.87,"u":"14,84 €/KG","img":"https://fd16-photos.leclercdrive.fr/image.ashx?id=2662799&use=l&cat=p&typeid=i","cat":318653},{"id":30935,"n":"Huile d'arachide Lesieur 2L","p":7.65,"u":"3,83 €/L","img":"https://fd16-photos.leclercdrive.fr/image.ashx?id=2136337&use=l&cat=p&typeid=i","cat":284453},{"id":30947,"n":"Pâtes Collezione Barilla Tagliatelle - 500g","p":1.52,"u":"3,04 €/KG","img":"https://fd16-photos.leclercdrive.fr/image.ashx?id=2654119&use=l&cat=p&typeid=i","cat":284427},{"id":30999,"n":"Spaghetti courts Lustucru Aux oeufs - 500g","p":1.84,"u":"3,68 €/KG","img":"https://fd16-photos.leclercdrive.fr/image.ashx?id=2519798&use=l&cat=p&typeid=i","cat":284427},{"id":31003,"n":"Jus de citron jaune 50cl","p":1.99,"u":"3,98 €/L","img":"https://fd16-photos.leclercdrive.fr/image.ashx?id=2656982&use=l&cat=p&typeid=i","cat":288383},{"id":31006,"n":"Oeillets Esquisse x336","p":0.74,"img":"https://fd16-photos.leclercdrive.fr/image.ashx?id=2131224&use=l&cat=p&typeid=i","cat":334133},{"id":31018,"n":"Feuille de brick Tablier Blanc En rouleau - 90g","p":1.49,"u":"16,56 €/KG","img":"https://fd16-photos.leclercdrive.fr/image.ashx?id=2188688&use=l&cat=p&typeid=i","cat":333681},{"id":31019,"n":"Feuilles de lasagne Turini 350g","p":2.69,"u":"7,69 €/KG","img":"https://fd16-photos.leclercdrive.fr/image.ashx?id=2617371&use=l&cat=p&typeid=i","cat":333682},{"id":31022,"n":"Gnocchi à poêler Turini 500g","p":1.42,"u":"2,84 €/KG","img":"https://fd16-photos.leclercdrive.fr/image.ashx?id=2254532&use=l&cat=p&typeid=i","cat":333682},{"id":31029,"n":"Escalope Cordon Bleu Père Dodu  Dinde - Comté x2 - 200g","p":2.17,"u":"10,85 €/KG","img":"https://fd16-photos.leclercdrive.fr/image.ashx?id=2957179&use=l&cat=p&typeid=i","cat":333683},{"id":31030,"n":"Escalope Cordon Bleu Père Dodu  Poulet - Raclette x2 - 200g","p":2.42,"u":"12,10 €/KG","img":"https://fd16-photos.leclercdrive.fr/image.ashx?id=2957182&use=l&cat=p&typeid=i","cat":333683},{"id":31035,"n":"Chips La classique Vico Nature - 135g","p":1.28,"u":"9,48 €/KG","img":"https://fd16-photos.leclercdrive.fr/image.ashx?id=2917801&use=l&cat=p&typeid=i","cat":284447},{"id":31044,"n":"Haricots verts Notre Jardin Extra fins - 5 Fagots - 220g","p":2.15,"u":"9,77 €/KG","img":"https://fd16-photos.leclercdrive.fr/image.ashx?id=2988042&use=l&cat=p&typeid=i","cat":312606},{"id":31046,"n":"Assortiment crackers Tokapi Emmental - 100g","p":0.64,"u":"6,40 €/KG","img":"https://fd16-photos.leclercdrive.fr/image.ashx?id=2034386&use=l&cat=p&typeid=i","cat":297000},{"id":31047,"n":"Assortiment Crackers Tokapi Mélange 4 saveurs - 380g","p":2.79,"u":"7,34 €/KG","img":"https://fd16-photos.leclercdrive.fr/image.ashx?id=2671399&use=l&cat=p&typeid=i","cat":297000},{"id":31050,"n":"Biscuits pavot citron GERBLE  - 4x4  200g","p":1.52,"u":"7,60 €/KG","img":"https://fd16-photos.leclercdrive.fr/image.ashx?id=2967001&use=l&cat=p&typeid=i","cat":318651},{"id":31052,"n":"Biscuits figue et son GERBLE   - 5x5, 210g","p":1.4,"u":"6,67 €/KG","img":"https://fd16-photos.leclercdrive.fr/image.ashx?id=2662319&use=l&cat=p&typeid=i","cat":318651},{"id":31054,"n":"Bouillon Cube Maggi Vollaile - x12 cubes - 120g","p":1.66,"u":"13,83 €/KG","img":"https://fd16-photos.leclercdrive.fr/image.ashx?id=2736982&use=l&cat=p&typeid=i","cat":288379},{"id":31058,"n":"Pâtes Barilla Capellini n°1 - 500g","p":1.0,"u":"2,00 €/KG","img":"https://fd16-photos.leclercdrive.fr/image.ashx?id=2392194&use=l&cat=p&typeid=i","cat":284427},{"id":31084,"n":"Crackers Tokapi Sésame et pavot - 100g","p":0.69,"u":"6,90 €/KG","img":"https://fd16-photos.leclercdrive.fr/image.ashx?id=1921880&use=l&cat=p&typeid=i","cat":297000},{"id":31086,"n":"Capsules Nescafé Dolce Gusto  Lungo Décaféiné - x16","p":4.98,"u":"44,46 €/KG","img":"https://fd16-photos.leclercdrive.fr/image.ashx?id=2836676&use=l&cat=p&typeid=i","cat":293239},{"id":31088,"n":"Coeurs d'artichaut Notre Jardin 245g","p":3.49,"u":"14,24 €/KG","img":"https://fd16-photos.leclercdrive.fr/image.ashx?id=2607918&use=l&cat=p&typeid=i","cat":312611},{"id":31097,"n":"Feuilletés Tokapi Emmental - 85g","p":0.98,"u":"11,53 €/KG","img":"https://fd16-photos.leclercdrive.fr/image.ashx?id=1884022&use=l&cat=p&typeid=i","cat":297000},{"id":31098,"n":"Capsules Nescafé Dolce Gusto  Café au Lait - x16","p":4.7,"u":"29,38 €/KG","img":"https://fd16-photos.leclercdrive.fr/image.ashx?id=2946637&use=l&cat=p&typeid=i","cat":293239},{"id":31105,"n":"Gaufrettes P'tit Déli Praliné noisette x15 110g","p":0.87,"u":"7,91 €/KG","img":"https://fd16-photos.leclercdrive.fr/image.ashx?id=2418245&use=l&cat=p&typeid=i","cat":284488},{"id":31106,"n":"Gaufrettes P'tit Déli Chocolat x15 110g","p":1.1,"u":"10,00 €/KG","img":"https://fd16-photos.leclercdrive.fr/image.ashx?id=2436020&use=l&cat=p&typeid=i","cat":284488},{"id":31107,"n":"Gâteau P'tit Déli Tout chocolat 300g","p":2.15,"u":"7,17 €/KG","img":"https://fd16-photos.leclercdrive.fr/image.ashx?id=2562707&use=l&cat=p&typeid=i","cat":294776},{"id":31109,"n":"Gaufrettes P'tit Déli Framboise 160g","p":1.47,"u":"9,19 €/KG","img":"https://fd16-photos.leclercdrive.fr/image.ashx?id=2915290&use=l&cat=p&typeid=i","cat":284489},{"id":31110,"n":"Bonbons Confiséo Acacia assortiment fruit - 300g","p":1.91,"u":"6,37 €/KG","img":"https://fd16-photos.leclercdrive.fr/image.ashx?id=2934679&use=l&cat=p&typeid=i","cat":304252},{"id":31113,"n":"Haricots rouges Notre Jardin 500g","p":1.37,"u":"2,74 €/KG","img":"https://fd16-photos.leclercdrive.fr/image.ashx?id=2988054&use=l&cat=p&typeid=i","cat":312606},{"id":31119,"n":"Tartelettes P'tit Déli Chocolat noisettes - 150g","p":1.29,"u":"8,60 €/KG","img":"https://fd16-photos.leclercdrive.fr/image.ashx?id=2345556&use=l&cat=p&typeid=i","cat":284488},{"id":31133,"n":"Tartine croustillante Epi d'Or Seigle - 250g","p":1.29,"u":"5,16 €/KG","img":"https://fd16-photos.leclercdrive.fr/image.ashx?id=2533325&use=l&cat=p&typeid=i","cat":284479},{"id":31135,"n":"Terrine de lapin Côté Table A la moutarde - 180g","p":2.49,"u":"13,83 €/KG","img":"https://fd16-photos.leclercdrive.fr/image.ashx?id=2476125&use=l&cat=p&typeid=i","cat":305149},{"id":31136,"n":"Pâtes Torti Panzani 3 Minutes - 1Kg","p":2.26,"u":"2,26 €/KG","img":"https://fd16-photos.leclercdrive.fr/image.ashx?id=2896099&use=l&cat=p&typeid=i","cat":284427},{"id":31143,"n":"Lait concentré sucré Délisse 397g","p":1.35,"u":"3,40 €/KG","img":"https://fd16-photos.leclercdrive.fr/image.ashx?id=2576588&use=l&cat=p&typeid=i","cat":299162},{"id":31146,"n":"Madeleines P'tit Déli Longues fourrées 240g","p":2.35,"u":"9,79 €/KG","img":"https://fd16-photos.leclercdrive.fr/image.ashx?id=2754204&use=l&cat=p&typeid=i","cat":284492},{"id":31149,"n":"Les p'tites spirales P'tit Déli Fraise 150g","p":1.55,"u":"10,33 €/KG","img":"https://fd16-photos.leclercdrive.fr/image.ashx?id=2660419&use=l&cat=p&typeid=i","cat":284495},{"id":31151,"n":"Financier P'tit Déli Aux amandes 200g","p":2.09,"u":"10,45 €/KG","img":"https://fd16-photos.leclercdrive.fr/image.ashx?id=2683913&use=l&cat=p&typeid=i","cat":284487},{"id":31153,"n":"Moutarde gourmande Rustica 340g","p":1.59,"u":"4,68 €/KG","img":"https://fd16-photos.leclercdrive.fr/image.ashx?id=2666563&use=l&cat=p&typeid=i","cat":288850},{"id":31171,"n":"Pop corn sucrés Tokapi Micro-ondable - 3x90g","p":1.25,"u":"4,63 €/KG","img":"https://fd16-photos.leclercdrive.fr/image.ashx?id=2987154&use=l&cat=p&typeid=i","cat":304249},{"id":31174,"n":"Pâtes penne rigate Panzani 1kg","p":1.95,"u":"1,95 €/KG","img":"https://fd16-photos.leclercdrive.fr/image.ashx?id=2876020&use=l&cat=p&typeid=i","cat":284427},{"id":31183,"n":"Pain campagnard Schar 240g","p":3.49,"u":"14,54 €/KG","img":"https://fd16-photos.leclercdrive.fr/image.ashx?id=2267978&use=l&cat=p&typeid=i","cat":325069},{"id":31191,"n":"Riz sushi Tanoshi 450g","p":3.15,"u":"7,00 €/KG","img":"https://fd16-photos.leclercdrive.fr/image.ashx?id=2955788&use=l&cat=p&typeid=i","cat":288992},{"id":31211,"n":"Grana Padano AOP Casa Azzurra Râpé -  100g","p":1.97,"u":"19,70 €/KG","img":"https://fd16-photos.leclercdrive.fr/image.ashx?id=2284730&use=l&cat=p&typeid=i","cat":314035},{"id":31223,"n":"Bain Dissolvant Inell Bain sans acétone - 75ml","p":3.99,"u":"53,20 €/L","img":"https://fd16-photos.leclercdrive.fr/image.ashx?id=2244820&use=l&cat=p&typeid=i","cat":325347},{"id":31265,"n":"Friandises chats Félix Original  Party mix - 60g","p":1.26,"u":"21,00 €/KG","img":"https://fd16-photos.leclercdrive.fr/image.ashx?id=2683346&use=l&cat=p&typeid=i","cat":285285},{"id":31267,"n":"Friandises chats Félix Saveur océane Party mix  - 60g","p":1.23,"u":"20,50 €/KG","img":"https://fd16-photos.leclercdrive.fr/image.ashx?id=2910210&use=l&cat=p&typeid=i","cat":285285},{"id":31289,"n":"Emmental râpé Entremont 3x70g","p":2.41,"u":"11,48 €/KG","img":"https://fd16-photos.leclercdrive.fr/image.ashx?id=2983150&use=l&cat=p&typeid=i","cat":314035},{"id":31297,"n":"Fromage crémeux Les Croisés 36%mg - 200g","p":2.43,"u":"12,15 €/KG","img":"https://fd16-photos.leclercdrive.fr/image.ashx?id=2037379&use=l&cat=p&typeid=i","cat":329558},{"id":31298,"n":"Brique affinée Les Croisés 30%mg - 180g","p":2.59,"u":"14,39 €/KG","img":"https://fd16-photos.leclercdrive.fr/image.ashx?id=2913675&use=l&cat=p&typeid=i","cat":314033},{"id":31301,"n":"Steak haché Férial  15%mg - X10 - 1kg","p":11.9,"u":"11,90 €/KG","img":"https://fd16-photos.leclercdrive.fr/image.ashx?id=3004657&use=l&cat=p&typeid=i","cat":319778},{"id":31424,"n":"Pain aux céréales  400g","p":1.5,"u":"3,75 €/KG","img":"https://fd16-photos.leclercdrive.fr/image.ashx?id=2062996&use=l&cat=p&typeid=i","cat":284359},{"id":31441,"n":"Plat bébé Blédina 12 mois  Courgette riz veau - 2x200g","p":2.69,"u":"6,73 €/KG","img":"https://fd16-photos.leclercdrive.fr/image.ashx?id=2975074&use=l&cat=p&typeid=i","cat":312237},{"id":31447,"n":"Tablette Chocolat Lait Crunch Céréales Croustillantes 2x100g","p":2.7,"u":"13,50 €/KG","img":"https://fd16-photos.leclercdrive.fr/image.ashx?id=2899740&use=l&cat=p&typeid=i","cat":284497},{"id":31449,"n":"Tortillas chips Eco+ Nature - 300g","p":0.94,"u":"3,13 €/KG","img":"https://fd16-photos.leclercdrive.fr/image.ashx?id=2669729&use=l&cat=p&typeid=i","cat":287899},{"id":31450,"n":"Délice de jambon Tulip 340g","p":2.99,"u":"8,79 €/KG","img":"https://fd16-photos.leclercdrive.fr/image.ashx?id=2465592&use=l&cat=p&typeid=i","cat":305149},{"id":31641,"n":"Poulet basquaise Côté Table Riz 285g","p":1.81,"u":"6,35 €/KG","img":"https://fd16-photos.leclercdrive.fr/image.ashx?id=2476149&use=l&cat=p&typeid=i","cat":284953},{"id":31656,"n":"Cornichons Rustica Aigre Doux - 360g","p":1.63,"u":"4,53 €/KG","img":"https://fd16-photos.leclercdrive.fr/image.ashx?id=2916698&use=l&cat=p&typeid=i","cat":284458},{"id":31662,"n":"Sirop La Maison Guiot Mûre / Cassis - 70cl","p":3.59,"u":"5,13 €/L","img":"https://fd16-photos.leclercdrive.fr/image.ashx?id=2857186&use=l&cat=p&typeid=i","cat":295020},{"id":31682,"n":"Sachet repas chat Tous mes amis Viande en sauces - 4x100g","p":1.49,"u":"3,73 €/KG","img":"https://fd16-photos.leclercdrive.fr/image.ashx?id=2043005&use=l&cat=p&typeid=i","cat":285286},{"id":31709,"n":"Viande boeuf séchée Saint Azay 10 tranches - 80g","p":3.78,"u":"47,25 €/KG","img":"https://fd16-photos.leclercdrive.fr/image.ashx?id=2071366&use=l&cat=p&typeid=i","cat":316007},{"id":31717,"n":"Parmigiano Reg AOP Casa Azzurra Râpé -  60g","p":1.47,"u":"24,50 €/KG","img":"https://fd16-photos.leclercdrive.fr/image.ashx?id=2261951&use=l&cat=p&typeid=i","cat":314035},{"id":31728,"n":"Jus de pomme Jafaden Nectar - 2L","p":2.15,"u":"1,08 €/L","img":"https://fd16-photos.leclercdrive.fr/image.ashx?id=2956077&use=l&cat=p&typeid=i","cat":284522},{"id":31729,"n":"Jus de pomme Jafaden A base de concentré - 1L","p":0.95,"u":"0,95 €/L","img":"https://fd16-photos.leclercdrive.fr/image.ashx?id=2550842&use=l&cat=p&typeid=i","cat":284522},{"id":31730,"n":"Pur jus de pomme Jafaden 1L","p":0.99,"u":"0,99 €/L","img":"https://fd16-photos.leclercdrive.fr/image.ashx?id=1936638&use=l&cat=p&typeid=i","cat":284522},{"id":31731,"n":"Thé glacé Fresh Tea Pêche - 1L","p":1.03,"u":"1,03 €/L","img":"https://fd16-photos.leclercdrive.fr/image.ashx?id=3002791&use=l&cat=p&typeid=i","cat":295019},{"id":31733,"n":"Pur jus multifruits Jafaden 1L","p":1.39,"u":"1,39 €/L","img":"https://fd16-photos.leclercdrive.fr/image.ashx?id=2890006&use=l&cat=p&typeid=i","cat":284917},{"id":31735,"n":"Nectar multifruits Jafaden 1L","p":1.75,"u":"1,75 €/L","img":"https://fd16-photos.leclercdrive.fr/image.ashx?id=2956089&use=l&cat=p&typeid=i","cat":284917},{"id":31736,"n":"Nectar Jafaden Goyave - 1L","p":2.08,"u":"2,08 €/L","img":"https://fd16-photos.leclercdrive.fr/image.ashx?id=2956095&use=l&cat=p&typeid=i","cat":284916},{"id":31737,"n":"Nectar Jafaden Passion - 1L","p":2.71,"u":"2,71 €/L","img":"https://fd16-photos.leclercdrive.fr/image.ashx?id=2959602&use=l&cat=p&typeid=i","cat":284916},{"id":31830,"n":"Sachet repas chat Tous mes amis Viande en sauce - 12x100g","p":3.65,"u":"3,04 €/KG","img":"https://fd16-photos.leclercdrive.fr/image.ashx?id=2677077&use=l&cat=p&typeid=i","cat":285286},{"id":31899,"n":"Huile OPTIMA Tramier  1L","p":5.18,"u":"5,18 €/L","img":"https://fd16-photos.leclercdrive.fr/image.ashx?id=2680407&use=l&cat=p&typeid=i","cat":284453},{"id":31915,"n":"Mayonnaise à la moutarde de Dij  de Dijon Rustica - 235 g","p":1.25,"u":"5,32 €/KG","img":"https://fd16-photos.leclercdrive.fr/image.ashx?id=2954355&use=l&cat=p&typeid=i","cat":298295},{"id":31918,"n":"Sucre Tablier Blanc En morceaux - 1kg","p":1.99,"u":"1,99 €/KG","img":"https://fd16-photos.leclercdrive.fr/image.ashx?id=3010425&use=l&cat=p&typeid=i","cat":284502},{"id":31920,"n":"Matière grasse Rustica à tartiner 50%MG Omega 3 - 500g","p":1.98,"u":"3,96 €/KG","img":"https://fd16-photos.leclercdrive.fr/image.ashx?id=2904556&use=l&cat=p&typeid=i","cat":315229},{"id":31924,"n":"Déodorant bille Manava Peaux sensibles 50ml","p":1.15,"u":"23,00 €/L","img":"https://fd16-photos.leclercdrive.fr/image.ashx?id=2481222&use=l&cat=p&typeid=i","cat":284595},{"id":31934,"n":"Spray coiffant Vitanove Fixation forte - 250ml","p":1.19,"u":"4,76 €/L","img":"https://fd16-photos.leclercdrive.fr/image.ashx?id=2331697&use=l&cat=p&typeid=i","cat":284609},{"id":31935,"n":"Spray coiffant Vitanove Fixation extra forte - 250ml","p":1.39,"u":"5,56 €/L","img":"https://fd16-photos.leclercdrive.fr/image.ashx?id=2331700&use=l&cat=p&typeid=i","cat":284609},{"id":31936,"n":"Spray coiffant Vitanove Fixation extrême - 250ml","p":1.43,"u":"5,72 €/L","img":"https://fd16-photos.leclercdrive.fr/image.ashx?id=2331703&use=l&cat=p&typeid=i","cat":284609},{"id":31937,"n":"Laque Vitanove Fixation normale 300ml","p":1.95,"u":"6,50 €/L","img":"https://fd16-photos.leclercdrive.fr/image.ashx?id=2616739&use=l&cat=p&typeid=i","cat":284609},{"id":31965,"n":"Nettoyant spray Clair Cuisine et salle de bain 750ml","p":1.49,"u":"1,99 €/L","img":"https://fd16-photos.leclercdrive.fr/image.ashx?id=2466151&use=l&cat=p&typeid=i","cat":325357},{"id":31967,"n":"Gel nettoyant Clair Anticalcaire - 500ml","p":1.26,"u":"2,52 €/L","img":"https://fd16-photos.leclercdrive.fr/image.ashx?id=1921622&use=l&cat=p&typeid=i","cat":325362},{"id":31968,"n":"Crème Dépilatoire Siliss Sous la douche - 250ml","p":3.39,"u":"13,56 €/L","img":"https://fd16-photos.leclercdrive.fr/image.ashx?id=2699447&use=l&cat=p&typeid=i","cat":325351},{"id":31970,"n":"Soin visage Carré Homme Anti-âge anti-fatigue Q10- 50ml","p":3.7,"u":"74,00 €/L","img":"https://fd16-photos.leclercdrive.fr/image.ashx?id=2809689&use=l&cat=p&typeid=i","cat":284622},{"id":31981,"n":"Couches bébé Mots d'Enfants T4+ Ultra confort - 9/20kg - x24","p":5.8,"u":"0,24 €/P","img":"https://fd16-photos.leclercdrive.fr/image.ashx?id=2699459&use=l&cat=p&typeid=i","cat":284737},{"id":31983,"n":"Cidre rosé Les Goelleries 2.5%vol. - 75cl","p":2.29,"u":"3,05 €/L","img":"https://fd16-photos.leclercdrive.fr/image.ashx?id=2842295&use=l&cat=p&typeid=i","cat":334880},{"id":31985,"n":"Couches bébé Mots d'Enfants -T4 Ultra confort - 7/18kg - x26","p":5.55,"u":"0,21 €/P","img":"https://fd16-photos.leclercdrive.fr/image.ashx?id=2699456&use=l&cat=p&typeid=i","cat":284737},{"id":31988,"n":"Sachet repas chat Tous mes amis Poissons en gelée - 4x100g","p":1.33,"u":"3,33 €/KG","img":"https://fd16-photos.leclercdrive.fr/image.ashx?id=2043002&use=l&cat=p&typeid=i","cat":285286},{"id":32059,"n":"Sachet repas chat Tous mes amis Viande en geléé - 12x100g","p":3.65,"u":"3,04 €/KG","img":"https://fd16-photos.leclercdrive.fr/image.ashx?id=2027598&use=l&cat=p&typeid=i","cat":285286},{"id":32064,"n":"Mousse à raser Carré Homme Sensible - 250ml","p":1.39,"u":"5,56 €/L","img":"https://fd16-photos.leclercdrive.fr/image.ashx?id=2704681&use=l&cat=p&typeid=i","cat":284617},{"id":32065,"n":"Couches bébé Mots d'Enfants T4 Douceur - 7/18kg - x74 changes","p":10.6,"u":"0,14 €/P","img":"https://fd16-photos.leclercdrive.fr/image.ashx?id=2699468&use=l&cat=p&typeid=i","cat":284737},{"id":32098,"n":"Biscuits Dinosaurus Lotus  Chocolat noir - 225g","p":2.4,"u":"10,67 €/KG","img":"https://fd16-photos.leclercdrive.fr/image.ashx?id=2859812&use=l&cat=p&typeid=i","cat":284488},{"id":32103,"n":"Goûter laitier Récré O'Lé Gourdes Chocolat - 4x85g","p":2.18,"u":"6,41 €/KG","img":"https://fd16-photos.leclercdrive.fr/image.ashx?id=3008824&use=l&cat=p&typeid=i","cat":284506},{"id":32125,"n":"Mélange Fruité Tokapi Fruits et graines - 110g","p":1.65,"u":"15,00 €/KG","img":"https://fd16-photos.leclercdrive.fr/image.ashx?id=2794003&use=l&cat=p&typeid=i","cat":284448},{"id":32181,"n":"Trousse dentaire Petit Dentamyl 2-6ans","p":2.5,"img":"https://fd16-photos.leclercdrive.fr/image.ashx?id=2072888&use=l&cat=p&typeid=i","cat":288897},{"id":32182,"n":"Trousse dentaire Petit Dentamyl 2-6ans","p":2.5,"img":"https://fd16-photos.leclercdrive.fr/image.ashx?id=2153159&use=l&cat=p&typeid=i","cat":288897},{"id":32183,"n":"Couches bébé Mots d'Enfants T4+ Douceur - 9/20kg - x70 changes","p":10.8,"u":"0,15 €/P","img":"https://fd16-photos.leclercdrive.fr/image.ashx?id=2904574&use=l&cat=p&typeid=i","cat":284737},{"id":32186,"n":"Couches bébé Mots d'Enfants T5 Douceur - 11/25kg - x66","p":10.7,"u":"0,16 €/P","img":"https://fd16-photos.leclercdrive.fr/image.ashx?id=2699474&use=l&cat=p&typeid=i","cat":284737},{"id":32202,"n":"Couches bébé Mots d'Enfants T3 Douceur - 4/9kg - x90 changes","p":11.4,"u":"0,13 €/P","img":"https://fd16-photos.leclercdrive.fr/image.ashx?id=2904571&use=l&cat=p&typeid=i","cat":284737},{"id":32213,"n":"Bacon fumé Herta Barquette 100g","p":1.99,"u":"19,90 €/KG","img":"https://fd16-photos.leclercdrive.fr/image.ashx?id=2876236&use=l&cat=p&typeid=i","cat":316011},{"id":32216,"n":"Sandwich XXL Daunat Poulet rôti Mayonnaise - 230g","p":2.24,"u":"9,74 €/KG","img":"https://fd16-photos.leclercdrive.fr/image.ashx?id=2892706&use=l&cat=p&typeid=i","cat":333658},{"id":32254,"n":"Eau minérale naturelle St Amand 6x50cl","p":1.7,"u":"0,57 €/L","img":"https://fd16-photos.leclercdrive.fr/image.ashx?id=2877994&use=l&cat=p&typeid=i","cat":284535},{"id":32255,"n":"Déodorant Manava Pierre d'alun/Aloé véra - 200ml","p":1.44,"u":"7,20 €/L","img":"https://fd16-photos.leclercdrive.fr/image.ashx?id=2710494&use=l&cat=p&typeid=i","cat":284595},{"id":32258,"n":"Couches bébé Mots d'Enfants -T3 Ultra confort - 4/9kg - x29","p":5.99,"u":"0,21 €/P","img":"https://fd16-photos.leclercdrive.fr/image.ashx?id=2699453&use=l&cat=p&typeid=i","cat":284737},{"id":32267,"n":"Emmental fromage rapé Les Croisés - 325g","p":2.65,"u":"8,15 €/KG","img":"https://fd16-photos.leclercdrive.fr/image.ashx?id=2942786&use=l&cat=p&typeid=i","cat":314035},{"id":32268,"n":"Bûche de chèvre Les Croisés Non affiné 19%mg - 150g","p":1.89,"u":"12,60 €/KG","img":"https://fd16-photos.leclercdrive.fr/image.ashx?id=2919613&use=l&cat=p&typeid=i","cat":314031},{"id":32269,"n":"Maasdam fromage bloc  Les Croisés - 330g","p":2.47,"u":"7,48 €/KG","img":"https://fd16-photos.leclercdrive.fr/image.ashx?id=2081690&use=l&cat=p&typeid=i","cat":314034},{"id":32293,"n":"Sucre de canne Tablier Blanc Cassonade 750g","p":1.55,"u":"2,07 €/KG","img":"https://fd16-photos.leclercdrive.fr/image.ashx?id=2501676&use=l&cat=p&typeid=i","cat":284502},{"id":32301,"n":"Biscuit Petit beurre P'tit Déli Tablette chocolat blanc - 150g","p":1.49,"u":"9,93 €/KG","img":"https://fd16-photos.leclercdrive.fr/image.ashx?id=2970738&use=l&cat=p&typeid=i","cat":284488},{"id":32307,"n":"Le Rossignol Les Croisés 29%mg - 250g","p":2.16,"u":"8,64 €/KG","img":"https://fd16-photos.leclercdrive.fr/image.ashx?id=2841753&use=l&cat=p&typeid=i","cat":329558},{"id":32317,"n":"Apéritif Lagoa Cocktail Planteur sans alcool 75cl","p":3.04,"u":"4,05 €/L","img":"https://fd16-photos.leclercdrive.fr/image.ashx?id=2047868&use=l&cat=p&typeid=i","cat":284549},{"id":32319,"n":"Pétillant Gibus Pomme pêche sans alcool 75cl","p":2.45,"u":"3,27 €/L","img":"https://fd16-photos.leclercdrive.fr/image.ashx?id=1887592&use=l&cat=p&typeid=i","cat":289460},{"id":32335,"n":"100% Pur jus d'orange Jafaden Très pulpé - 1L","p":2.61,"u":"2,61 €/L","img":"https://fd16-photos.leclercdrive.fr/image.ashx?id=2956080&use=l&cat=p&typeid=i","cat":284521},{"id":32339,"n":"Sirop Frucci Pamplemousse Rose - 75cl","p":3.65,"u":"4,87 €/L","img":"https://fd16-photos.leclercdrive.fr/image.ashx?id=2909900&use=l&cat=p&typeid=i","cat":295020},{"id":32357,"n":"Yaourts en gourde Délisse 3 Abricots + 3 Fraises - 6x90g","p":2.89,"u":"5,35 €/KG","img":"https://fd16-photos.leclercdrive.fr/image.ashx?id=2699565&use=l&cat=p&typeid=i","cat":284415},{"id":32377,"n":"Gélule brûle graisse Juvamine Thé vert / Kola - x60","p":5.55,"u":"0,09 €/P","img":"https://fd16-photos.leclercdrive.fr/image.ashx?id=2177785&use=l&cat=p&typeid=i","cat":313217},{"id":32380,"n":"Farine de blé Eco+ 1kg","p":0.54,"u":"0,54 €/KG","img":"https://fd16-photos.leclercdrive.fr/image.ashx?id=2694076&use=l&cat=p&typeid=i","cat":284503},{"id":32386,"n":"Mélange forestier Notre Jardin 225g","p":2.57,"u":"11,42 €/KG","img":"https://fd16-photos.leclercdrive.fr/image.ashx?id=2804329&use=l&cat=p&typeid=i","cat":312612},{"id":32387,"n":"Ratatouille Notre Jardin A la provençale - 375g","p":1.06,"u":"2,83 €/KG","img":"https://fd16-photos.leclercdrive.fr/image.ashx?id=2526294&use=l&cat=p&typeid=i","cat":312612},{"id":32444,"n":"AOP Cabernet d'Anjou vin rosé  Soupçon de Fruit  - 75cl","p":5.14,"u":"6,85 €/L","img":"https://fd16-photos.leclercdrive.fr/image.ashx?id=2432388&use=l&cat=p&typeid=i","cat":289558},{"id":32497,"n":"Recharge Savon Mains Dettol Parfum Citron 250ml","p":2.12,"u":"8,48 €/L","img":"https://fd16-photos.leclercdrive.fr/image.ashx?id=2962020&use=l&cat=p&typeid=i","cat":284597},{"id":32552,"n":"Apéritif Lagoa Cocktail Mojito sans alcool 75cl","p":2.95,"u":"3,93 €/L","img":"https://fd16-photos.leclercdrive.fr/image.ashx?id=2519969&use=l&cat=p&typeid=i","cat":284549},{"id":32555,"n":"Fromage Maasdam Les Croisés tranches x14 - 27.1%mg - 350g","p":3.23,"u":"9,23 €/KG","img":"https://fd16-photos.leclercdrive.fr/image.ashx?id=2026322&use=l&cat=p&typeid=i","cat":314028},{"id":32556,"n":"Gouda Les Croisés 30.5%mg portion - 250g","p":3.25,"u":"13,00 €/KG","img":"https://fd16-photos.leclercdrive.fr/image.ashx?id=2900121&use=l&cat=p&typeid=i","cat":314034},{"id":32557,"n":"Edam Les Croisés 23.7%mg portion - 250g","p":3.09,"u":"12,36 €/KG","img":"https://fd16-photos.leclercdrive.fr/image.ashx?id=2900124&use=l&cat=p&typeid=i","cat":314034},{"id":32558,"n":"Mimolette Les Croisés 23.7%mg portion - 250g","p":2.97,"u":"11,88 €/KG","img":"https://fd16-photos.leclercdrive.fr/image.ashx?id=2796049&use=l&cat=p&typeid=i","cat":314034},{"id":32643,"n":"Pruneaux d'Agen Couleurs Vives Dénoyautés - 500g","p":3.99,"u":"7,98 €/KG","img":"https://fd16-photos.leclercdrive.fr/image.ashx?id=2124107&use=l&cat=p&typeid=i","cat":284357},{"id":32690,"n":"Tranches de fromage Leerdammer Le Léger - 8 Tranches - 200g","p":3.79,"u":"18,95 €/KG","img":"https://fd16-photos.leclercdrive.fr/image.ashx?id=2507581&use=l&cat=p&typeid=i","cat":314028},{"id":32765,"n":"Bonbons Copains Copines Planch' acid goût fruit 225g","p":1.11,"u":"4,93 €/KG","img":"https://fd16-photos.leclercdrive.fr/image.ashx?id=2934709&use=l&cat=p&typeid=i","cat":304250},{"id":32786,"n":"Déodorant bille Manava Pierre d'alun - 50ml","p":0.99,"u":"19,80 €/L","img":"https://fd16-photos.leclercdrive.fr/image.ashx?id=2481219&use=l&cat=p&typeid=i","cat":284595},{"id":32817,"n":"Eau minérale Mont Blanc 6x1.5L","p":2.92,"u":"0,32 €/L","img":"https://fd16-photos.leclercdrive.fr/image.ashx?id=2401110&use=l&cat=p&typeid=i","cat":284535},{"id":32829,"n":"Litière chats Tous mes Amis Optimale - 5L","p":4.5,"u":"0,90 €/L","img":"https://fd16-photos.leclercdrive.fr/image.ashx?id=2055220&use=l&cat=p&typeid=i","cat":284683},{"id":32878,"n":"Biscuits fins P'tit Déli Assortiment - 400g","p":4.57,"u":"11,43 €/KG","img":"https://fd16-photos.leclercdrive.fr/image.ashx?id=2563154&use=l&cat=p&typeid=i","cat":284490},{"id":32901,"n":"Escalopes de dinde Volandrie x2 - 240g","p":3.49,"u":"14,54 €/KG","img":"https://fd16-photos.leclercdrive.fr/image.ashx?id=2048860&use=l&cat=p&typeid=i","cat":284337},{"id":32902,"n":"Escalope de dinde Volandrie Extra fines x2 - 240g","p":3.49,"u":"14,54 €/KG","img":"https://fd16-photos.leclercdrive.fr/image.ashx?id=2048863&use=l&cat=p&typeid=i","cat":284337},{"id":32949,"n":"Gel Douche Fa Cap tonique mixte flacon- 250ml","p":1.45,"u":"5,80 €/L","img":"https://fd16-photos.leclercdrive.fr/image.ashx?id=2995418&use=l&cat=p&typeid=i","cat":284594},{"id":32954,"n":"Bûche glacée Eskiss Poire Chocolat - 549g","p":3.89,"u":"7,09 €/KG","img":"https://fd16-photos.leclercdrive.fr/image.ashx?id=2209852&use=l&cat=p&typeid=i","cat":284266},{"id":32969,"n":"Mousse à raser Carré Homme Menthol 250ml","p":1.39,"u":"5,56 €/L","img":"https://fd16-photos.leclercdrive.fr/image.ashx?id=2704705&use=l&cat=p&typeid=i","cat":284617},{"id":32970,"n":"Lingettes Bionaïa Démaquillantes Bio x25","p":1.04,"u":"0,04 €/P","img":"https://fd16-photos.leclercdrive.fr/image.ashx?id=2376025&use=l&cat=p&typeid=i","cat":284603},{"id":32971,"n":"Mousse à raser Carré Homme Protectrice 250ml","p":1.12,"u":"4,48 €/L","img":"https://fd16-photos.leclercdrive.fr/image.ashx?id=2842289&use=l&cat=p&typeid=i","cat":284617},{"id":32972,"n":"Gel nettoyant Inell Visage 3 en 1 - 150ml","p":2.95,"u":"19,67 €/L","img":"https://fd16-photos.leclercdrive.fr/image.ashx?id=2644849&use=l&cat=p&typeid=i","cat":284603},{"id":32973,"n":"Eau micellaire Inell 500ml","p":2.36,"u":"4,72 €/L","img":"https://fd16-photos.leclercdrive.fr/image.ashx?id=1938870&use=l&cat=p&typeid=i","cat":284603},{"id":32981,"n":"Biscuits sec thé P'tit Déli 340g","p":1.21,"u":"3,56 €/KG","img":"https://fd16-photos.leclercdrive.fr/image.ashx?id=2679488&use=l&cat=p&typeid=i","cat":284487},{"id":32982,"n":"Pâtes coquillettes Turini Les 3 min - 1kg","p":1.43,"u":"1,43 €/KG","img":"https://fd16-photos.leclercdrive.fr/image.ashx?id=2607530&use=l&cat=p&typeid=i","cat":284427},{"id":32985,"n":"Riz long Comptoir du Grain Cuisson rapide - 2kg","p":3.36,"u":"1,68 €/KG","img":"https://fd16-photos.leclercdrive.fr/image.ashx?id=2226197&use=l&cat=p&typeid=i","cat":284428},{"id":32986,"n":"Pâtes penne Turini Les 3 min - 500g","p":0.99,"u":"1,98 €/KG","img":"https://fd16-photos.leclercdrive.fr/image.ashx?id=2744240&use=l&cat=p&typeid=i","cat":284427},{"id":32996,"n":"Tripes à la mode de Caen Bigard 500g","p":4.5,"u":"9,00 €/KG","img":"https://fd16-photos.leclercdrive.fr/image.ashx?id=2032138&use=l&cat=p&typeid=i","cat":333666},{"id":33017,"n":"Eau gazeuse  Badoit rouge fortement pétillante - 6x1l","p":3.72,"u":"0,62 €/L","img":"https://fd16-photos.leclercdrive.fr/image.ashx?id=2831783&use=l&cat=p&typeid=i","cat":284536},{"id":33019,"n":"Crème Nourrissante Nivea Visage Corps Mains - 150ml","p":1.94,"u":"12,93 €/L","img":"https://fd16-photos.leclercdrive.fr/image.ashx?id=2600536&use=l&cat=p&typeid=i","cat":325350},{"id":33036,"n":"Beurre allégé Les Croisés Doux - 60% MG - 250g","p":1.87,"u":"7,48 €/KG","img":"https://fd16-photos.leclercdrive.fr/image.ashx?id=2893319&use=l&cat=p&typeid=i","cat":284379},{"id":33046,"n":"Tuiles Tokapi Epicé - 170g","p":1.39,"u":"8,18 €/KG","img":"https://fd16-photos.leclercdrive.fr/image.ashx?id=2641277&use=l&cat=p&typeid=i","cat":287899},{"id":33047,"n":"AOC Bordeaux vin rouge Chantet Blanet - BIB 5L","p":15.49,"u":"3,10 €/L","img":"https://fd16-photos.leclercdrive.fr/image.ashx?id=2727386&use=l&cat=p&typeid=i","cat":289560},{"id":33063,"n":"Lait de toilette Mots d'Enfants Extra-doux - 750ml","p":3.69,"u":"4,92 €/L","img":"https://fd16-photos.leclercdrive.fr/image.ashx?id=2266495&use=l&cat=p&typeid=i","cat":284741},{"id":33097,"n":"Steak haché façon bouchère 560g Férial - 15%mg - X4","p":9.45,"u":"16,88 €/KG","img":"https://fd16-photos.leclercdrive.fr/image.ashx?id=3004660&use=l&cat=p&typeid=i","cat":319778},{"id":33098,"n":"Viande hachée Férial 15%mg - 400G","p":5.49,"u":"13,73 €/KG","img":"https://fd16-photos.leclercdrive.fr/image.ashx?id=2966517&use=l&cat=p&typeid=i","cat":319779},{"id":33150,"n":"Blanquette Weight Watchers Poulet 300g","p":3.33,"u":"11,10 €/KG","img":"https://fd16-photos.leclercdrive.fr/image.ashx?id=2880739&use=l&cat=p&typeid=i","cat":333665},{"id":33199,"n":"Sirop Eco+ Fraise - 1L","p":2.43,"u":"2,43 €/L","img":"https://fd16-photos.leclercdrive.fr/image.ashx?id=2959701&use=l&cat=p&typeid=i","cat":295020},{"id":33200,"n":"Sirop menthe Eco+ 1L","p":1.41,"u":"1,41 €/L","img":"https://fd16-photos.leclercdrive.fr/image.ashx?id=2909831&use=l&cat=p&typeid=i","cat":295020},{"id":33219,"n":"Truite fumée Ovive Aquitaine 4 tranches - 120g","p":5.85,"u":"48,75 €/KG","img":"https://fd16-photos.leclercdrive.fr/image.ashx?id=2996941&use=l&cat=p&typeid=i","cat":285188},{"id":33239,"n":"Café Soluble Nescafé Spécial Filtre - x25 - 50g","p":2.77,"u":"55,40 €/KG","img":"https://fd16-photos.leclercdrive.fr/image.ashx?id=2485134&use=l&cat=p&typeid=i","cat":284843},{"id":33251,"n":"Déodorant Manava peux sensibles Anti-transpirant spray - 200ml","p":1.29,"u":"6,45 €/L","img":"https://fd16-photos.leclercdrive.fr/image.ashx?id=2886454&use=l&cat=p&typeid=i","cat":284595},{"id":33255,"n":"Pâtes farfalle Turini Les 3 min - 500g","p":1.07,"u":"2,14 €/KG","img":"https://fd16-photos.leclercdrive.fr/image.ashx?id=2669723&use=l&cat=p&typeid=i","cat":284427},{"id":33258,"n":"Sachet cuisson Rustica Poulet ail et oignon - 36g","p":0.59,"u":"16,39 €/KG","img":"https://fd16-photos.leclercdrive.fr/image.ashx?id=1886680&use=l&cat=p&typeid=i","cat":288380},{"id":33260,"n":"Sachet cuisson Rustica Porc goût barbecue - 28g","p":0.61,"u":"21,79 €/KG","img":"https://fd16-photos.leclercdrive.fr/image.ashx?id=1886677&use=l&cat=p&typeid=i","cat":288380},{"id":33262,"n":"Céréales Corn Flakes Kellogg's 500g","p":2.52,"u":"5,04 €/KG","img":"https://fd16-photos.leclercdrive.fr/image.ashx?id=2522005&use=l&cat=p&typeid=i","cat":309513},{"id":33266,"n":"Céréales Smacks Kellogg's 400g","p":2.7,"u":"6,75 €/KG","img":"https://fd16-photos.leclercdrive.fr/image.ashx?id=2584235&use=l&cat=p&typeid=i","cat":309513},{"id":33274,"n":"Pâtes spaghetti Turini Les 3 min - 1kg","p":1.55,"u":"1,55 €/KG","img":"https://fd16-photos.leclercdrive.fr/image.ashx?id=2607533&use=l&cat=p&typeid=i","cat":284427},{"id":33287,"n":"Pâtes Torsettes Turini 3 min - 1kg","p":1.63,"u":"1,63 €/KG","img":"https://fd16-photos.leclercdrive.fr/image.ashx?id=2744237&use=l&cat=p&typeid=i","cat":284427},{"id":33293,"n":"Pruneaux d'Agen Couleurs Vives Pasteurisés - 500g","p":3.39,"u":"6,78 €/KG","img":"https://fd16-photos.leclercdrive.fr/image.ashx?id=2874380&use=l&cat=p&typeid=i","cat":284357},{"id":33299,"n":"Sérum physiologique Mots d'Enfants 5ml x40","p":2.19,"u":"10,95 €/L","img":"https://fd16-photos.leclercdrive.fr/image.ashx?id=3014209&use=l&cat=p&typeid=i","cat":284741},{"id":33301,"n":"Soda light  Pulp'Orange Orange Bouteille - 1,5L","p":1.39,"u":"0,93 €/L","img":"https://fd16-photos.leclercdrive.fr/image.ashx?id=2922412&use=l&cat=p&typeid=i","cat":284532},{"id":33302,"n":"Pâtes cannelloni Turini 250g","p":0.99,"u":"3,96 €/KG","img":"https://fd16-photos.leclercdrive.fr/image.ashx?id=2980468&use=l&cat=p&typeid=i","cat":284427},{"id":33304,"n":"Soja cuisine Bio Village Fluide bio - 3x20cl","p":1.61,"u":"2,68 €/L","img":"https://fd16-photos.leclercdrive.fr/image.ashx?id=2493679&use=l&cat=p&typeid=i","cat":316069},{"id":33305,"n":"Mélange Cocktail Tokapi Ananas et raisins - 120g","p":1.53,"u":"12,75 €/KG","img":"https://fd16-photos.leclercdrive.fr/image.ashx?id=2795559&use=l&cat=p&typeid=i","cat":284448},{"id":33306,"n":"Sucre pure canne Bio Village En poudre bio - 500g","p":1.66,"u":"3,32 €/KG","img":"https://fd16-photos.leclercdrive.fr/image.ashx?id=2115878&use=l&cat=p&typeid=i","cat":284502},{"id":33307,"n":"Semoule de blé fine Comptoir du Grain - 500g","p":0.96,"u":"1,92 €/KG","img":"https://fd16-photos.leclercdrive.fr/image.ashx?id=3012842&use=l&cat=p&typeid=i","cat":284429},{"id":33334,"n":"Crème hydratante Mots d'Enfants Bébé - 100ml","p":2.38,"u":"23,80 €/L","img":"https://fd16-photos.leclercdrive.fr/image.ashx?id=3014218&use=l&cat=p&typeid=i","cat":284741},{"id":33335,"n":"Eau nettoyante Mots d'Enfants Hydratante - 750ml","p":3.15,"u":"4,20 €/L","img":"https://fd16-photos.leclercdrive.fr/image.ashx?id=3015075&use=l&cat=p&typeid=i","cat":284741},{"id":33498,"n":"Jus de pomme pétillant Champomy Gold Pomme Pêche - 75cl","p":2.83,"u":"3,77 €/L","img":"https://fd16-photos.leclercdrive.fr/image.ashx?id=2688629&use=l&cat=p&typeid=i","cat":289460},{"id":33499,"n":"Jus de pomme pétillant Champomy Pink Pomme Raisin - 75cl","p":2.83,"u":"3,77 €/L","img":"https://fd16-photos.leclercdrive.fr/image.ashx?id=2688638&use=l&cat=p&typeid=i","cat":289460},{"id":33503,"n":"Salade & Cie Sodebo Antibes Thon riz - 320g","p":3.17,"u":"9,91 €/KG","img":"https://fd16-photos.leclercdrive.fr/image.ashx?id=2799431&use=l&cat=p&typeid=i","cat":333657},{"id":33577,"n":"Confit d'oignons Labeyrie 50g","p":1.58,"u":"31,60 €/KG","img":"https://fd16-photos.leclercdrive.fr/image.ashx?id=2923510&use=l&cat=p&typeid=i","cat":316008},{"id":33578,"n":"Confiture de figues Labeyrie 50g","p":1.73,"u":"34,60 €/KG","img":"https://fd16-photos.leclercdrive.fr/image.ashx?id=2247643&use=l&cat=p&typeid=i","cat":316008},{"id":33582,"n":"Fromage à tartiner Boursin Poivre - 150g","p":2.29,"u":"15,27 €/KG","img":"https://fd16-photos.leclercdrive.fr/image.ashx?id=2962284&use=l&cat=p&typeid=i","cat":314029},{"id":33594,"n":"Cacahuètes  Benenuts Grillées salées - 220g","p":1.28,"u":"5,82 €/KG","img":"https://fd16-photos.leclercdrive.fr/image.ashx?id=2418762&use=l&cat=p&typeid=i","cat":284448},{"id":33595,"n":"Monster Munch Salé - 85g","p":0.99,"u":"11,65 €/KG","img":"https://fd16-photos.leclercdrive.fr/image.ashx?id=2971598&use=l&cat=p&typeid=i","cat":284449},{"id":33596,"n":"Monster Munch Jambon fromage - 85g","p":1.04,"u":"12,24 €/KG","img":"https://fd16-photos.leclercdrive.fr/image.ashx?id=2971604&use=l&cat=p&typeid=i","cat":284449},{"id":33667,"n":"Crème de cassis Auguste Mugniot 15%vol. - 70cl","p":4.89,"u":"6,99 €/L","img":"https://fd16-photos.leclercdrive.fr/image.ashx?id=1211501&use=l&cat=p&typeid=i","cat":286032},{"id":33680,"n":"Croquettes grands chiens Lydog Boeuf Volaille - 14.5kg","p":18.7,"u":"1,29 €/KG","img":"https://fd16-photos.leclercdrive.fr/image.ashx?id=2054975&use=l&cat=p&typeid=i","cat":284672},{"id":33745,"n":"IGP Pays d'Oc rosé Cinsault  Syrah Ormes de Cambras - BIB 5L","p":15.89,"u":"3,18 €/L","img":"https://fd16-photos.leclercdrive.fr/image.ashx?id=2445118&use=l&cat=p&typeid=i","cat":289560},{"id":33749,"n":"IGP Terres du Midi Listel Vin rosé 12% vol - BIB 3L","p":12.97,"u":"4,32 €/L","img":"https://fd16-photos.leclercdrive.fr/image.ashx?id=2883468&use=l&cat=p&typeid=i","cat":289560},{"id":33754,"n":"Vin de l'Union Européenne blanc François d'Aubigné - 75cl","p":1.99,"u":"2,65 €/L","img":"https://fd16-photos.leclercdrive.fr/image.ashx?id=2753357&use=l&cat=p&typeid=i","cat":289557},{"id":33755,"n":"AOP Monbazillac vin blanc Bernard Cordelier - 75 cl","p":5.99,"u":"7,99 €/L","img":"https://fd16-photos.leclercdrive.fr/image.ashx?id=2809184&use=l&cat=p&typeid=i","cat":289557},{"id":33792,"n":"Crème mains bio Bio NaÏa Hydratante - 100ml","p":1.99,"u":"19,90 €/L","img":"https://fd16-photos.leclercdrive.fr/image.ashx?id=1682817&use=l&cat=p&typeid=i","cat":325354},{"id":33801,"n":"Crème protectrice - change Mots d'Enfants - 100ml","p":1.99,"u":"19,90 €/L","img":"https://fd16-photos.leclercdrive.fr/image.ashx?id=2320468&use=l&cat=p&typeid=i","cat":284741},{"id":33802,"n":"Lait Démaquillant bio Bio Naïa Visage 250ml","p":2.56,"u":"10,24 €/L","img":"https://fd16-photos.leclercdrive.fr/image.ashx?id=2399752&use=l&cat=p&typeid=i","cat":284603},{"id":33804,"n":"Déodorant Manava Douceur satin 200ml","p":1.44,"u":"7,20 €/L","img":"https://fd16-photos.leclercdrive.fr/image.ashx?id=1911801&use=l&cat=p&typeid=i","cat":284595},{"id":33805,"n":"Lingettes désinfectantes Clair Anti-bactériennes x40","p":1.05,"u":"0,03 €/P","img":"https://fd16-photos.leclercdrive.fr/image.ashx?id=2768095&use=l&cat=p&typeid=i","cat":325358},{"id":33811,"n":"Pastis de Marseille 45%vol - 1L","p":16.35,"u":"16,35 €/L","img":"https://fd16-photos.leclercdrive.fr/image.ashx?id=2637817&use=l&cat=p&typeid=i","cat":284548},{"id":33820,"n":"Friandises chat Catisfactions Saumon - 60g","p":1.14,"u":"19,00 €/KG","img":"https://fd16-photos.leclercdrive.fr/image.ashx?id=2912605&use=l&cat=p&typeid=i","cat":285285},{"id":33837,"n":"Tripes à la tomate Bigard 500g","p":4.62,"u":"9,24 €/KG","img":"https://fd16-photos.leclercdrive.fr/image.ashx?id=2032135&use=l&cat=p&typeid=i","cat":333666},{"id":33849,"n":"Shampooing bio Bio naïa 250ml","p":1.8,"u":"7,20 €/L","img":"https://fd16-photos.leclercdrive.fr/image.ashx?id=2822117&use=l&cat=p&typeid=i","cat":284606},{"id":33850,"n":"Eponges multi-usage Mamison Vertes - X6","p":1.75,"u":"0,29 €/P","img":"https://fd16-photos.leclercdrive.fr/image.ashx?id=2175768&use=l&cat=p&typeid=i","cat":284667},{"id":33852,"n":"Cubes allume-feu Silex x72 cubes","p":3.05,"u":"0,04 €/P","img":"https://fd16-photos.leclercdrive.fr/image.ashx?id=1304486&use=l&cat=p&typeid=i","cat":300578},{"id":33885,"n":"Olives noires  Rustica Dénoyautées - 180g","p":1.23,"u":"6,83 €/KG","img":"https://fd16-photos.leclercdrive.fr/image.ashx?id=1698893&use=l&cat=p&typeid=i","cat":284458},{"id":33887,"n":"Pains grillés complet Epi d'or 400g","p":1.57,"u":"3,93 €/KG","img":"https://fd16-photos.leclercdrive.fr/image.ashx?id=2555943&use=l&cat=p&typeid=i","cat":284479},{"id":33889,"n":"Pain précuit Epi d'or Petits pains x6 - 300g","p":0.99,"u":"3,30 €/KG","img":"https://fd16-photos.leclercdrive.fr/image.ashx?id=1905869&use=l&cat=p&typeid=i","cat":325069},{"id":33891,"n":"Paëlla royale Côté Table 300g","p":3.39,"u":"11,30 €/KG","img":"https://fd16-photos.leclercdrive.fr/image.ashx?id=2393872&use=l&cat=p&typeid=i","cat":284953},{"id":33892,"n":"Poule au riz Côté table 300g","p":2.31,"u":"7,70 €/KG","img":"https://fd16-photos.leclercdrive.fr/image.ashx?id=2393875&use=l&cat=p&typeid=i","cat":284953},{"id":33893,"n":"Penne Bio Village  Bio - 500g","p":0.89,"u":"1,78 €/KG","img":"https://fd16-photos.leclercdrive.fr/image.ashx?id=2625370&use=l&cat=p&typeid=i","cat":284427},{"id":33909,"n":"P'tit sablé P'tit Déli Au sel de Guérande 130g","p":1.09,"u":"8,38 €/KG","img":"https://fd16-photos.leclercdrive.fr/image.ashx?id=2666566&use=l&cat=p&typeid=i","cat":284487},{"id":33910,"n":"Biscuit Petit beurre P'tit Déli Chocolat noir pocket - 250g","p":2.39,"u":"9,56 €/KG","img":"https://fd16-photos.leclercdrive.fr/image.ashx?id=2919616&use=l&cat=p&typeid=i","cat":284488},{"id":33915,"n":"Veau aux légumes Côté table Barquette 280g","p":2.29,"u":"8,18 €/KG","img":"https://fd16-photos.leclercdrive.fr/image.ashx?id=2476152&use=l&cat=p&typeid=i","cat":284953},{"id":33918,"n":"Pâtes torsettes Turini Blé complet - 500g","p":0.99,"u":"1,98 €/KG","img":"https://fd16-photos.leclercdrive.fr/image.ashx?id=2607527&use=l&cat=p&typeid=i","cat":284427},{"id":33921,"n":"Boisson énergisante X-tense Bouteille - 1L","p":1.8,"u":"1,80 €/L","img":"https://fd16-photos.leclercdrive.fr/image.ashx?id=2919619&use=l&cat=p&typeid=i","cat":284533},{"id":33925,"n":"Hachés au thon Pêche Océan Albacore à la tomate - 200g","p":2.7,"u":"13,50 €/KG","img":"https://fd16-photos.leclercdrive.fr/image.ashx?id=2953629&use=l&cat=p&typeid=i","cat":284344},{"id":33988,"n":"Bloc WC Syphon Activ' Effect Marine x1","p":1.58,"img":"https://fd16-photos.leclercdrive.fr/image.ashx?id=2302690&use=l&cat=p&typeid=i","cat":284662},{"id":33992,"n":"Soda Coca-Cola Zéro Cherry  Bouteille - 1,25L","p":1.57,"u":"1,26 €/L","img":"https://fd16-photos.leclercdrive.fr/image.ashx?id=2678158&use=l&cat=p&typeid=i","cat":284530},{"id":34006,"n":"Boisson aux fruits Capri Sun Tropical - 10x20cl","p":3.38,"u":"1,69 €/L","img":"https://fd16-photos.leclercdrive.fr/image.ashx?id=2506399&use=l&cat=p&typeid=i","cat":295018},{"id":34007,"n":"Bâtonnets Dentastix Pedigree  Fresh Moyen chien x7 - 180g","p":2.54,"u":"14,11 €/KG","img":"https://fd16-photos.leclercdrive.fr/image.ashx?id=2850171&use=l&cat=p&typeid=i","cat":294527},{"id":34106,"n":"Dosettes café Plantation  Classique - x36 - 250g","p":3.72,"u":"14,88 €/KG","img":"https://fd16-photos.leclercdrive.fr/image.ashx?id=2622109&use=l&cat=p&typeid=i","cat":293238},{"id":34107,"n":"Dosettes café Plantation  Corsé - x36 - 250g","p":3.72,"u":"14,88 €/KG","img":"https://fd16-photos.leclercdrive.fr/image.ashx?id=2622112&use=l&cat=p&typeid=i","cat":293238},{"id":34177,"n":"Effilés aux legumes Purina One Poulet / Boeufs - 4x85g","p":2.15,"u":"6,32 €/KG","img":"https://fd16-photos.leclercdrive.fr/image.ashx?id=2467483&use=l&cat=p&typeid=i","cat":285286},{"id":34178,"n":"Sachet repas chats Purina One Viandes et Poissons - 4x85g","p":2.14,"u":"6,29 €/KG","img":"https://fd16-photos.leclercdrive.fr/image.ashx?id=2467486&use=l&cat=p&typeid=i","cat":285286},{"id":34198,"n":"Filet poulet blanc Douce France  x2 -300G","p":4.18,"u":"13,93 €/KG","img":"https://fd16-photos.leclercdrive.fr/image.ashx?id=2305323&use=l&cat=p&typeid=i","cat":284336},{"id":34204,"n":"Lait corps bio Bio naïa 250ml","p":3.53,"u":"14,12 €/L","img":"https://fd16-photos.leclercdrive.fr/image.ashx?id=2431131&use=l&cat=p&typeid=i","cat":325349},{"id":34258,"n":"Bière blonde spéciale 5 Lager Canette - 5%vol. - 50cl","p":0.79,"u":"1,58 €/L","img":"https://fd16-photos.leclercdrive.fr/image.ashx?id=2954097&use=l&cat=p&typeid=i","cat":334853},{"id":34326,"n":"Dosettes café Plantation  Caramel - x10 - 70g","p":1.63,"u":"23,29 €/KG","img":"https://fd16-photos.leclercdrive.fr/image.ashx?id=2824277&use=l&cat=p&typeid=i","cat":293238},{"id":34327,"n":"Dosettes café Plantation Noisette - x10 - 70g","p":1.82,"u":"26,00 €/KG","img":"https://fd16-photos.leclercdrive.fr/image.ashx?id=2664578&use=l&cat=p&typeid=i","cat":293238},{"id":34332,"n":"Vodka Sobieski  37,5%vol - 1L","p":15.72,"u":"15,72 €/L","img":"https://fd16-photos.leclercdrive.fr/image.ashx?id=2948477&use=l&cat=p&typeid=i","cat":284550},{"id":34333,"n":"Boisson à base de vin rosé Very Framboise - 75cl","p":3.05,"u":"4,07 €/L","img":"https://fd16-photos.leclercdrive.fr/image.ashx?id=2446632&use=l&cat=p&typeid=i","cat":304569},{"id":34334,"n":"Boisson à base de vin blanc  Very Pech'- Pêche - 75cl","p":2.88,"u":"3,84 €/L","img":"https://fd16-photos.leclercdrive.fr/image.ashx?id=2443874&use=l&cat=p&typeid=i","cat":304569},{"id":34361,"n":"Préparation pain Tablier Blanc Farine pour pain nature - 1kg","p":1.35,"u":"1,35 €/KG","img":"https://fd16-photos.leclercdrive.fr/image.ashx?id=2832951&use=l&cat=p&typeid=i","cat":284503},{"id":34362,"n":"Préparation pain Tablier Blanc Farine pain aux céréales - 1kg","p":1.45,"u":"1,45 €/KG","img":"https://fd16-photos.leclercdrive.fr/image.ashx?id=2844836&use=l&cat=p&typeid=i","cat":284503},{"id":34406,"n":"Dosettes café Plantation  Décaféiné - x36 - 250g","p":3.99,"u":"15,96 €/KG","img":"https://fd16-photos.leclercdrive.fr/image.ashx?id=2824274&use=l&cat=p&typeid=i","cat":293238},{"id":34500,"n":"Dosettes café Plantation  Classique - x48 - 336g","p":4.95,"u":"14,73 €/KG","img":"https://fd16-photos.leclercdrive.fr/image.ashx?id=2824271&use=l&cat=p&typeid=i","cat":293238},{"id":34521,"n":"Bière blonde Falsbourg 4.2%vol. - 24x25cl","p":8.55,"u":"1,43 €/L","img":"https://fd16-photos.leclercdrive.fr/image.ashx?id=2637910&use=l&cat=p&typeid=i","cat":334873},{"id":34578,"n":"AOC Pacherenc du Vic Bilh Blanc Carte d'Or Moelleux 75 cl","p":7.95,"u":"10,60 €/L","img":"https://fd16-photos.leclercdrive.fr/image.ashx?id=1928449&use=l&cat=p&typeid=i","cat":289557},{"id":34633,"n":"Vinaigre blanc Saas Melfor Vinaigre d'alcool - 1L","p":0.79,"u":"0,79 €/L","img":"https://fd16-photos.leclercdrive.fr/image.ashx?id=2354812&use=l&cat=p&typeid=i","cat":298543},{"id":34659,"n":"Mini chinois Epi d'Or Nature x6 - 300g","p":1.8,"u":"6,00 €/KG","img":"https://fd16-photos.leclercdrive.fr/image.ashx?id=2860739&use=l&cat=p&typeid=i","cat":296366},{"id":34660,"n":"Pruneaux d'Agen Couleurs Vives Dénoyautés - 250g","p":2.99,"u":"11,96 €/KG","img":"https://fd16-photos.leclercdrive.fr/image.ashx?id=2093129&use=l&cat=p&typeid=i","cat":284357},{"id":34671,"n":"Echalote traditionnelle filière Panier du Primeur Filet 250g","p":0.99,"u":"3,96 €/KG","img":"https://fd16-photos.leclercdrive.fr/image.ashx?id=2965500&use=l&cat=p&typeid=i","cat":284352},{"id":34672,"n":"Ail blanc Panier du Primeur A mijoter et à confire x3","p":2.99,"u":"1,00 €/P","img":"https://fd16-photos.leclercdrive.fr/image.ashx?id=2958720&use=l&cat=p&typeid=i","cat":284352},{"id":34679,"n":"Eponges grattantes Mamison Couleurs pop x2","p":1.38,"u":"0,69 €/P","img":"https://fd16-photos.leclercdrive.fr/image.ashx?id=2207724&use=l&cat=p&typeid=i","cat":284667},{"id":34693,"n":"Briochettes pépites Epi d'Or Chocolat au lait x12 - 500g","p":2.44,"u":"4,88 €/KG","img":"https://fd16-photos.leclercdrive.fr/image.ashx?id=2867913&use=l&cat=p&typeid=i","cat":293505},{"id":34694,"n":"Briochettes pépites Epi d'Or Chocolat - x12 500g","p":2.79,"u":"5,58 €/KG","img":"https://fd16-photos.leclercdrive.fr/image.ashx?id=2867910&use=l&cat=p&typeid=i","cat":293505},{"id":34813,"n":"Thé Britley Citron - x25 - 40g","p":0.88,"u":"22,00 €/KG","img":"https://fd16-photos.leclercdrive.fr/image.ashx?id=2897784&use=l&cat=p&typeid=i","cat":293233},{"id":34841,"n":"Rillettes Tradilège poulet rôti 220g","p":1.79,"u":"8,14 €/KG","img":"https://fd16-photos.leclercdrive.fr/image.ashx?id=2930924&use=l&cat=p&typeid=i","cat":316008},{"id":34919,"n":"Fromage frais Petit Yoplait Nature 0%MG - 12x60g","p":2.3,"u":"3,19 €/KG","img":"https://fd16-photos.leclercdrive.fr/image.ashx?id=2811023&use=l&cat=p&typeid=i","cat":315000},{"id":34952,"n":"Ratatouille à la Provençale NRT 650g","p":3.3,"u":"5,08 €/KG","img":"https://fd16-photos.leclercdrive.fr/image.ashx?id=2791105&use=l&cat=p&typeid=i","cat":312612},{"id":34958,"n":"Vin mousseux Paul Bur Demi-sec - 75cl","p":3.43,"u":"4,57 €/L","img":"https://fd16-photos.leclercdrive.fr/image.ashx?id=2020158&use=l&cat=p&typeid=i","cat":284544},{"id":34962,"n":"Vin mousseux Chevalier de Malte Brut 75cl","p":2.2,"u":"2,93 €/L","img":"https://fd16-photos.leclercdrive.fr/image.ashx?id=1608101&use=l&cat=p&typeid=i","cat":284544},{"id":34967,"n":"Eau minérale naturelle St Amand 6x2L","p":2.89,"u":"0,24 €/L","img":"https://fd16-photos.leclercdrive.fr/image.ashx?id=2549615&use=l&cat=p&typeid=i","cat":284535},{"id":34971,"n":"Bière ambrée Kwak 33cl","p":2.09,"u":"6,33 €/L","img":"https://fd16-photos.leclercdrive.fr/image.ashx?id=1881584&use=l&cat=p&typeid=i","cat":334872},{"id":34973,"n":"Bière Trois Monts Grande réserve 9.5%vol. - 75cl","p":2.89,"u":"3,85 €/L","img":"https://fd16-photos.leclercdrive.fr/image.ashx?id=2548376&use=l&cat=p&typeid=i","cat":334852},{"id":34974,"n":"Bière brune Chimay Première  Rouge 7%vol. - 75cl","p":3.55,"u":"4,73 €/L","img":"https://fd16-photos.leclercdrive.fr/image.ashx?id=1579872&use=l&cat=p&typeid=i","cat":334872},{"id":34982,"n":"Bûche chèvre Soignon 200g","p":2.25,"u":"11,25 €/KG","img":"https://fd16-photos.leclercdrive.fr/image.ashx?id=2995325&use=l&cat=p&typeid=i","cat":314031},{"id":34999,"n":"Nuggets Croustillant Père Dodu  Poulet x10 - 200g","p":2.1,"u":"10,50 €/KG","img":"https://fd16-photos.leclercdrive.fr/image.ashx?id=2956975&use=l&cat=p&typeid=i","cat":333684},{"id":35022,"n":"Cordon bleu Le Gaulois Dinde x4 - 400g","p":4.01,"u":"10,03 €/KG","img":"https://fd16-photos.leclercdrive.fr/image.ashx?id=2860226&use=l&cat=p&typeid=i","cat":333683},{"id":35031,"n":"Batonnets Fritelle Lay's Goût nature - 80g","p":0.73,"u":"9,13 €/KG","img":"https://fd16-photos.leclercdrive.fr/image.ashx?id=2140635&use=l&cat=p&typeid=i","cat":284449},{"id":35039,"n":"Dosettes café Plantation Corsé - x48 - 336g","p":4.95,"u":"14,73 €/KG","img":"https://fd16-photos.leclercdrive.fr/image.ashx?id=2622115&use=l&cat=p&typeid=i","cat":293238},{"id":35049,"n":"Scotch Whisky Baird's 40%vol - 50cl","p":9.51,"u":"19,02 €/L","img":"https://fd16-photos.leclercdrive.fr/image.ashx?id=2913687&use=l&cat=p&typeid=i","cat":284547},{"id":35108,"n":"Bière blonde Affligem 6,7%vol. - 12x25cl","p":9.53,"u":"3,18 €/L","img":"https://fd16-photos.leclercdrive.fr/image.ashx?id=2639405&use=l&cat=p&typeid=i","cat":334852},{"id":35117,"n":"Riste d'aubergines provençale NRT - 650g","p":3.99,"u":"6,14 €/KG","img":"https://fd16-photos.leclercdrive.fr/image.ashx?id=2771387&use=l&cat=p&typeid=i","cat":284441},{"id":35138,"n":"Yaourt SMARTIES Vanille bonbons chocolat 4x120g","p":2.45,"u":"5,10 €/KG","img":"https://fd16-photos.leclercdrive.fr/image.ashx?id=2571038&use=l&cat=p&typeid=i","cat":284414},{"id":35146,"n":"Fromages râpé spécial Pizza  Les Croisés - 125g","p":1.62,"u":"12,96 €/KG","img":"https://fd16-photos.leclercdrive.fr/image.ashx?id=2946175&use=l&cat=p&typeid=i","cat":314035},{"id":35147,"n":"Fromage Cheddar Burger Les Croisés 20 Tranches - 340g","p":1.99,"u":"5,85 €/KG","img":"https://fd16-photos.leclercdrive.fr/image.ashx?id=2946844&use=l&cat=p&typeid=i","cat":314028},{"id":35148,"n":"Fromage Emmental Croque Les Croisés 20 Tranches - 340g","p":2.01,"u":"5,91 €/KG","img":"https://fd16-photos.leclercdrive.fr/image.ashx?id=2946847&use=l&cat=p&typeid=i","cat":314028},{"id":35155,"n":"Tablette de chocolat noir Lindt Fleur de sel - 100g","p":2.25,"u":"22,50 €/KG","img":"https://fd16-photos.leclercdrive.fr/image.ashx?id=2681595&use=l&cat=p&typeid=i","cat":284956},{"id":35159,"n":"Croco Haribo Sachet bonbons - 280g","p":1.27,"u":"4,54 €/KG","img":"https://fd16-photos.leclercdrive.fr/image.ashx?id=2446467&use=l&cat=p&typeid=i","cat":304250},{"id":35160,"n":"Croissants Pasquier x16 - 640g","p":3.76,"u":"5,88 €/KG","img":"https://fd16-photos.leclercdrive.fr/image.ashx?id=2853056&use=l&cat=p&typeid=i","cat":296366},{"id":35173,"n":"Joker Le Fruit Jus multifruits  1,5L","p":2.54,"u":"1,69 €/L","img":"https://fd16-photos.leclercdrive.fr/image.ashx?id=2785727&use=l&cat=p&typeid=i","cat":284917},{"id":35182,"n":"Boisson énergisante Monster Original - 50cl","p":1.34,"u":"2,68 €/L","img":"https://fd16-photos.leclercdrive.fr/image.ashx?id=2510163&use=l&cat=p&typeid=i","cat":284533},{"id":35185,"n":"Eau aromatisée Volvic Juicy Citronnade - 1,5L","p":1.5,"u":"1,00 €/L","img":"https://fd16-photos.leclercdrive.fr/image.ashx?id=3011008&use=l&cat=p&typeid=i","cat":284537},{"id":35274,"n":"Cervelas Supérieur Herta 200g","p":1.6,"u":"8,00 €/KG","img":"https://fd16-photos.leclercdrive.fr/image.ashx?id=2310281&use=l&cat=p&typeid=i","cat":316012},{"id":35296,"n":"Filet poulet Tradilège rôti sans nitrite 4 tranches - 120g","p":1.89,"u":"15,75 €/KG","img":"https://fd16-photos.leclercdrive.fr/image.ashx?id=2989790&use=l&cat=p&typeid=i","cat":316010},{"id":35300,"n":"Jambon supérieur Tradilège À l'étouffée 6 tranches - 240g","p":2.92,"u":"12,17 €/KG","img":"https://fd16-photos.leclercdrive.fr/image.ashx?id=2991521&use=l&cat=p&typeid=i","cat":316009},{"id":35308,"n":"Beurre Tendre Elle&Vire Demi-Sel - 80% MG - 250g","p":2.92,"u":"11,68 €/KG","img":"https://fd16-photos.leclercdrive.fr/image.ashx?id=2604773&use=l&cat=p&typeid=i","cat":284379},{"id":35309,"n":"Beurre Tendre Elle&Vire Doux - 82% MG - 250g","p":2.9,"u":"11,60 €/KG","img":"https://fd16-photos.leclercdrive.fr/image.ashx?id=2765629&use=l&cat=p&typeid=i","cat":284379},{"id":35326,"n":"Miel du Gatinais  Nos Régions ont du Talent 375g","p":5.49,"u":"14,64 €/KG","img":"https://fd16-photos.leclercdrive.fr/image.ashx?id=2771393&use=l&cat=p&typeid=i","cat":287643},{"id":35333,"n":"Bain de bouche Sanogyl Multi Protection - 500ml","p":3.24,"u":"6,48 €/L","img":"https://fd16-photos.leclercdrive.fr/image.ashx?id=2638256&use=l&cat=p&typeid=i","cat":284613},{"id":35343,"n":"Bain de bouche Sanogyl Anti bactérien - 500ml","p":5.74,"u":"11,48 €/L","img":"https://fd16-photos.leclercdrive.fr/image.ashx?id=1712258&use=l&cat=p&typeid=i","cat":284613},{"id":35358,"n":"Crème décolorante Expert Veet Visage et Corps 2x75ml","p":6.97,"u":"46,47 €/L","img":"https://fd16-photos.leclercdrive.fr/image.ashx?id=2909995&use=l&cat=p&typeid=i","cat":325351},{"id":35398,"n":"Eau Micellaire Garnier Peaux Sensibles - 400ml","p":2.82,"u":"7,05 €/L","img":"https://fd16-photos.leclercdrive.fr/image.ashx?id=2926593&use=l&cat=p&typeid=i","cat":284603},{"id":35417,"n":"Lingettes Demak'Up Peaux normales - x25","p":2.73,"img":"https://fd16-photos.leclercdrive.fr/image.ashx?id=2981337&use=l&cat=p&typeid=i","cat":284603},{"id":35418,"n":"Lingettes Demak'Up Peaux sensibles - x25","p":2.6,"u":"0,10 €/P","img":"https://fd16-photos.leclercdrive.fr/image.ashx?id=2981340&use=l&cat=p&typeid=i","cat":284603},{"id":35433,"n":"Tampons Doulys Compact Super plus - x20","p":2.6,"u":"0,13 €/P","img":"https://fd16-photos.leclercdrive.fr/image.ashx?id=2965512&use=l&cat=p&typeid=i","cat":284626},{"id":35450,"n":"Recharge Savon Mains Dettol Aloe Vera Hydratant 250ml","p":3.45,"u":"13,80 €/L","img":"https://fd16-photos.leclercdrive.fr/image.ashx?id=2879134&use=l&cat=p&typeid=i","cat":284597},{"id":35479,"n":"Déodorant Bille Femme Nivea Black&White Original - 50ml","p":1.89,"u":"37,80 €/L","img":"https://fd16-photos.leclercdrive.fr/image.ashx?id=2985471&use=l&cat=p&typeid=i","cat":284595},{"id":35503,"n":"Gel à raser Williams Peaux sensibles 200ml","p":2.48,"u":"12,40 €/L","img":"https://fd16-photos.leclercdrive.fr/image.ashx?id=1966625&use=l&cat=p&typeid=i","cat":284617},{"id":35530,"n":"Mouchoirs en papier Lotus Boîte x1 - 80 mouchoirs","p":1.41,"u":"0,02 €/P","img":"https://fd16-photos.leclercdrive.fr/image.ashx?id=2867368&use=l&cat=p&typeid=i","cat":284638},{"id":35537,"n":"Recharge savon mains Palmolive Antibactérien -  250ml","p":0.63,"u":"2,52 €/L","img":"https://fd16-photos.leclercdrive.fr/image.ashx?id=2833180&use=l&cat=p&typeid=i","cat":284597},{"id":35646,"n":"Bière blonde Falsbourg Canette - 4.2%vol. - 50cl","p":0.69,"u":"1,38 €/L","img":"https://fd16-photos.leclercdrive.fr/image.ashx?id=2637904&use=l&cat=p&typeid=i","cat":334853},{"id":35647,"n":"Bière blonde Falsbourg Canette - 4.2%vol. - 6x33cl","p":2.69,"u":"1,36 €/L","img":"https://fd16-photos.leclercdrive.fr/image.ashx?id=2637913&use=l&cat=p&typeid=i","cat":334853},{"id":35720,"n":"Barquette chat Sheba Poissons en terrine - 12x85g","p":6.5,"u":"6,37 €/KG","img":"https://fd16-photos.leclercdrive.fr/image.ashx?id=2759637&use=l&cat=p&typeid=i","cat":285286},{"id":35722,"n":"Cocktail Mojito Saint James 14.9%vol - 70cl","p":7.25,"u":"10,36 €/L","img":"https://fd16-photos.leclercdrive.fr/image.ashx?id=2983174&use=l&cat=p&typeid=i","cat":284551},{"id":35723,"n":"Liqueur Curaçao bleu Giffard 25%vol. - 50cl","p":8.35,"u":"16,70 €/L","img":"https://fd16-photos.leclercdrive.fr/image.ashx?id=1650446&use=l&cat=p&typeid=i","cat":286032},{"id":35730,"n":"Crème dessert Délisse Vanille Billes 3 chocolats 4x117g","p":2.15,"u":"4,59 €/KG","img":"https://fd16-photos.leclercdrive.fr/image.ashx?id=2965503&use=l&cat=p&typeid=i","cat":285041},{"id":35731,"n":"Crème dessert Chocolat Délisse Mix'n croc color 4x120g","p":2.09,"u":"4,35 €/KG","img":"https://fd16-photos.leclercdrive.fr/image.ashx?id=2965506&use=l&cat=p&typeid=i","cat":285041},{"id":35760,"n":"Céréales Miel Pops Kellogg's 620g","p":3.41,"u":"5,50 €/KG","img":"https://fd16-photos.leclercdrive.fr/image.ashx?id=2596952&use=l&cat=p&typeid=i","cat":309513},{"id":35761,"n":"Céréales Frosties Kellogg's 620g","p":3.42,"u":"5,52 €/KG","img":"https://fd16-photos.leclercdrive.fr/image.ashx?id=2589768&use=l&cat=p&typeid=i","cat":309513},{"id":35784,"n":"Bière triple Maredsous Blonde - 10%vol. - 33cl","p":2.0,"u":"6,06 €/L","img":"https://fd16-photos.leclercdrive.fr/image.ashx?id=2371278&use=l&cat=p&typeid=i","cat":334872},{"id":35785,"n":"Bière belge Rince Cochon Fruits rouges - 7.5%vol. - 50cl","p":2.06,"u":"4,12 €/L","img":"https://fd16-photos.leclercdrive.fr/image.ashx?id=1741472&use=l&cat=p&typeid=i","cat":334853},{"id":35788,"n":"Café Soluble Nescafé 200g","p":5.61,"u":"28,05 €/KG","img":"https://fd16-photos.leclercdrive.fr/image.ashx?id=2810627&use=l&cat=p&typeid=i","cat":284843},{"id":35811,"n":"Barquette chat Sheba  Boucher en terrine - 12x85g","p":6.86,"u":"6,73 €/KG","img":"https://fd16-photos.leclercdrive.fr/image.ashx?id=2759634&use=l&cat=p&typeid=i","cat":285286},{"id":35815,"n":"Matière grasse St Hubert  Omega 3 - 52% MG - 255g","p":2.09,"u":"8,20 €/KG","img":"https://fd16-photos.leclercdrive.fr/image.ashx?id=2734093&use=l&cat=p&typeid=i","cat":315229},{"id":35816,"n":"Matière grasse St Hubert Omega3 52% MG - demi-sel - 255g","p":2.13,"u":"8,35 €/KG","img":"https://fd16-photos.leclercdrive.fr/image.ashx?id=2734096&use=l&cat=p&typeid=i","cat":315229},{"id":35820,"n":"Liquide pour cuisson Rustica végétal - 500ml","p":2.09,"u":"4,18 €/L","img":"https://fd16-photos.leclercdrive.fr/image.ashx?id=2903950&use=l&cat=p&typeid=i","cat":315229},{"id":35823,"n":"Roquefort AOP en portions Les Croisés - 25gx4 -100g","p":2.31,"u":"23,10 €/KG","img":"https://fd16-photos.leclercdrive.fr/image.ashx?id=2645945&use=l&cat=p&typeid=i","cat":314032},{"id":35824,"n":"Fromage à tartiner Les Croisés Allégé Nature - 150g","p":1.24,"u":"8,27 €/KG","img":"https://fd16-photos.leclercdrive.fr/image.ashx?id=2366307&use=l&cat=p&typeid=i","cat":314029},{"id":35825,"n":"Fromage Pavé d'Affinois Original - 200g","p":2.5,"u":"12,50 €/KG","img":"https://fd16-photos.leclercdrive.fr/image.ashx?id=3002078&use=l&cat=p&typeid=i","cat":314033},{"id":35830,"n":"Yaourt La Laitière   Fruits panachés - 8x125g","p":3.79,"u":"3,79 €/KG","img":"https://fd16-photos.leclercdrive.fr/image.ashx?id=2744590&use=l&cat=p&typeid=i","cat":286006},{"id":35833,"n":"Yaourt La Laitière Citron - 4x125g","p":1.95,"u":"3,90 €/KG","img":"https://fd16-photos.leclercdrive.fr/image.ashx?id=2904065&use=l&cat=p&typeid=i","cat":286006},{"id":35846,"n":"Yaourt à boire Délisse Vanille - 850g","p":1.49,"u":"1,75 €/KG","img":"https://fd16-photos.leclercdrive.fr/image.ashx?id=2775890&use=l&cat=p&typeid=i","cat":284415},{"id":35847,"n":"Yaourt à boire Délisse Framboise - 850g","p":1.35,"u":"1,59 €/KG","img":"https://fd16-photos.leclercdrive.fr/image.ashx?id=2777797&use=l&cat=p&typeid=i","cat":284415},{"id":35848,"n":"Yaourt à boire Délisse Fraise - 850g","p":1.49,"u":"1,75 €/P","img":"https://fd16-photos.leclercdrive.fr/image.ashx?id=2796529&use=l&cat=p&typeid=i","cat":284415},{"id":35850,"n":"Jambon fumé Tradilège Avec couenne -4 tranches - 160g","p":2.49,"u":"15,56 €/KG","img":"https://fd16-photos.leclercdrive.fr/image.ashx?id=2448327&use=l&cat=p&typeid=i","cat":316009},{"id":35906,"n":"Gourdes Goûters lactés Délisse Chocolat - 4x85g","p":1.75,"u":"5,15 €/KG","img":"https://fd16-photos.leclercdrive.fr/image.ashx?id=2681424&use=l&cat=p&typeid=i","cat":284506},{"id":35909,"n":"Test de grossesse Medicaid 1 pièce","p":1.02,"img":"https://fd16-photos.leclercdrive.fr/image.ashx?id=2432758&use=l&cat=p&typeid=i","cat":324482},{"id":35917,"n":"Bière blonde Forte Extra Strong Canette - 8.4%vol. - 50cl","p":1.15,"u":"2,30 €/L","img":"https://fd16-photos.leclercdrive.fr/image.ashx?id=2927998&use=l&cat=p&typeid=i","cat":334853},{"id":35918,"n":"Jus de pomme Jafaden A base de concentré - 6x20cl","p":1.32,"u":"1,10 €/L","img":"https://fd16-photos.leclercdrive.fr/image.ashx?id=2949185&use=l&cat=p&typeid=i","cat":284524},{"id":35919,"n":"Jus de raisin Jafaden Briquettes - 6x20cl","p":2.46,"u":"2,05 €/L","img":"https://fd16-photos.leclercdrive.fr/image.ashx?id=2989935&use=l&cat=p&typeid=i","cat":284915},{"id":35921,"n":"Pur jus de pomme Jafaden 1,5L","p":1.48,"u":"0,99 €/L","img":"https://fd16-photos.leclercdrive.fr/image.ashx?id=1936641&use=l&cat=p&typeid=i","cat":284522},{"id":35924,"n":"Cocktail Punch planteur Lagoa 15%vol - 70cl","p":4.29,"u":"6,13 €/L","img":"https://fd16-photos.leclercdrive.fr/image.ashx?id=2958338&use=l&cat=p&typeid=i","cat":284551},{"id":35927,"n":"Cocktail Mojito Lagoa 15%vol - 70cl","p":4.99,"u":"7,13 €/L","img":"https://fd16-photos.leclercdrive.fr/image.ashx?id=2958344&use=l&cat=p&typeid=i","cat":284551},{"id":35979,"n":"Gaufrettes amusantes Nord NRT 175g","p":2.45,"u":"14,00 €/KG","img":"https://fd16-photos.leclercdrive.fr/image.ashx?id=2622335&use=l&cat=p&typeid=i","cat":284487},{"id":35990,"n":"Effervescent d'Artigny Grand classic rose - 75cl","p":3.57,"u":"4,76 €/L","img":"https://fd16-photos.leclercdrive.fr/image.ashx?id=2854402&use=l&cat=p&typeid=i","cat":289460},{"id":36039,"n":"Crème légère fluide UHT Délisse 12%mg - 3x20cl","p":1.84,"u":"3,07 €/L","img":"https://fd16-photos.leclercdrive.fr/image.ashx?id=2905904&use=l&cat=p&typeid=i","cat":284381},{"id":36040,"n":"Spécialité laitière UHT Délisse Semi-épaisse 4%mg - 3x20cl","p":2.21,"u":"3,68 €/L","img":"https://fd16-photos.leclercdrive.fr/image.ashx?id=3002599&use=l&cat=p&typeid=i","cat":284381},{"id":36041,"n":"Crème semi-épaisse entière UHT Délisse 30%mg - 3x20cl","p":3.5,"u":"5,83 €/L","img":"https://fd16-photos.leclercdrive.fr/image.ashx?id=2494099&use=l&cat=p&typeid=i","cat":284381},{"id":36077,"n":"Lait de toilette bébé Eco+ 300ml","p":1.07,"u":"3,57 €/L","img":"https://fd16-photos.leclercdrive.fr/image.ashx?id=2690862&use=l&cat=p&typeid=i","cat":284741},{"id":36124,"n":"Haricots blancs Notre Jardin - 500g","p":1.03,"u":"2,06 €/KG","img":"https://fd16-photos.leclercdrive.fr/image.ashx?id=2988072&use=l&cat=p&typeid=i","cat":312606},{"id":36125,"n":"Haricots blancs Notre Jardin 250g","p":0.85,"u":"3,40 €/KG","img":"https://fd16-photos.leclercdrive.fr/image.ashx?id=3002602&use=l&cat=p&typeid=i","cat":312606},{"id":36193,"n":"Dés de jambon Tradilège -25% de sel - 2x75g","p":1.5,"u":"10,00 €/KG","img":"https://fd16-photos.leclercdrive.fr/image.ashx?id=2984191&use=l&cat=p&typeid=i","cat":316011},{"id":36194,"n":"Dés de jambon Tradilège Maxi format 2x125g","p":2.47,"u":"9,88 €/KG","img":"https://fd16-photos.leclercdrive.fr/image.ashx?id=2970465&use=l&cat=p&typeid=i","cat":316011},{"id":36198,"n":"Lardons supérieurs Tradilège Fumés maxi format 2x200g","p":3.39,"u":"8,48 €/KG","img":"https://fd16-photos.leclercdrive.fr/image.ashx?id=2921381&use=l&cat=p&typeid=i","cat":316011},{"id":36200,"n":"Coton Démaquillant Eco+ Prédécoupé - 200g","p":1.57,"u":"7,85 €/KG","img":"https://fd16-photos.leclercdrive.fr/image.ashx?id=2724535&use=l&cat=p&typeid=i","cat":285593},{"id":36201,"n":"Crème hydratante Eco+ Visage et corps - 250ml","p":1.59,"u":"6,36 €/L","img":"https://fd16-photos.leclercdrive.fr/image.ashx?id=2487410&use=l&cat=p&typeid=i","cat":325350},{"id":36202,"n":"Recharge crème lavante Eco+ Amande miel - 750ml","p":1.11,"u":"1,48 €/L","img":"https://fd16-photos.leclercdrive.fr/image.ashx?id=2933295&use=l&cat=p&typeid=i","cat":284597},{"id":36203,"n":"Gel douche Eco+ Peaux sensibles - 500ml","p":0.99,"u":"1,98 €/L","img":"https://fd16-photos.leclercdrive.fr/image.ashx?id=2174660&use=l&cat=p&typeid=i","cat":284594},{"id":36204,"n":"Crème lavante Eco+ Amande miel 750ml","p":1.33,"u":"1,77 €/L","img":"https://fd16-photos.leclercdrive.fr/image.ashx?id=2931938&use=l&cat=p&typeid=i","cat":284597},{"id":36205,"n":"Recharge crème lavante Eco+ Fleuri - 750ml","p":1.11,"u":"1,48 €/L","img":"https://fd16-photos.leclercdrive.fr/image.ashx?id=2297786&use=l&cat=p&typeid=i","cat":284597},{"id":36206,"n":"Mousse à raser hydratante Eco+ Peaux normales - 300ml","p":0.85,"u":"2,83 €/L","img":"https://fd16-photos.leclercdrive.fr/image.ashx?id=2422683&use=l&cat=p&typeid=i","cat":284617},{"id":36268,"n":"Soufflés ExtraTerrestres Tokapi Jambon fromage - 80g","p":0.84,"u":"10,50 €/KG","img":"https://fd16-photos.leclercdrive.fr/image.ashx?id=2922929&use=l&cat=p&typeid=i","cat":284449},{"id":36269,"n":"Soufflés ExtraTerrestres Tokapi Ketchup - 80g","p":0.8,"u":"10,00 €/KG","img":"https://fd16-photos.leclercdrive.fr/image.ashx?id=1915578&use=l&cat=p&typeid=i","cat":284449},{"id":36308,"n":"Shampooing Nateïs Camomille abricot - 250ml","p":1.39,"u":"5,56 €/L","img":"https://fd16-photos.leclercdrive.fr/image.ashx?id=2626790&use=l&cat=p&typeid=i","cat":284606},{"id":36309,"n":"Shampooing Nateïs Cranberry Huile de jojoba 250ml","p":1.4,"u":"5,60 €/L","img":"https://fd16-photos.leclercdrive.fr/image.ashx?id=2358700&use=l&cat=p&typeid=i","cat":284606},{"id":36310,"n":"Shampooing Nateïs Argile Pamplemousse - 250ml","p":1.39,"u":"5,56 €/L","img":"https://fd16-photos.leclercdrive.fr/image.ashx?id=2358697&use=l&cat=p&typeid=i","cat":284606},{"id":36311,"n":"Shampooing Nateïs Huile d'argan - 250ml","p":1.29,"u":"5,16 €/L","img":"https://fd16-photos.leclercdrive.fr/image.ashx?id=2652906&use=l&cat=p&typeid=i","cat":284606},{"id":36312,"n":"Shampooing Nateïs Henné / Cassis - 250ml","p":1.57,"u":"6,28 €/L","img":"https://fd16-photos.leclercdrive.fr/image.ashx?id=2652903&use=l&cat=p&typeid=i","cat":284606},{"id":36313,"n":"Shampooing extra-doux Nateïs Karité / Huile d'avocat - 250ml","p":1.39,"u":"5,56 €/L","img":"https://fd16-photos.leclercdrive.fr/image.ashx?id=2345559&use=l&cat=p&typeid=i","cat":284606},{"id":36314,"n":"Shampooing Nateïs Fleur de tilleul pomme verte - 250ml","p":1.27,"u":"5,08 €/L","img":"https://fd16-photos.leclercdrive.fr/image.ashx?id=2369645&use=l&cat=p&typeid=i","cat":284606},{"id":36317,"n":"Dessert fruitier pomme Douceur Verger s/sucre 8x100g","p":1.99,"u":"2,49 €/KG","img":"https://fd16-photos.leclercdrive.fr/image.ashx?id=3012406&use=l&cat=p&typeid=i","cat":284416},{"id":36347,"n":"Rondelé aux Noix 125g","p":1.65,"u":"13,20 €/KG","img":"https://fd16-photos.leclercdrive.fr/image.ashx?id=2967732&use=l&cat=p&typeid=i","cat":314029},{"id":36348,"n":"Papier aluminium Alfapac Gaufré - Rouleau 20m","p":3.19,"img":"https://fd16-photos.leclercdrive.fr/image.ashx?id=2870446&use=l&cat=p&typeid=i","cat":334134},{"id":36354,"n":"Crème hydratante Mots d'Enfants Bio visage et corps - 75ml","p":2.19,"u":"29,20 €/L","img":"https://fd16-photos.leclercdrive.fr/image.ashx?id=3015078&use=l&cat=p&typeid=i","cat":284741},{"id":36356,"n":"Compote Douceur du Verger Pomme Framboise - 4x100g","p":1.46,"u":"3,65 €/KG","img":"https://fd16-photos.leclercdrive.fr/image.ashx?id=2540313&use=l&cat=p&typeid=i","cat":284416},{"id":36388,"n":"Bière ambrée corse Pietra 6° - 6x25cl","p":8.35,"u":"5,57 €/L","img":"https://fd16-photos.leclercdrive.fr/image.ashx?id=3011464&use=l&cat=p&typeid=i","cat":334872},{"id":36394,"n":"Yaourt aromatisé aux Fruits Panachés Frulos - 16x125g","p":3.2,"u":"1,60 €/KG","img":"https://fd16-photos.leclercdrive.fr/image.ashx?id=2799895&use=l&cat=p&typeid=i","cat":286006},{"id":36395,"n":"Yaourt Nature Sucré Yoplait - 12x125g","p":2.73,"u":"1,82 €/KG","img":"https://fd16-photos.leclercdrive.fr/image.ashx?id=2796827&use=l&cat=p&typeid=i","cat":284409},{"id":36396,"n":"Gâteau fourré Mini BN Chocolat 175g","p":1.87,"u":"10,69 €/KG","img":"https://fd16-photos.leclercdrive.fr/image.ashx?id=2746854&use=l&cat=p&typeid=i","cat":284488},{"id":36397,"n":"Biscuits Mini BN Goûter à la fraise - 175g","p":1.89,"u":"10,80 €/KG","img":"https://fd16-photos.leclercdrive.fr/image.ashx?id=2748212&use=l&cat=p&typeid=i","cat":284489},{"id":36399,"n":"Pizza La Pizz Sodebo Chèvre lardons - 470g","p":3.65,"u":"7,77 €/KG","img":"https://fd16-photos.leclercdrive.fr/image.ashx?id=2851494&use=l&cat=p&typeid=i","cat":333679},{"id":36400,"n":"Pizza La Pizz Sodebo 4 fromages - 470g","p":3.75,"u":"7,98 €/KG","img":"https://fd16-photos.leclercdrive.fr/image.ashx?id=2905366&use=l&cat=p&typeid=i","cat":333679},{"id":36401,"n":"Pizza Dolce Sodebo 4 fromaggi - 380g","p":4.26,"u":"11,21 €/KG","img":"https://fd16-photos.leclercdrive.fr/image.ashx?id=2921636&use=l&cat=p&typeid=i","cat":333679},{"id":36402,"n":"Pizza Dolce Sodebo Prosciutto Jambon Mozza - 400g","p":3.51,"u":"8,78 €/KG","img":"https://fd16-photos.leclercdrive.fr/image.ashx?id=2919277&use=l&cat=p&typeid=i","cat":333679},{"id":36416,"n":"Compote Douceur du Verger Coupelle pomme rhubarbe -4x100g","p":1.3,"u":"3,25 €/KG","img":"https://fd16-photos.leclercdrive.fr/image.ashx?id=2663521&use=l&cat=p&typeid=i","cat":284508},{"id":36417,"n":"Compote Douceur du Verger Gourdes multivariétés - 4x90g","p":1.69,"u":"4,69 €/KG","img":"https://fd16-photos.leclercdrive.fr/image.ashx?id=2805030&use=l&cat=p&typeid=i","cat":284508},{"id":36418,"n":"Compote Douceur du Verger Gourdes Pomme Poire - 4x90g","p":1.49,"u":"4,14 €/KG","img":"https://fd16-photos.leclercdrive.fr/image.ashx?id=2837054&use=l&cat=p&typeid=i","cat":284508},{"id":36419,"n":"Compote Douceur du Verger Coupelle pomme - 4x100g","p":0.99,"u":"2,48 €/KG","img":"https://fd16-photos.leclercdrive.fr/image.ashx?id=2663527&use=l&cat=p&typeid=i","cat":284508},{"id":36441,"n":"Aiguillettes poulet Tradilège Rôti - 2x75g","p":2.02,"u":"13,47 €/KG","img":"https://fd16-photos.leclercdrive.fr/image.ashx?id=2994375&use=l&cat=p&typeid=i","cat":316011},{"id":36454,"n":"Pastilles NRT  Du Bassin de Vichy - 230g","p":0.98,"u":"4,26 €/KG","img":"https://fd16-photos.leclercdrive.fr/image.ashx?id=2771079&use=l&cat=p&typeid=i","cat":304252},{"id":36504,"n":"Pizza La Pizz Sodebo Jambon emmental - 470g","p":2.91,"u":"6,19 €/KG","img":"https://fd16-photos.leclercdrive.fr/image.ashx?id=2886786&use=l&cat=p&typeid=i","cat":333679},{"id":36515,"n":"Dragées Choco Peanuts Cacahuètes - 300g","p":2.39,"u":"7,97 €/KG","img":"https://fd16-photos.leclercdrive.fr/image.ashx?id=2474063&use=l&cat=p&typeid=i","cat":304238},{"id":36656,"n":"Soupe liquide Liebig  Velouté 10 légumes - Brique 1L","p":1.68,"u":"1,68 €/L","img":"https://fd16-photos.leclercdrive.fr/image.ashx?id=2892133&use=l&cat=p&typeid=i","cat":284462},{"id":36682,"n":"Aluminium Elembal Extra 20m","p":2.69,"u":"0,13 €/MT","img":"https://fd16-photos.leclercdrive.fr/image.ashx?id=2940908&use=l&cat=p&typeid=i","cat":334134},{"id":36710,"n":"Sucre canne Béghin Say Pure - en morceaux - 750g","p":2.47,"u":"3,29 €/KG","img":"https://fd16-photos.leclercdrive.fr/image.ashx?id=2948830&use=l&cat=p&typeid=i","cat":284502},{"id":36711,"n":"Sucre cassonade Béghin Say En poudre - 750g","p":2.41,"u":"3,21 €/KG","img":"https://fd16-photos.leclercdrive.fr/image.ashx?id=2949928&use=l&cat=p&typeid=i","cat":284502},{"id":36721,"n":"Lait chat et chaton Whiskas 3x200ml","p":2.69,"u":"4,48 €/L","img":"https://fd16-photos.leclercdrive.fr/image.ashx?id=2759670&use=l&cat=p&typeid=i","cat":285285},{"id":36756,"n":"Haricots Blancs à la tomate 800g","p":1.08,"u":"1,35 €/KG","img":"https://fd16-photos.leclercdrive.fr/image.ashx?id=2988075&use=l&cat=p&typeid=i","cat":312606},{"id":36819,"n":"Chocolat Noir After Eight Fourré Menthe - 300g","p":4.68,"u":"15,60 €/KG","img":"https://fd16-photos.leclercdrive.fr/image.ashx?id=2348782&use=l&cat=p&typeid=i","cat":284499},{"id":36821,"n":"Biscuits M&M's  x10 - 198g","p":2.11,"u":"10,66 €/KG","img":"https://fd16-photos.leclercdrive.fr/image.ashx?id=2148416&use=l&cat=p&typeid=i","cat":284488},{"id":36825,"n":"Tablette chocolat Minis Milka Chocolat au lait - 200g","p":3.72,"u":"18,60 €/KG","img":"https://fd16-photos.leclercdrive.fr/image.ashx?id=2188521&use=l&cat=p&typeid=i","cat":284497},{"id":36833,"n":"BB Crème teintée médium Inell Hydratante 5 en 1 - 50ml","p":3.45,"u":"69,00 €/L","img":"https://fd16-photos.leclercdrive.fr/image.ashx?id=2822120&use=l&cat=p&typeid=i","cat":325345},{"id":36834,"n":"BB Crème teintée clair Inell  Hydratante 5en1 - 50ml","p":3.45,"u":"69,00 €/L","img":"https://fd16-photos.leclercdrive.fr/image.ashx?id=2691649&use=l&cat=p&typeid=i","cat":325345},{"id":36835,"n":"Crochets anti-mites Insectivor Lavande 2x3ml","p":1.69,"u":"0,85 €/P","img":"https://fd16-photos.leclercdrive.fr/image.ashx?id=1899690&use=l&cat=p&typeid=i","cat":298368},{"id":36836,"n":"Gel douche Carré Homme Tonifiant 250ml","p":1.22,"u":"4,88 €/L","img":"https://fd16-photos.leclercdrive.fr/image.ashx?id=2927857&use=l&cat=p&typeid=i","cat":284619},{"id":36847,"n":"Tablette chocolat Milka Chocolat au lait/Oreo - 2x100g","p":3.09,"u":"15,45 €/KG","img":"https://fd16-photos.leclercdrive.fr/image.ashx?id=2382321&use=l&cat=p&typeid=i","cat":284497},{"id":36849,"n":"Recharges plumeaux Clair Jetables x10","p":4.46,"u":"0,45 €/P","img":"https://fd16-photos.leclercdrive.fr/image.ashx?id=2832948&use=l&cat=p&typeid=i","cat":325364},{"id":36878,"n":"IGP Côtes de Gascogne moelleux Terrasses d'Autan 11.5% - 75cl","p":3.99,"u":"5,32 €/L","img":"https://fd16-photos.leclercdrive.fr/image.ashx?id=2756870&use=l&cat=p&typeid=i","cat":289557},{"id":36919,"n":"Rillettes de thon blanc NRT Au sel de Guérande - 125g","p":2.19,"u":"17,52 €/KG","img":"https://fd16-photos.leclercdrive.fr/image.ashx?id=2775451&use=l&cat=p&typeid=i","cat":303867},{"id":36920,"n":"Protège-slips Doulys Ultra-mince - Large - x30","p":0.82,"u":"0,03 €/P","img":"https://fd16-photos.leclercdrive.fr/image.ashx?id=2847967&use=l&cat=p&typeid=i","cat":284625},{"id":37013,"n":"Cuadro Novi Chocolat noir  - 150g","p":3.9,"u":"26,00 €/KG","img":"https://fd16-photos.leclercdrive.fr/image.ashx?id=2750096&use=l&cat=p&typeid=i","cat":327595},{"id":37014,"n":"Cuadro Novi Chocolat  noisettes - 150g","p":4.29,"u":"28,60 €/KG","img":"https://fd16-photos.leclercdrive.fr/image.ashx?id=2615167&use=l&cat=p&typeid=i","cat":327595},{"id":37030,"n":"Farine suprême Francine 1kg","p":1.71,"u":"1,71 €/KG","img":"https://fd16-photos.leclercdrive.fr/image.ashx?id=2902654&use=l&cat=p&typeid=i","cat":284503},{"id":37033,"n":"Douceur Crème balsamique  Rustica - 25cl","p":1.79,"u":"7,16 €/L","img":"https://fd16-photos.leclercdrive.fr/image.ashx?id=2781877&use=l&cat=p&typeid=i","cat":284456},{"id":37049,"n":"Sauce Samourai Amora 255g","p":1.61,"u":"7,16 €/KG","img":"https://fd16-photos.leclercdrive.fr/image.ashx?id=2893838&use=l&cat=p&typeid=i","cat":318431},{"id":37052,"n":"Papier toilette Lotus Confort Rose - x24","p":7.92,"u":"0,33 €/P","img":"https://fd16-photos.leclercdrive.fr/image.ashx?id=3002039&use=l&cat=p&typeid=i","cat":284634},{"id":37107,"n":"Gel lavant mains Manava Spécial cuisine - 300ml","p":0.99,"u":"3,30 €/L","img":"https://fd16-photos.leclercdrive.fr/image.ashx?id=2935495&use=l&cat=p&typeid=i","cat":284597},{"id":37120,"n":"Sauce Soja sucrée Kikkoman 250ml","p":4.57,"u":"18,28 €/L","img":"https://fd16-photos.leclercdrive.fr/image.ashx?id=2536296&use=l&cat=p&typeid=i","cat":288992},{"id":37198,"n":"Poêlée Notre Jardin Méditerranéenne 750g","p":3.17,"u":"4,23 €/KG","img":"https://fd16-photos.leclercdrive.fr/image.ashx?id=2835029&use=l&cat=p&typeid=i","cat":319823},{"id":37199,"n":"Poêlée Notre Jardin Parisienne 750g","p":2.24,"u":"2,99 €/KG","img":"https://fd16-photos.leclercdrive.fr/image.ashx?id=2865062&use=l&cat=p&typeid=i","cat":319823},{"id":37278,"n":"Orangina Pik Haribo Sachet bonbons acidulés - 250g","p":1.81,"u":"7,24 €/KG","img":"https://fd16-photos.leclercdrive.fr/image.ashx?id=2806090&use=l&cat=p&typeid=i","cat":304250},{"id":37281,"n":"Bonbons Longfizz Lutti 200g","p":1.34,"u":"6,70 €/KG","img":"https://fd16-photos.leclercdrive.fr/image.ashx?id=2962173&use=l&cat=p&typeid=i","cat":304250},{"id":37286,"n":"Paëlla royale Marie 900g","p":4.87,"u":"5,41 €/KG","img":"https://fd16-photos.leclercdrive.fr/image.ashx?id=2996770&use=l&cat=p&typeid=i","cat":284254},{"id":37403,"n":"Sachet fraîcheur chien Pedigree  Mixte en sauce - 12x100g","p":5.21,"u":"4,34 €/KG","img":"https://fd16-photos.leclercdrive.fr/image.ashx?id=2870242&use=l&cat=p&typeid=i","cat":284673},{"id":37405,"n":"Foie de morue Connétable MSC Nature - 121g","p":2.22,"u":"18,35 €/KG","img":"https://fd16-photos.leclercdrive.fr/image.ashx?id=2918718&use=l&cat=p&typeid=i","cat":305147},{"id":37417,"n":"Boisson à base de vin rosé  Festalie - 75 cl","p":2.52,"u":"3,36 €/L","img":"https://fd16-photos.leclercdrive.fr/image.ashx?id=2774900&use=l&cat=p&typeid=i","cat":304569},{"id":37426,"n":"Bière blonde Kronenbourg 4,2° - 6x50cl canettes","p":5.58,"u":"1,86 €/L","img":"https://fd16-photos.leclercdrive.fr/image.ashx?id=2203508&use=l&cat=p&typeid=i","cat":334853},{"id":37428,"n":"Pétillant Festalie sans alcool Framboise - 75cl","p":3.1,"u":"4,13 €/L","img":"https://fd16-photos.leclercdrive.fr/image.ashx?id=2017262&use=l&cat=p&typeid=i","cat":289460},{"id":37436,"n":"Brosse à dents enfant Dentamyl Clignotante - Multicoloris x1","p":1.99,"img":"https://fd16-photos.leclercdrive.fr/image.ashx?id=1953648&use=l&cat=p&typeid=i","cat":288897},{"id":37438,"n":"Papier cuisson Elembal Rouleau 15m","p":1.79,"img":"https://fd16-photos.leclercdrive.fr/image.ashx?id=2824952&use=l&cat=p&typeid=i","cat":334134},{"id":37453,"n":"Lardons de volaille Tradilège Fumés 2x75g","p":1.75,"u":"11,67 €/KG","img":"https://fd16-photos.leclercdrive.fr/image.ashx?id=2882358&use=l&cat=p&typeid=i","cat":316011},{"id":37467,"n":"Infusion Tiséa Fruits rouges 25 sachets 40g","p":0.92,"u":"23,00 €/KG","img":"https://fd16-photos.leclercdrive.fr/image.ashx?id=2757930&use=l&cat=p&typeid=i","cat":293234},{"id":37468,"n":"Jambon cru Fine Fondante Aoste Sans conservateur - x6 - 100g","p":3.59,"u":"35,90 €/KG","img":"https://fd16-photos.leclercdrive.fr/image.ashx?id=2937172&use=l&cat=p&typeid=i","cat":316007},{"id":37517,"n":"Steack haché boucher Convivial 15% mg - x8 800g","p":11.3,"u":"14,13 €/KG","img":"https://fd16-photos.leclercdrive.fr/image.ashx?id=2960975&use=l&cat=p&typeid=i","cat":319778},{"id":37541,"n":"Compote bébé Bio Village Bio Pomme /Banane 4 mois 4x100g","p":1.89,"u":"4,73 €/KG","img":"https://fd16-photos.leclercdrive.fr/image.ashx?id=2704753&use=l&cat=p&typeid=i","cat":312387},{"id":37542,"n":"Compote bébé Bio Village bio Poire williams - 4 mois -4x100g","p":1.89,"u":"4,73 €/KG","img":"https://fd16-photos.leclercdrive.fr/image.ashx?id=2704747&use=l&cat=p&typeid=i","cat":312387},{"id":37580,"n":"Soupe Régal Soupe Légumes et vermicelles - 1L","p":1.84,"u":"1,84 €/L","img":"https://fd16-photos.leclercdrive.fr/image.ashx?id=2607539&use=l&cat=p&typeid=i","cat":284462},{"id":37593,"n":"Snacks chats Tous mes amis Poulet fromage - 60g","p":0.84,"u":"14,00 €/KG","img":"https://fd16-photos.leclercdrive.fr/image.ashx?id=1947280&use=l&cat=p&typeid=i","cat":285285},{"id":37594,"n":"Snacks chats Tous mes amis Boeuf - 60g","p":0.94,"u":"15,67 €/KG","img":"https://fd16-photos.leclercdrive.fr/image.ashx?id=2046107&use=l&cat=p&typeid=i","cat":285285},{"id":37595,"n":"Snacks chats Tous mes amis Saumon - 60g","p":0.89,"u":"14,83 €/KG","img":"https://fd16-photos.leclercdrive.fr/image.ashx?id=1938588&use=l&cat=p&typeid=i","cat":285285},{"id":37596,"n":"Snacks chats Tous mes amis Contre les boules de poils- 60g","p":0.99,"u":"16,50 €/KG","img":"https://fd16-photos.leclercdrive.fr/image.ashx?id=1947277&use=l&cat=p&typeid=i","cat":285285},{"id":37605,"n":"Protège-slips Doulys Extra fin - Plié - x32","p":1.36,"u":"0,04 €/P","img":"https://fd16-photos.leclercdrive.fr/image.ashx?id=2824757&use=l&cat=p&typeid=i","cat":284625},{"id":37615,"n":"Rasoirs jetables Eco+ x10","p":0.71,"u":"0,07 €/P","img":"https://fd16-photos.leclercdrive.fr/image.ashx?id=2430133&use=l&cat=p&typeid=i","cat":284616},{"id":37623,"n":"Trancetto Balconi Cacao x10 280g","p":1.39,"u":"4,96 €/KG","img":"https://fd16-photos.leclercdrive.fr/image.ashx?id=2878414&use=l&cat=p&typeid=i","cat":284495},{"id":37632,"n":"Choucroute Charles Christ Petits lardons et riesling 790g","p":2.11,"u":"2,67 €/KG","img":"https://fd16-photos.leclercdrive.fr/image.ashx?id=2805867&use=l&cat=p&typeid=i","cat":284441},{"id":37636,"n":"Cassoulet Charles Christ Aux haricots lingots 410g","p":1.67,"u":"4,07 €/KG","img":"https://fd16-photos.leclercdrive.fr/image.ashx?id=1792695&use=l&cat=p&typeid=i","cat":284440},{"id":37712,"n":"Haricots Verts Cassegrain Extra Fins Cueillis main 390g","p":3.07,"u":"7,87 €/KG","img":"https://fd16-photos.leclercdrive.fr/image.ashx?id=2913025&use=l&cat=p&typeid=i","cat":312606},{"id":37719,"n":"Noix de macadamia Tokapi 100g","p":2.48,"u":"24,80 €/KG","img":"https://fd16-photos.leclercdrive.fr/image.ashx?id=2790519&use=l&cat=p&typeid=i","cat":284448},{"id":37774,"n":"Recharge Dentamyl Brosse à dents électrique x2","p":6.99,"u":"3,50 €/P","img":"https://fd16-photos.leclercdrive.fr/image.ashx?id=2790967&use=l&cat=p&typeid=i","cat":297133},{"id":37778,"n":"Lait corps Inell Réparateur - 250ml","p":2.33,"u":"9,32 €/L","img":"https://fd16-photos.leclercdrive.fr/image.ashx?id=2691664&use=l&cat=p&typeid=i","cat":325349},{"id":37837,"n":"Pain complet 350g","p":1.5,"u":"4,29 €/KG","img":"https://fd16-photos.leclercdrive.fr/image.ashx?id=2063044&use=l&cat=p&typeid=i","cat":284359},{"id":37843,"n":"100% Pur jus d'orange Jafaden Sans pulpe - 2L","p":3.54,"u":"1,77 €/L","img":"https://fd16-photos.leclercdrive.fr/image.ashx?id=2796052&use=l&cat=p&typeid=i","cat":284521},{"id":37863,"n":"Compresses stériles Primoplast Ultra-douces x20","p":2.6,"u":"0,13 €/P","img":"https://fd16-photos.leclercdrive.fr/image.ashx?id=2832960&use=l&cat=p&typeid=i","cat":284630},{"id":37864,"n":"Bouchons oreilles Primoplast Mousse x8","p":3.99,"u":"0,50 €/P","img":"https://fd16-photos.leclercdrive.fr/image.ashx?id=2856516&use=l&cat=p&typeid=i","cat":284630},{"id":37866,"n":"Lavette Mamisson Microfibre spécial vitres x1","p":0.85,"img":"https://fd16-photos.leclercdrive.fr/image.ashx?id=2595107&use=l&cat=p&typeid=i","cat":284667},{"id":37867,"n":"Rillettes Tradilège poulet 110g","p":1.4,"u":"12,73 €/KG","img":"https://fd16-photos.leclercdrive.fr/image.ashx?id=2683586&use=l&cat=p&typeid=i","cat":316008},{"id":38000,"n":"Shampooing douche Petit Manava Pomme-poire - 500ml","p":2.19,"u":"4,38 €/L","img":"https://fd16-photos.leclercdrive.fr/image.ashx?id=2403694&use=l&cat=p&typeid=i","cat":284606},{"id":38022,"n":"Barquette allégée Elle&Vire Doux - 20% MG - 250g","p":1.85,"u":"7,40 €/KG","img":"https://fd16-photos.leclercdrive.fr/image.ashx?id=2763460&use=l&cat=p&typeid=i","cat":284379},{"id":38026,"n":"Soufflés Frites Tokapi Bacon - 80g","p":0.79,"u":"9,88 €/KG","img":"https://fd16-photos.leclercdrive.fr/image.ashx?id=2597028&use=l&cat=p&typeid=i","cat":284449},{"id":38035,"n":"Shampooing Petit Nateis 2en1 Enfants - 250ml","p":1.35,"u":"5,40 €/L","img":"https://fd16-photos.leclercdrive.fr/image.ashx?id=2626799&use=l&cat=p&typeid=i","cat":284606},{"id":38057,"n":"Mayonnaise Colona 830g","p":4.5,"u":"5,42 €/KG","img":"https://fd16-photos.leclercdrive.fr/image.ashx?id=2687212&use=l&cat=p&typeid=i","cat":298295},{"id":38058,"n":"Sauce Samouraï Colona 840g","p":4.5,"u":"5,36 €/KG","img":"https://fd16-photos.leclercdrive.fr/image.ashx?id=2687140&use=l&cat=p&typeid=i","cat":318431},{"id":38100,"n":"Chocolat en poudre Nesquik Boîte 490g","p":3.69,"u":"7,53 €/KG","img":"https://fd16-photos.leclercdrive.fr/image.ashx?id=3005305&use=l&cat=p&typeid=i","cat":293235},{"id":38137,"n":"Viande bovine bourguignon*** à mijoter - 600g","p":8.5,"u":"14,17 €/KG","img":"https://fd16-photos.leclercdrive.fr/image.ashx?id=659562&use=l&cat=p&typeid=i","cat":284328},{"id":38220,"n":"Pansements Primoplast Anti-ampoules x6","p":3.15,"img":"https://fd16-photos.leclercdrive.fr/image.ashx?id=2832954&use=l&cat=p&typeid=i","cat":284630},{"id":38226,"n":"Compresses stériles Primoplast Gaze x60","p":4.99,"u":"0,08 €/P","img":"https://fd16-photos.leclercdrive.fr/image.ashx?id=2834181&use=l&cat=p&typeid=i","cat":284630},{"id":38227,"n":"Compresses stériles Primoplast Gaze x10","p":1.3,"u":"0,13 €/P","img":"https://fd16-photos.leclercdrive.fr/image.ashx?id=2856510&use=l&cat=p&typeid=i","cat":284630},{"id":38228,"n":"Vaseline Primoplast Tube 50ml","p":1.47,"u":"29,40 €/L","img":"https://fd16-photos.leclercdrive.fr/image.ashx?id=2856519&use=l&cat=p&typeid=i","cat":284630},{"id":38232,"n":"Mouchoirs blancs 3 plis Caresse Boîte décor aléatoire Kids -x60","p":1.75,"u":"0,03 €/P","img":"https://fd16-photos.leclercdrive.fr/image.ashx?id=2814432&use=l&cat=p&typeid=i","cat":284638},{"id":38235,"n":"Dessert - P'tit Brassé Nestlé Framboise - dès 6 mois - 4x100g","p":1.69,"u":"4,23 €/KG","img":"https://fd16-photos.leclercdrive.fr/image.ashx?id=2604876&use=l&cat=p&typeid=i","cat":312392},{"id":38236,"n":"Dessert - P'tit Brassé Nestlé Abricot - dès 6 mois - 4x100g","p":1.69,"u":"4,23 €/KG","img":"https://fd16-photos.leclercdrive.fr/image.ashx?id=2600569&use=l&cat=p&typeid=i","cat":312392},{"id":38237,"n":"Dessert - P'tit Brassé Nestlé Poire - dès 6 mois - 4x100g","p":1.88,"u":"4,70 €/KG","img":"https://fd16-photos.leclercdrive.fr/image.ashx?id=2615756&use=l&cat=p&typeid=i","cat":312392},{"id":38238,"n":"Dessert - P'tit Brassé Nestlé Fraise - dès 6 mois - 4x100g","p":1.69,"u":"4,23 €/KG","img":"https://fd16-photos.leclercdrive.fr/image.ashx?id=2510187&use=l&cat=p&typeid=i","cat":312392},{"id":38239,"n":"Dessert - P'tit Brassé Nestlé Myrtille - dès 6 mois - 4x100g","p":1.77,"u":"4,43 €/KG","img":"https://fd16-photos.leclercdrive.fr/image.ashx?id=2583235&use=l&cat=p&typeid=i","cat":312392},{"id":38297,"n":"Matière grasse St Hubert Omega3 52%mg - demi-sel - 510g","p":3.65,"u":"7,16 €/KG","img":"https://fd16-photos.leclercdrive.fr/image.ashx?id=2734099&use=l&cat=p&typeid=i","cat":315229},{"id":38298,"n":"Matière grasse St Hubert Omega 3 - 52%mg - doux - 510g","p":3.39,"u":"6,65 €/KG","img":"https://fd16-photos.leclercdrive.fr/image.ashx?id=2734108&use=l&cat=p&typeid=i","cat":315229},{"id":38337,"n":"Huile sèche corps Inell Nourrissante - 150ml","p":3.82,"u":"25,47 €/L","img":"https://fd16-photos.leclercdrive.fr/image.ashx?id=2604349&use=l&cat=p&typeid=i","cat":325349},{"id":38345,"n":"Vodka premium Grey Goose Original 40° - 70cl","p":36.99,"pp":32.99,"u":"47,13 €/L","img":"https://fd16-photos.leclercdrive.fr/image.ashx?id=2848331&use=l&cat=p&typeid=i","cat":284550},{"id":38374,"n":"Brosse à dents Dentamyl Super pro interdent x1","p":1.3,"img":"https://fd16-photos.leclercdrive.fr/image.ashx?id=2790970&use=l&cat=p&typeid=i","cat":284614},{"id":38488,"n":"Pièce fondue de boeuf 500g","p":10.95,"u":"21,90 €/KG","img":"https://fd16-photos.leclercdrive.fr/image.ashx?id=2117915&use=l&cat=p&typeid=i","cat":284328},{"id":38524,"n":"Tendres perles Blé Tipiak Prêt en 5 min - 350g","p":1.62,"u":"4,63 €/KG","img":"https://fd16-photos.leclercdrive.fr/image.ashx?id=2640614&use=l&cat=p&typeid=i","cat":284429},{"id":38563,"n":"Cône Extrême Nestlé Chocolat intense 6x71g","p":3.5,"u":"8,22 €/KG","img":"https://fd16-photos.leclercdrive.fr/image.ashx?id=2353089&use=l&cat=p&typeid=i","cat":284264},{"id":38596,"n":"Cahier Koverbook Clairefontaine 24x32cm 96 pages Seyes - x5","p":15.18,"u":"3,04 €/P","img":"https://fd16-photos.leclercdrive.fr/image.ashx?id=1704031&use=l&cat=p&typeid=i","cat":284697},{"id":38705,"n":"Chocolat Pâtissier Nestlé Dessert - 2x205g","p":5.84,"u":"14,24 €/KG","img":"https://fd16-photos.leclercdrive.fr/image.ashx?id=2959491&use=l&cat=p&typeid=i","cat":285562},{"id":38709,"n":"Fromage apéritif Apéricube Bella Italia 48 cubes","p":4.47,"u":"0,09 €/P","img":"https://fd16-photos.leclercdrive.fr/image.ashx?id=2882668&use=l&cat=p&typeid=i","cat":314027},{"id":38735,"n":"Lait de douche Manava Lait et miel - 250ml","p":0.94,"u":"3,76 €/L","img":"https://fd16-photos.leclercdrive.fr/image.ashx?id=2618338&use=l&cat=p&typeid=i","cat":284594},{"id":38744,"n":"Beurre allégé Les Croisés Demi-sel - 60% MG - 250g","p":1.89,"u":"7,56 €/KG","img":"https://fd16-photos.leclercdrive.fr/image.ashx?id=2897787&use=l&cat=p&typeid=i","cat":284379},{"id":38764,"n":"Cidre artisanal Les Goelleries Brut 5,5% - 75cl","p":2.49,"u":"3,32 €/L","img":"https://fd16-photos.leclercdrive.fr/image.ashx?id=2842301&use=l&cat=p&typeid=i","cat":334880},{"id":38765,"n":"Soda Jean's Cola Cherry Bouteille - 1,5L","p":1.49,"u":"0,99 €/L","img":"https://fd16-photos.leclercdrive.fr/image.ashx?id=2957551&use=l&cat=p&typeid=i","cat":284530},{"id":38781,"n":"Mouchoirs blancs 4 plis Caresse Boîte mouchoirs papier - x80","p":1.1,"u":"0,01 €/P","img":"https://fd16-photos.leclercdrive.fr/image.ashx?id=2801049&use=l&cat=p&typeid=i","cat":284638},{"id":38801,"n":"Déodorant spray Manava Vanille 100ml","p":1.39,"u":"13,90 €/L","img":"https://fd16-photos.leclercdrive.fr/image.ashx?id=2671408&use=l&cat=p&typeid=i","cat":284595},{"id":38802,"n":"Déodorant spray Manava Pierre d'alun/Aloe Vera - 100ml","p":1.44,"u":"14,40 €/L","img":"https://fd16-photos.leclercdrive.fr/image.ashx?id=3013609&use=l&cat=p&typeid=i","cat":284595},{"id":38803,"n":"Déodorant spray grenade Manava A l'huile sauge sclarée - 100ml","p":1.39,"u":"13,90 €/L","img":"https://fd16-photos.leclercdrive.fr/image.ashx?id=2656448&use=l&cat=p&typeid=i","cat":284595},{"id":38804,"n":"Déodorant spray Manava Invisible 100ml","p":1.39,"u":"13,90 €/L","img":"https://fd16-photos.leclercdrive.fr/image.ashx?id=2692958&use=l&cat=p&typeid=i","cat":284595},{"id":38812,"n":"Pains au lait Pasquier x10 - 350g","p":1.41,"u":"4,03 €/KG","img":"https://fd16-photos.leclercdrive.fr/image.ashx?id=2576940&use=l&cat=p&typeid=i","cat":293505},{"id":38857,"n":"Fromage Boursin cuisine Ail & fines herbes - 240g","p":2.47,"u":"10,29 €/KG","img":"https://fd16-photos.leclercdrive.fr/image.ashx?id=2615418&use=l&cat=p&typeid=i","cat":314029},{"id":38868,"n":"Chips ondulées Pom'Lisse Poulet rôti - 135g","p":1.05,"u":"7,78 €/KG","img":"https://fd16-photos.leclercdrive.fr/image.ashx?id=2919625&use=l&cat=p&typeid=i","cat":284447},{"id":38985,"n":"Beurre Grand Fermage  Demi-sel - 80% MG - 250g","p":2.63,"u":"10,52 €/KG","img":"https://fd16-photos.leclercdrive.fr/image.ashx?id=2915569&use=l&cat=p&typeid=i","cat":284379},{"id":39009,"n":"Pain de mie complet Epi d'Or Extra moelleux - 500g","p":1.79,"u":"3,58 €/KG","img":"https://fd16-photos.leclercdrive.fr/image.ashx?id=2860742&use=l&cat=p&typeid=i","cat":284477},{"id":39061,"n":"Film étirable Alfapac Rouleau 35m x 29cm","p":1.55,"img":"https://fd16-photos.leclercdrive.fr/image.ashx?id=2918268&use=l&cat=p&typeid=i","cat":334134},{"id":39066,"n":"Tablettes lave vaisselle Sun Classic x40 - 380g","p":5.44,"u":"14,32 €/KG","img":"https://fd16-photos.leclercdrive.fr/image.ashx?id=2776232&use=l&cat=p&typeid=i","cat":284656},{"id":39067,"n":"Tablettes lave vaisselle Sun Classic x60 - 570g","p":7.25,"u":"12,72 €/KG","img":"https://fd16-photos.leclercdrive.fr/image.ashx?id=2775745&use=l&cat=p&typeid=i","cat":284656},{"id":39107,"n":"Gel lavant Manava Savon de Marseille - 300ml","p":1.06,"u":"3,53 €/L","img":"https://fd16-photos.leclercdrive.fr/image.ashx?id=2935498&use=l&cat=p&typeid=i","cat":284597},{"id":39122,"n":"Fromage de chèvre Soignon Bûche Sainte Maure - 300g","p":3.17,"u":"10,57 €/KG","img":"https://fd16-photos.leclercdrive.fr/image.ashx?id=2963331&use=l&cat=p&typeid=i","cat":314031},{"id":39145,"n":"Mouchoirs blancs 4 plis Caresse Etuis x15 - Mentholés","p":1.98,"u":"0,13 €/P","img":"https://fd16-photos.leclercdrive.fr/image.ashx?id=2572996&use=l&cat=p&typeid=i","cat":284638},{"id":39155,"n":"Chips La classique Vico Nature - 6x27,5g","p":1.76,"u":"10,67 €/KG","img":"https://fd16-photos.leclercdrive.fr/image.ashx?id=2917813&use=l&cat=p&typeid=i","cat":284447},{"id":39172,"n":"AOP Cabernet d'Anjou vin rosé Les Caractères - 75cl","p":3.99,"u":"5,32 €/L","img":"https://fd16-photos.leclercdrive.fr/image.ashx?id=2908846&use=l&cat=p&typeid=i","cat":289558},{"id":39199,"n":"Pizza Turini Cuite sur pierre Campagnarde - 400g","p":2.99,"u":"7,48 €/KG","img":"https://fd16-photos.leclercdrive.fr/image.ashx?id=2816576&use=l&cat=p&typeid=i","cat":284256},{"id":39233,"n":"AOP Côtes de Provence rosé Estandon - 75cl","p":5.5,"u":"7,33 €/L","img":"https://fd16-photos.leclercdrive.fr/image.ashx?id=2868966&use=l&cat=p&typeid=i","cat":289558},{"id":39259,"n":"Planteur Jafaden Cocktail sans alcool - 1L","p":2.35,"u":"2,35 €/L","img":"https://fd16-photos.leclercdrive.fr/image.ashx?id=2956726&use=l&cat=p&typeid=i","cat":284916},{"id":39261,"n":"Cidre doux Les Goelleries 2%vol. - 3x33cl","p":3.35,"u":"3,38 €/L","img":"https://fd16-photos.leclercdrive.fr/image.ashx?id=2856528&use=l&cat=p&typeid=i","cat":334880},{"id":39266,"n":"AOP Corse vin rosé Terres Ocrées - 75cl","p":4.99,"u":"6,65 €/L","img":"https://fd16-photos.leclercdrive.fr/image.ashx?id=2865242&use=l&cat=p&typeid=i","cat":289558},{"id":39268,"n":"AOP Bergerac vin blanc sec Terrasses d'Autan - 75cl","p":2.99,"u":"3,99 €/L","img":"https://fd16-photos.leclercdrive.fr/image.ashx?id=2858108&use=l&cat=p&typeid=i","cat":289557},{"id":39269,"n":"AOC Cabernet d'Anjou vin rosé Les Caractères - 37,5cl","p":2.99,"u":"7,97 €/L","img":"https://fd16-photos.leclercdrive.fr/image.ashx?id=2710943&use=l&cat=p&typeid=i","cat":289558},{"id":39328,"n":"Vin mousseux Kriter Brut 3x20cl","p":5.53,"u":"9,22 €/L","img":"https://fd16-photos.leclercdrive.fr/image.ashx?id=2538509&use=l&cat=p&typeid=i","cat":284544},{"id":39332,"n":"Shampooing Manava Cheveux normaux à gras 500ml","p":1.28,"u":"2,56 €/L","img":"https://fd16-photos.leclercdrive.fr/image.ashx?id=1885059&use=l&cat=p&typeid=i","cat":284606},{"id":39338,"n":"Moutarde Savora Amora 385g","p":2.28,"u":"5,92 €/KG","img":"https://fd16-photos.leclercdrive.fr/image.ashx?id=2775685&use=l&cat=p&typeid=i","cat":288850},{"id":39376,"n":"Pur jus d'orange Tropicana Sans pulpe - 1,5L","p":3.26,"u":"2,17 €/L","img":"https://fd16-photos.leclercdrive.fr/image.ashx?id=2509637&use=l&cat=p&typeid=i","cat":284521},{"id":39389,"n":"Haricots beurre Notre Jardin Extra fins 1kg","p":2.29,"u":"2,29 €/KG","img":"https://fd16-photos.leclercdrive.fr/image.ashx?id=2431134&use=l&cat=p&typeid=i","cat":319805},{"id":39403,"n":"Joker Pur Jus Engagé Orange  sans pulpe - 1L","p":2.63,"u":"2,63 €/L","img":"https://fd16-photos.leclercdrive.fr/image.ashx?id=2984982&use=l&cat=p&typeid=i","cat":284521},{"id":39414,"n":"yaourt aux fruits danone recette crémeuse - 16x125g","p":4.86,"u":"2,43 €/KG","img":"https://fd16-photos.leclercdrive.fr/image.ashx?id=2611967&use=l&cat=p&typeid=i","cat":284410},{"id":39417,"n":"Boisson Sunny Delight Florida - 1,25L","p":2.09,"u":"1,67 €/L","img":"https://fd16-photos.leclercdrive.fr/image.ashx?id=2309960&use=l&cat=p&typeid=i","cat":285435},{"id":39418,"n":"Boisson Sunny Delight Doux California - 1,25L","p":2.19,"u":"1,75 €/L","img":"https://fd16-photos.leclercdrive.fr/image.ashx?id=2309963&use=l&cat=p&typeid=i","cat":285435},{"id":39445,"n":"Confiture Douceur Du Verger Extra myrtilles allegée - 340g","p":1.89,"u":"5,56 €/KG","img":"https://fd16-photos.leclercdrive.fr/image.ashx?id=2965515&use=l&cat=p&typeid=i","cat":284480},{"id":39471,"n":"Mousse aux oeufs Bonne Maman Chocolat - 4x50g","p":2.42,"u":"12,10 €/KG","img":"https://fd16-photos.leclercdrive.fr/image.ashx?id=2571509&use=l&cat=p&typeid=i","cat":284417},{"id":39472,"n":"Mousse aux oeufs Bonne Maman Chocolat au lait - 4x50g","p":2.37,"u":"11,85 €/KG","img":"https://fd16-photos.leclercdrive.fr/image.ashx?id=2571512&use=l&cat=p&typeid=i","cat":284417},{"id":39475,"n":"Barre chocolatée Balisto Fruits des bois - x10 - 185g","p":2.76,"u":"14,92 €/KG","img":"https://fd16-photos.leclercdrive.fr/image.ashx?id=1930983&use=l&cat=p&typeid=i","cat":284498},{"id":39480,"n":"Chips ondulées Pom'Lisse Nature - 6x30g","p":1.57,"u":"8,72 €/KG","img":"https://fd16-photos.leclercdrive.fr/image.ashx?id=2728246&use=l&cat=p&typeid=i","cat":284447},{"id":39482,"n":"Brownie P'tit Déli Chocolat noisette - 240g","p":1.83,"u":"7,63 €/KG","img":"https://fd16-photos.leclercdrive.fr/image.ashx?id=2891779&use=l&cat=p&typeid=i","cat":294776},{"id":39497,"n":"Barre chocolatée P'tit Déli Bille de riz - 162g","p":1.5,"u":"9,26 €/KG","img":"https://fd16-photos.leclercdrive.fr/image.ashx?id=2529599&use=l&cat=p&typeid=i","cat":284488},{"id":39498,"n":"Biscottes Epi d'Or Gout brioché x36 - 300g","p":1.51,"u":"5,03 €/KG","img":"https://fd16-photos.leclercdrive.fr/image.ashx?id=2684028&use=l&cat=p&typeid=i","cat":284479},{"id":39502,"n":"Biscuits Cookies P'tit Déli Coeur fondant noisette - 200g","p":1.44,"u":"7,20 €/KG","img":"https://fd16-photos.leclercdrive.fr/image.ashx?id=2577296&use=l&cat=p&typeid=i","cat":325066},{"id":39503,"n":"Chocolat Pâtissier Tablette dOr Praliné - 200g","p":2.15,"u":"10,75 €/KG","img":"https://fd16-photos.leclercdrive.fr/image.ashx?id=2565619&use=l&cat=p&typeid=i","cat":285562},{"id":39507,"n":"Moutarde Rustica Douce - 435g","p":1.39,"u":"3,20 €/KG","img":"https://fd16-photos.leclercdrive.fr/image.ashx?id=2052019&use=l&cat=p&typeid=i","cat":288850},{"id":39511,"n":"Thé lady grey Twinings x20 sachets -  40g","p":2.51,"u":"62,75 €/KG","img":"https://fd16-photos.leclercdrive.fr/image.ashx?id=2875552&use=l&cat=p&typeid=i","cat":293233},{"id":39513,"n":"Soupe Velouté Régal  Poireaux St Jacques - 1L","p":3.8,"u":"3,80 €/L","img":"https://fd16-photos.leclercdrive.fr/image.ashx?id=2800243&use=l&cat=p&typeid=i","cat":284462},{"id":39514,"n":"Soupe Velouté Regal Soupe Cèpes et bolets - 1L","p":2.25,"u":"2,25 €/L","img":"https://fd16-photos.leclercdrive.fr/image.ashx?id=2607545&use=l&cat=p&typeid=i","cat":284462},{"id":39517,"n":"Thé vert Twinings Citron x25 sachets -50g","p":2.28,"u":"45,60 €/KG","img":"https://fd16-photos.leclercdrive.fr/image.ashx?id=2893012&use=l&cat=p&typeid=i","cat":293233},{"id":39521,"n":"Cacahuètes enrobées Tokapi Salées - 150g","p":0.85,"u":"5,67 €/KG","img":"https://fd16-photos.leclercdrive.fr/image.ashx?id=2790525&use=l&cat=p&typeid=i","cat":284448},{"id":39522,"n":"Cacahuètes enrobées Tokapi Bacon - 150g","p":0.85,"u":"5,67 €/KG","img":"https://fd16-photos.leclercdrive.fr/image.ashx?id=2790528&use=l&cat=p&typeid=i","cat":284448},{"id":39523,"n":"Cacahuètes enrobées Tokapi Paprika - 150g","p":0.99,"u":"6,60 €/KG","img":"https://fd16-photos.leclercdrive.fr/image.ashx?id=2790531&use=l&cat=p&typeid=i","cat":284448},{"id":39524,"n":"Cacahuètes enrobées Tokapi Epicées - 150g","p":0.85,"u":"5,67 €/KG","img":"https://fd16-photos.leclercdrive.fr/image.ashx?id=2033239&use=l&cat=p&typeid=i","cat":284448},{"id":39529,"n":"Jus de citron Rustica Sicile - 50cl","p":1.67,"u":"3,34 €/L","img":"https://fd16-photos.leclercdrive.fr/image.ashx?id=2974804&use=l&cat=p&typeid=i","cat":288383},{"id":39539,"n":"Tablette chocolat Equador Noir fourré menthe 150g","p":2.25,"u":"15,00 €/KG","img":"https://fd16-photos.leclercdrive.fr/image.ashx?id=2834305&use=l&cat=p&typeid=i","cat":284956},{"id":39541,"n":"Madeleine P'tit Déli Coquilles napées chocolat -300g","p":2.62,"u":"8,73 €/KG","img":"https://fd16-photos.leclercdrive.fr/image.ashx?id=2583262&use=l&cat=p&typeid=i","cat":284492},{"id":39547,"n":"Duo Haricots verts et beurre Notre Jardin - 225g","p":1.03,"u":"4,58 €/KG","img":"https://fd16-photos.leclercdrive.fr/image.ashx?id=2988060&use=l&cat=p&typeid=i","cat":312606},{"id":39548,"n":"Haricots verts Notre Jardin Extra fins - 3x110g","p":1.83,"u":"5,55 €/KG","img":"https://fd16-photos.leclercdrive.fr/image.ashx?id=2472514&use=l&cat=p&typeid=i","cat":312606},{"id":39550,"n":"Sirop d'agave bio Bio Village 345g","p":1.99,"u":"5,77 €/KG","img":"https://fd16-photos.leclercdrive.fr/image.ashx?id=2764961&use=l&cat=p&typeid=i","cat":287643},{"id":39551,"n":"Tablettes pour chien Lydog Boeuf, poulet, agneau - 104g","p":1.22,"u":"11,73 €/KG","img":"https://fd16-photos.leclercdrive.fr/image.ashx?id=1947265&use=l&cat=p&typeid=i","cat":294527},{"id":39554,"n":"Mélange 4 champignons N.Jardin 230g","p":2.57,"u":"11,17 €/KG","img":"https://fd16-photos.leclercdrive.fr/image.ashx?id=2072719&use=l&cat=p&typeid=i","cat":312610},{"id":39558,"n":"Croquettes chat Tous mes amis Stérilisés - 2kg","p":3.24,"u":"1,62 €/KG","img":"https://fd16-photos.leclercdrive.fr/image.ashx?id=2301490&use=l&cat=p&typeid=i","cat":284680},{"id":39572,"n":"Biscuits batonnets P'tit Déli Chocolat au lait 90g","p":1.29,"u":"14,33 €/KG","img":"https://fd16-photos.leclercdrive.fr/image.ashx?id=2328779&use=l&cat=p&typeid=i","cat":284488},{"id":39616,"n":"Sirop Moulin de Valdonne Fraise - 70cl","p":3.47,"u":"4,96 €/L","img":"https://fd16-photos.leclercdrive.fr/image.ashx?id=2170559&use=l&cat=p&typeid=i","cat":295020},{"id":39617,"n":"Sirop Moulin de Valdonne Menthe - 70cl","p":3.12,"u":"4,46 €/L","img":"https://fd16-photos.leclercdrive.fr/image.ashx?id=2170550&use=l&cat=p&typeid=i","cat":295020},{"id":39651,"n":"Sel fin iodé Cérébos Boîte 125g","p":0.57,"u":"4,56 €/KG","img":"https://fd16-photos.leclercdrive.fr/image.ashx?id=2817536&use=l&cat=p&typeid=i","cat":284457},{"id":39686,"n":"Protection incontinence Chorys Homme - Normal - x20","p":5.32,"u":"0,27 €/P","img":"https://fd16-photos.leclercdrive.fr/image.ashx?id=2672936&use=l&cat=p&typeid=i","cat":291514},{"id":39735,"n":"Huile Isio 4 Lesieur Stop goutte - 675ml","p":2.82,"u":"4,18 €/L","img":"https://fd16-photos.leclercdrive.fr/image.ashx?id=2916015&use=l&cat=p&typeid=i","cat":284453},{"id":39743,"n":"Bière blonde 8.6 Gold Canette 50cl - 8.6%vol","p":1.47,"u":"2,94 €/L","img":"https://fd16-photos.leclercdrive.fr/image.ashx?id=1883591&use=l&cat=p&typeid=i","cat":334853},{"id":39770,"n":"Edulcorant Canderel Pot, poudre 80g","p":2.29,"u":"28,63 €/KG","img":"https://fd16-photos.leclercdrive.fr/image.ashx?id=2811020&use=l&cat=p&typeid=i","cat":324846},{"id":39783,"n":"Liqueur Malibu Coco 18% vol - 1L","p":15.45,"u":"15,45 €/L","img":"https://fd16-photos.leclercdrive.fr/image.ashx?id=2396881&use=l&cat=p&typeid=i","cat":284551},{"id":39827,"n":"Sauce Algerienne Colona 500ml","p":2.77,"u":"5,54 €/L","img":"https://fd16-photos.leclercdrive.fr/image.ashx?id=2687182&use=l&cat=p&typeid=i","cat":318431},{"id":39858,"n":"Sirop Frucci Fruits exotiques - 75cl","p":2.65,"u":"3,53 €/L","img":"https://fd16-photos.leclercdrive.fr/image.ashx?id=2842313&use=l&cat=p&typeid=i","cat":295020},{"id":39870,"n":"Jus multifruits Jafaden 4x20cl","p":2.94,"u":"3,68 €/L","img":"https://fd16-photos.leclercdrive.fr/image.ashx?id=2802296&use=l&cat=p&typeid=i","cat":284524},{"id":39871,"n":"Pur jus d'orange Jafaden 4x20cl","p":3.33,"u":"4,16 €/L","img":"https://fd16-photos.leclercdrive.fr/image.ashx?id=2802293&use=l&cat=p&typeid=i","cat":284521},{"id":39872,"n":"Pur jus d'ananas Jafaden 4x20cl","p":3.35,"u":"4,19 €/L","img":"https://fd16-photos.leclercdrive.fr/image.ashx?id=2553333&use=l&cat=p&typeid=i","cat":284524},{"id":39889,"n":"Tendres perles Blé Tipiak Prêt en 4 min - 700g","p":3.13,"u":"4,47 €/KG","img":"https://fd16-photos.leclercdrive.fr/image.ashx?id=2789095&use=l&cat=p&typeid=i","cat":284429},{"id":39927,"n":"AOC Bordeaux vin blanc moelleux Chantet Blanet - 75cl","p":3.49,"u":"4,65 €/L","img":"https://fd16-photos.leclercdrive.fr/image.ashx?id=2918463&use=l&cat=p&typeid=i","cat":289557},{"id":39941,"n":"Laque Fixation Forte 24h Dop Vivelle - 250ml","p":3.78,"u":"15,12 €/L","img":"https://fd16-photos.leclercdrive.fr/image.ashx?id=2457239&use=l&cat=p&typeid=i","cat":284609},{"id":39942,"n":"Laque Fixation 24H Extrême Dop Vivelle - 250ml","p":4.21,"u":"16,84 €/L","img":"https://fd16-photos.leclercdrive.fr/image.ashx?id=2575624&use=l&cat=p&typeid=i","cat":284609},{"id":39943,"n":"Laque fixation Extra-Forte Dop Vivelle - 250ml","p":3.96,"u":"15,84 €/L","img":"https://fd16-photos.leclercdrive.fr/image.ashx?id=2457236&use=l&cat=p&typeid=i","cat":284609},{"id":39946,"n":"Crème de nuit L'Oréal Paris Revitalift anti-rides - 50ml","p":7.83,"u":"156,60 €/L","img":"https://fd16-photos.leclercdrive.fr/image.ashx?id=2865869&use=l&cat=p&typeid=i","cat":325345},{"id":39947,"n":"Soin de jour L'Oréal Paris Revitalift Anti-rides - 50ml","p":7.83,"u":"156,60 €/L","img":"https://fd16-photos.leclercdrive.fr/image.ashx?id=2851078&use=l&cat=p&typeid=i","cat":325345},{"id":39951,"n":"Crème dessert Délisse Pistache - 4x125g","p":0.89,"u":"1,78 €/KG","img":"https://fd16-photos.leclercdrive.fr/image.ashx?id=2441333&use=l&cat=p&typeid=i","cat":285041},{"id":39953,"n":"crème dessert chocolat danette pop billes 3 chocolats - 4x117g","p":2.49,"u":"5,32 €/KG","img":"https://fd16-photos.leclercdrive.fr/image.ashx?id=2926230&use=l&cat=p&typeid=i","cat":285041},{"id":39954,"n":"Crème dessert vanille Danette  Billes 3 chocolats - 4x117g","p":2.52,"u":"5,38 €/KG","img":"https://fd16-photos.leclercdrive.fr/image.ashx?id=2926227&use=l&cat=p&typeid=i","cat":285041},{"id":39973,"n":"Plat bébé Blédina 12 mois  Boulghour tomate saumon -2x200g","p":2.8,"u":"7,00 €/KG","img":"https://fd16-photos.leclercdrive.fr/image.ashx?id=2975083&use=l&cat=p&typeid=i","cat":312237},{"id":39974,"n":"Plat bébé Blédina 6 mois  Purée butternut poulet - 2x200g","p":2.63,"u":"6,58 €/KG","img":"https://fd16-photos.leclercdrive.fr/image.ashx?id=2975080&use=l&cat=p&typeid=i","cat":312236},{"id":39988,"n":"Crème de douche Manava Douceur de crème - 250ml","p":1.05,"u":"4,20 €/L","img":"https://fd16-photos.leclercdrive.fr/image.ashx?id=2699282&use=l&cat=p&typeid=i","cat":284594},{"id":39989,"n":"Savon douceur Manava 1/4 de crème 100g","p":0.93,"u":"9,30 €/KG","img":"https://fd16-photos.leclercdrive.fr/image.ashx?id=2331318&use=l&cat=p&typeid=i","cat":284597},{"id":39990,"n":"Savon Manava Fleur de Tiaré orchidée 100g","p":0.89,"u":"8,90 €/KG","img":"https://fd16-photos.leclercdrive.fr/image.ashx?id=2751898&use=l&cat=p&typeid=i","cat":284597},{"id":39992,"n":"Gel douche Manava Monoï de Polynésie 250ml","p":1.15,"u":"4,60 €/L","img":"https://fd16-photos.leclercdrive.fr/image.ashx?id=2626805&use=l&cat=p&typeid=i","cat":284594},{"id":39994,"n":"Lait douche Manava Fleur d'oranger 250ml","p":1.29,"u":"5,16 €/L","img":"https://fd16-photos.leclercdrive.fr/image.ashx?id=2618335&use=l&cat=p&typeid=i","cat":284594},{"id":40003,"n":"Saucisson Justin Bridou La Juste Sèche - 275g","p":3.77,"u":"13,71 €/KG","img":"https://fd16-photos.leclercdrive.fr/image.ashx?id=2756927&use=l&cat=p&typeid=i","cat":316006},{"id":40006,"n":"Houmous Extra l'Atelier Blini 175g","p":2.74,"u":"15,66 €/KG","img":"https://fd16-photos.leclercdrive.fr/image.ashx?id=2795093&use=l&cat=p&typeid=i","cat":315999},{"id":40017,"n":"Tzatziki Blini Extra - 175g","p":2.75,"u":"15,71 €/KG","img":"https://fd16-photos.leclercdrive.fr/image.ashx?id=2973703&use=l&cat=p&typeid=i","cat":315999},{"id":40033,"n":"Yaourt nature sucré Yoplait - 16x125g","p":3.28,"u":"1,64 €/KG","img":"https://fd16-photos.leclercdrive.fr/image.ashx?id=2796821&use=l&cat=p&typeid=i","cat":284409},{"id":40034,"n":"Menthe Pastille Giffard 24%vol - 70cl","p":11.85,"pp":10.85,"u":"15,50 €/L","img":"https://fd16-photos.leclercdrive.fr/image.ashx?id=2529903&use=l&cat=p&typeid=i","cat":286032},{"id":40051,"n":"Crêpes bretonnes Saint Michel Nature - x12 - 315g","p":2.26,"u":"7,17 €/KG","img":"https://fd16-photos.leclercdrive.fr/image.ashx?id=2060238&use=l&cat=p&typeid=i","cat":284494},{"id":40089,"n":"Gel douche Manava Cranberry myrtille - 250ml","p":1.15,"u":"4,60 €/L","img":"https://fd16-photos.leclercdrive.fr/image.ashx?id=2626802&use=l&cat=p&typeid=i","cat":284594},{"id":40090,"n":"Lait corps Inell Nourrissant - 250ml","p":2.33,"u":"9,32 €/L","img":"https://fd16-photos.leclercdrive.fr/image.ashx?id=2691661&use=l&cat=p&typeid=i","cat":325349},{"id":40092,"n":"Saucisson sec Saint Azay Stick au noix 100g","p":1.99,"u":"19,90 €/KG","img":"https://fd16-photos.leclercdrive.fr/image.ashx?id=2469565&use=l&cat=p&typeid=i","cat":316006},{"id":40094,"n":"Saucissons secs Saint Azay Stick nature 100g","p":1.99,"u":"19,90 €/KG","img":"https://fd16-photos.leclercdrive.fr/image.ashx?id=2977162&use=l&cat=p&typeid=i","cat":316006},{"id":40102,"n":"Savon de toilette Manava Fleur oranger 100g","p":0.79,"u":"7,90 €/KG","img":"https://fd16-photos.leclercdrive.fr/image.ashx?id=2348670&use=l&cat=p&typeid=i","cat":284597},{"id":40107,"n":"Adoucissant Hyperdou Provence - 750ml","p":1.99,"u":"2,65 €/L","img":"https://fd16-photos.leclercdrive.fr/image.ashx?id=2614473&use=l&cat=p&typeid=i","cat":284650},{"id":40108,"n":"Adoucissant Hyperdou Rêve fraicheur - 750ml","p":1.89,"u":"2,52 €/L","img":"https://fd16-photos.leclercdrive.fr/image.ashx?id=2602850&use=l&cat=p&typeid=i","cat":284650},{"id":40122,"n":"AOP Côtes de Provence vin rosé Terres Ocrées - 75cl - 13%","p":4.99,"u":"6,65 €/L","img":"https://fd16-photos.leclercdrive.fr/image.ashx?id=2896895&use=l&cat=p&typeid=i","cat":289558},{"id":40133,"n":"Gaufrettes Paille d'Or LU Framboise - 170g","p":1.85,"u":"10,88 €/KG","img":"https://fd16-photos.leclercdrive.fr/image.ashx?id=2883753&use=l&cat=p&typeid=i","cat":284489},{"id":40135,"n":"Biscottes Heudebert  Nature - 300g","p":1.31,"u":"4,37 €/KG","img":"https://fd16-photos.leclercdrive.fr/image.ashx?id=2368291&use=l&cat=p&typeid=i","cat":284479},{"id":40138,"n":"Biscuits Petit Ecolier Chocolat au lait - 150g","p":1.68,"u":"11,20 €/KG","img":"https://fd16-photos.leclercdrive.fr/image.ashx?id=2323844&use=l&cat=p&typeid=i","cat":284488},{"id":40142,"n":"Compote Douceur du Verger Coupelle multivariétés -16x100g","p":3.99,"u":"2,49 €/KG","img":"https://fd16-photos.leclercdrive.fr/image.ashx?id=2663533&use=l&cat=p&typeid=i","cat":284508},{"id":40214,"n":"Sauce Pesto Barilla Basilic et Roquette - 190g","p":1.94,"u":"10,21 €/KG","img":"https://fd16-photos.leclercdrive.fr/image.ashx?id=2457980&use=l&cat=p&typeid=i","cat":287599},{"id":40278,"n":"Barres glacées Twix  Caramel & Biscuit x6 - 205g","p":2.76,"u":"13,46 €/KG","img":"https://fd16-photos.leclercdrive.fr/image.ashx?id=2906742&use=l&cat=p&typeid=i","cat":284264},{"id":40303,"n":"Coton Duo Démaquillants Inell Ovale - Aloé véra - Disques x60","p":1.69,"img":"https://fd16-photos.leclercdrive.fr/image.ashx?id=1926957&use=l&cat=p&typeid=i","cat":285593},{"id":40311,"n":"Biscuits cacao P'tit Déli Chocolat noir/blanc - 115g","p":2.0,"u":"17,39 €/KG","img":"https://fd16-photos.leclercdrive.fr/image.ashx?id=2566197&use=l&cat=p&typeid=i","cat":284488},{"id":40313,"n":"Madeleines marbrées P'tit Déli Chocolat 400g","p":2.15,"u":"5,38 €/KG","img":"https://fd16-photos.leclercdrive.fr/image.ashx?id=2646065&use=l&cat=p&typeid=i","cat":284492},{"id":40315,"n":"Chips ondulées Pom'Lisse Epicé - 135g","p":1.17,"u":"8,67 €/KG","img":"https://fd16-photos.leclercdrive.fr/image.ashx?id=2919628&use=l&cat=p&typeid=i","cat":284447},{"id":40318,"n":"Mini cornichons Rustica 210g","p":2.03,"u":"9,67 €/KG","img":"https://fd16-photos.leclercdrive.fr/image.ashx?id=2916704&use=l&cat=p&typeid=i","cat":284458},{"id":40321,"n":"Bonbons Confiseo Menthe Extrême - 250g","p":1.49,"u":"5,96 €/KG","img":"https://fd16-photos.leclercdrive.fr/image.ashx?id=2934712&use=l&cat=p&typeid=i","cat":304252},{"id":40330,"n":"Sablés P'tit Déli Pur beurre framboise - 100g","p":1.18,"u":"11,80 €/KG","img":"https://fd16-photos.leclercdrive.fr/image.ashx?id=2669747&use=l&cat=p&typeid=i","cat":284487},{"id":40332,"n":"Bière aromatisée Desperados 5.9%vol. - 20x25cl","p":18.23,"u":"3,65 €/L","img":"https://fd16-photos.leclercdrive.fr/image.ashx?id=2977300&use=l&cat=p&typeid=i","cat":334878},{"id":40336,"n":"Bière blonde Heineken 12x33cl","p":11.3,"u":"2,85 €/L","img":"https://fd16-photos.leclercdrive.fr/image.ashx?id=3008110&use=l&cat=p&typeid=i","cat":334873},{"id":40342,"n":"Serviette Tena Lady - Maxi Night - x12","p":6.09,"u":"0,51 €/P","img":"https://fd16-photos.leclercdrive.fr/image.ashx?id=2597232&use=l&cat=p&typeid=i","cat":284628},{"id":40345,"n":"Cotons Démaquillants Demak'Up Original ovale x70","p":1.82,"u":"0,03 €/P","img":"https://fd16-photos.leclercdrive.fr/image.ashx?id=2791458&use=l&cat=p&typeid=i","cat":285593},{"id":40493,"n":"Panna Cotta Délisse Fruits rouges - 4x90g","p":2.19,"u":"6,08 €/KG","img":"https://fd16-photos.leclercdrive.fr/image.ashx?id=1846157&use=l&cat=p&typeid=i","cat":284419},{"id":40516,"n":"Compote Douceur du Verger Gourdes multivariétés - 12x90g","p":4.09,"u":"3,79 €/KG","img":"https://fd16-photos.leclercdrive.fr/image.ashx?id=2837051&use=l&cat=p&typeid=i","cat":284508},{"id":40518,"n":"Kit burritos Old El Paso extra doux - 491g","p":4.72,"u":"9,61 €/KG","img":"https://fd16-photos.leclercdrive.fr/image.ashx?id=2759496&use=l&cat=p&typeid=i","cat":288993},{"id":40573,"n":"Tablette chocolat Milka Chocolat lait/Noisette - 2x100g","p":3.41,"u":"17,05 €/KG","img":"https://fd16-photos.leclercdrive.fr/image.ashx?id=2832422&use=l&cat=p&typeid=i","cat":284497},{"id":40610,"n":"Pérail Lou Pérac Fromage de brebis - 100g","p":2.16,"u":"21,60 €/KG","img":"https://fd16-photos.leclercdrive.fr/image.ashx?id=2848545&use=l&cat=p&typeid=i","cat":314031},{"id":40612,"n":"Fromage de Brebis Etorki  180g","p":3.43,"u":"19,06 €/KG","img":"https://fd16-photos.leclercdrive.fr/image.ashx?id=2702816&use=l&cat=p&typeid=i","cat":329184},{"id":40620,"n":"Jus innocent  orange sans pulpe 1.5L","p":3.58,"u":"2,39 €/L","img":"https://fd16-photos.leclercdrive.fr/image.ashx?id=2889811&use=l&cat=p&typeid=i","cat":285435},{"id":40626,"n":"AOC Rosé de Loire vin rosé Les Caractères - 75cl","p":3.69,"u":"4,92 €/L","img":"https://fd16-photos.leclercdrive.fr/image.ashx?id=2756149&use=l&cat=p&typeid=i","cat":289558},{"id":40627,"n":"AOC Rosé d'Anjou vin rosé Les Caractères - 75cl","p":3.89,"u":"5,19 €/L","img":"https://fd16-photos.leclercdrive.fr/image.ashx?id=2925707&use=l&cat=p&typeid=i","cat":289558},{"id":40631,"n":"Levure Chimique Alsacienne alsa 8 sachets - 88g","p":0.68,"u":"7,73 €/KG","img":"https://fd16-photos.leclercdrive.fr/image.ashx?id=3009335&use=l&cat=p&typeid=i","cat":294686},{"id":40649,"n":"Pansement Primoplast Transparents x40","p":0.99,"u":"0,02 €/P","img":"https://fd16-photos.leclercdrive.fr/image.ashx?id=2832957&use=l&cat=p&typeid=i","cat":284630},{"id":40652,"n":"Jus de cranberry Gayelord Hauser - 75cl","p":3.35,"u":"4,47 €/L","img":"https://fd16-photos.leclercdrive.fr/image.ashx?id=2750441&use=l&cat=p&typeid=i","cat":284915},{"id":40653,"n":"Jus de grenade Gayelord Hauser - 75cl","p":3.15,"u":"4,20 €/L","img":"https://fd16-photos.leclercdrive.fr/image.ashx?id=2923789&use=l&cat=p&typeid=i","cat":284915},{"id":40656,"n":"Gel douche Manava Surgras - 500ml","p":1.85,"u":"3,70 €/L","img":"https://fd16-photos.leclercdrive.fr/image.ashx?id=2799239&use=l&cat=p&typeid=i","cat":284594},{"id":40657,"n":"Gel douche Manava Hypoallergenique - 500ml","p":1.85,"u":"3,70 €/L","img":"https://fd16-photos.leclercdrive.fr/image.ashx?id=2799165&use=l&cat=p&typeid=i","cat":284594},{"id":40666,"n":"Antiseptique Primoplast Spray - 100ml","p":2.4,"u":"24,00 €/L","img":"https://fd16-photos.leclercdrive.fr/image.ashx?id=2856522&use=l&cat=p&typeid=i","cat":284630},{"id":40667,"n":"Shampooing Vitanove Nutrition - 750ml","p":3.99,"u":"5,32 €/L","img":"https://fd16-photos.leclercdrive.fr/image.ashx?id=2478925&use=l&cat=p&typeid=i","cat":284606},{"id":40670,"n":"Shampooing Vitanove Couleur - 750ml","p":3.99,"u":"5,32 €/L","img":"https://fd16-photos.leclercdrive.fr/image.ashx?id=1923577&use=l&cat=p&typeid=i","cat":284606},{"id":40676,"n":"Beurre Tendre Président Demi-sel - 80% MG - 250g","p":3.23,"u":"12,92 €/KG","img":"https://fd16-photos.leclercdrive.fr/image.ashx?id=2731420&use=l&cat=p&typeid=i","cat":284379},{"id":40723,"n":"Fromage à tartiner Les Croisés Echalote et Ciboulette - 150g","p":1.66,"u":"11,07 €/KG","img":"https://fd16-photos.leclercdrive.fr/image.ashx?id=2476158&use=l&cat=p&typeid=i","cat":314029},{"id":40774,"n":"Lingettes nettoyantes La Croix Désinfectant Javel - x 25","p":1.53,"u":"0,06 €/P","img":"https://fd16-photos.leclercdrive.fr/image.ashx?id=2540106&use=l&cat=p&typeid=i","cat":325358},{"id":40776,"n":"Détachant avant lavage K2R  Tâche incrustée mousse  - 400mL","p":2.77,"u":"6,93 €/L","img":"https://fd16-photos.leclercdrive.fr/image.ashx?id=2101177&use=l&cat=p&typeid=i","cat":284651},{"id":40789,"n":"Yaourts à boire Délisse Fraise - 8x100g","p":1.95,"u":"2,44 €/KG","img":"https://fd16-photos.leclercdrive.fr/image.ashx?id=2762504&use=l&cat=p&typeid=i","cat":284415},{"id":40794,"n":"Rôti de poulet Tradilège Supérieur 4tr - 160g","p":2.25,"u":"14,06 €/KG","img":"https://fd16-photos.leclercdrive.fr/image.ashx?id=2986119&use=l&cat=p&typeid=i","cat":316010},{"id":40805,"n":"Rondelle caoutchouc Le Parfait Diamètre 70 - x10","p":2.75,"u":"0,28 €/P","img":"https://fd16-photos.leclercdrive.fr/image.ashx?id=2807489&use=l&cat=p&typeid=i","cat":284710},{"id":40904,"n":"Pesto rosso Turini 190g","p":1.68,"u":"8,84 €/KG","img":"https://fd16-photos.leclercdrive.fr/image.ashx?id=2546257&use=l&cat=p&typeid=i","cat":287599},{"id":40946,"n":"Whisky Chivas Regal 18 ans Blended Scotch 40% vol - 70cl","p":50.9,"pp":45.81,"u":"65,44 €/L","img":"https://fd16-photos.leclercdrive.fr/image.ashx?id=2884084&use=l&cat=p&typeid=i","cat":284547},{"id":40967,"n":"AOP Bourgogne Aligoté vin blanc Antoine Barrier - 75cl","p":6.49,"u":"8,65 €/L","img":"https://fd16-photos.leclercdrive.fr/image.ashx?id=2883011&use=l&cat=p&typeid=i","cat":289557},{"id":40988,"n":"Détachant Ace Délicat Système 8+ 2L","p":4.5,"u":"2,25 €/L","img":"https://fd16-photos.leclercdrive.fr/image.ashx?id=2559152&use=l&cat=p&typeid=i","cat":284651},{"id":41002,"n":"Repas fraicheur pour chat Sheba Volaille en sauce - 6x50g","p":2.57,"u":"8,57 €/KG","img":"https://fd16-photos.leclercdrive.fr/image.ashx?id=2888097&use=l&cat=p&typeid=i","cat":285286},{"id":41004,"n":"Bâtonnets Dentastix Pedigree  Fresh Petit chien x7 - 110g","p":2.06,"u":"18,73 €/KG","img":"https://fd16-photos.leclercdrive.fr/image.ashx?id=2850168&use=l&cat=p&typeid=i","cat":294527},{"id":41006,"n":"Biscuits chien Pedigree Markies fourrés - 500g","p":1.74,"u":"3,48 €/KG","img":"https://fd16-photos.leclercdrive.fr/image.ashx?id=2254319&use=l&cat=p&typeid=i","cat":294527},{"id":41009,"n":"Friandises chat Catisfactions Fromage - 60g","p":1.08,"u":"18,00 €/KG","img":"https://fd16-photos.leclercdrive.fr/image.ashx?id=2912608&use=l&cat=p&typeid=i","cat":285285},{"id":41014,"n":"Boîte chat Whiskas Terrine mer & campagne - 4x400g","p":4.69,"u":"2,93 €/KG","img":"https://fd16-photos.leclercdrive.fr/image.ashx?id=2619983&use=l&cat=p&typeid=i","cat":285601},{"id":41016,"n":"Sachet fraîcheur chat Sheba Poissons en sauce - 4x85g","p":2.19,"u":"6,44 €/KG","img":"https://fd16-photos.leclercdrive.fr/image.ashx?id=2759625&use=l&cat=p&typeid=i","cat":285286},{"id":41019,"n":"Pur jus de raisin Jafaden Bouteille 1L","p":1.54,"u":"1,54 €/L","img":"https://fd16-photos.leclercdrive.fr/image.ashx?id=2860757&use=l&cat=p&typeid=i","cat":284915},{"id":41020,"n":"Pur jus Jafaden Clémentine - 1L","p":1.91,"u":"1,91 €/L","img":"https://fd16-photos.leclercdrive.fr/image.ashx?id=2895786&use=l&cat=p&typeid=i","cat":284915},{"id":41117,"n":"Vinaigre de nettoyage Clair Citron - 750ml","p":1.95,"u":"2,60 €/L","img":"https://fd16-photos.leclercdrive.fr/image.ashx?id=2949188&use=l&cat=p&typeid=i","cat":325365},{"id":41161,"n":"Olives Apéritives A la provençale - 250g","p":2.84,"u":"11,36 €/KG","img":"https://fd16-photos.leclercdrive.fr/image.ashx?id=2833699&use=l&cat=p&typeid=i","cat":316002},{"id":41162,"n":"Olives Apéritives Cassées à l'ail - 250g","p":2.83,"u":"11,32 €/KG","img":"https://fd16-photos.leclercdrive.fr/image.ashx?id=2833696&use=l&cat=p&typeid=i","cat":316002},{"id":41168,"n":"Alcool pour fruits Dob 40° - 1L","p":15.9,"u":"15,90 €/L","img":"https://fd16-photos.leclercdrive.fr/image.ashx?id=2179356&use=l&cat=p&typeid=i","cat":286032},{"id":41181,"n":"Coloration permanente Vitanove  Châtain foncé","p":3.23,"img":"https://fd16-photos.leclercdrive.fr/image.ashx?id=2522518&use=l&cat=p&typeid=i","cat":288899},{"id":41190,"n":"Liqueur de Whisky Jack Daniel's Honey 70cL","p":19.95,"pp":17.95,"u":"25,64 €/L","img":"https://fd16-photos.leclercdrive.fr/image.ashx?id=2973982&use=l&cat=p&typeid=i","cat":286032},{"id":41209,"n":"Caviar d'aubergine Cruscana 150g","p":2.19,"u":"14,60 €/KG","img":"https://fd16-photos.leclercdrive.fr/image.ashx?id=1946336&use=l&cat=p&typeid=i","cat":315999},{"id":41210,"n":"Tapenade noire Cruscana 150g","p":2.19,"u":"14,60 €/KG","img":"https://fd16-photos.leclercdrive.fr/image.ashx?id=2999997&use=l&cat=p&typeid=i","cat":315999},{"id":41211,"n":"Tomate et basilic Cruscana 150g","p":2.19,"u":"14,60 €/KG","img":"https://fd16-photos.leclercdrive.fr/image.ashx?id=2790630&use=l&cat=p&typeid=i","cat":315999},{"id":41212,"n":"Tomate et olive Cruscana 150g","p":2.19,"u":"14,60 €/KG","img":"https://fd16-photos.leclercdrive.fr/image.ashx?id=2790633&use=l&cat=p&typeid=i","cat":315999},{"id":41236,"n":"Beurre gastronomique Président Demi-sel - 80% MG - 250g","p":2.84,"u":"11,36 €/KG","img":"https://fd16-photos.leclercdrive.fr/image.ashx?id=2962257&use=l&cat=p&typeid=i","cat":284379},{"id":41270,"n":"Croquettes chiens Fido Adulte - Boeuf - 3kg","p":7.46,"u":"2,49 €/KG","img":"https://fd16-photos.leclercdrive.fr/image.ashx?id=2973291&use=l&cat=p&typeid=i","cat":284672},{"id":41275,"n":"Croquettes chat Purina One Sterilisé - Poulet - 1,5kg","p":6.7,"u":"4,47 €/KG","img":"https://fd16-photos.leclercdrive.fr/image.ashx?id=2488046&use=l&cat=p&typeid=i","cat":284680},{"id":41283,"n":"Sachets pour chats Gourmet Multivariétés - 12x85g","p":5.59,"u":"5,48 €/KG","img":"https://fd16-photos.leclercdrive.fr/image.ashx?id=2902343&use=l&cat=p&typeid=i","cat":285286},{"id":41285,"n":"Croquettes chaton Purina One  Junior -Poulet/Céréales - 1,5kg","p":7.39,"u":"4,93 €/KG","img":"https://fd16-photos.leclercdrive.fr/image.ashx?id=2433563&use=l&cat=p&typeid=i","cat":284680},{"id":41287,"n":"Croquettes chiens Purina One Minis chiens adultes -  1,5kg","p":5.39,"u":"3,59 €/KG","img":"https://fd16-photos.leclercdrive.fr/image.ashx?id=2899674&use=l&cat=p&typeid=i","cat":294526},{"id":41289,"n":"Croquettes chat Purina One Urinary care - Poulet - 450g","p":2.7,"u":"6,00 €/KG","img":"https://fd16-photos.leclercdrive.fr/image.ashx?id=2459940&use=l&cat=p&typeid=i","cat":284680},{"id":41293,"n":"Sachets repas chats Purina One Stérilisés - Saumon Dinde 4x85g","p":2.07,"u":"6,09 €/KG","img":"https://fd16-photos.leclercdrive.fr/image.ashx?id=2902349&use=l&cat=p&typeid=i","cat":285286},{"id":41337,"n":"Lait céréales Blédidej 9 mois Madeleine - 4x250ml","p":3.74,"u":"3,74 €/L","img":"https://fd16-photos.leclercdrive.fr/image.ashx?id=2921052&use=l&cat=p&typeid=i","cat":312226},{"id":41352,"n":"Gommage visage Inell Douceur - 75ml","p":2.0,"u":"26,67 €/L","img":"https://fd16-photos.leclercdrive.fr/image.ashx?id=2686344&use=l&cat=p&typeid=i","cat":284603},{"id":41366,"n":"Nuggets de poulet Côté Croc Croustillant - 200g","p":1.79,"u":"8,95 €/KG","img":"https://fd16-photos.leclercdrive.fr/image.ashx?id=2462257&use=l&cat=p&typeid=i","cat":333684},{"id":41422,"n":"Fromage à Tartiner St Môret  Nature - 300g","p":3.41,"u":"11,37 €/KG","img":"https://fd16-photos.leclercdrive.fr/image.ashx?id=2755465&use=l&cat=p&typeid=i","cat":314029},{"id":41463,"n":"Autocollants Insectivor Anti-mouches - x4","p":2.54,"u":"0,64 €/P","img":"https://fd16-photos.leclercdrive.fr/image.ashx?id=2606828&use=l&cat=p&typeid=i","cat":298368},{"id":41464,"n":"Purée de tomates Turini Brique 500g","p":0.75,"u":"1,50 €/KG","img":"https://fd16-photos.leclercdrive.fr/image.ashx?id=2729287&use=l&cat=p&typeid=i","cat":288384},{"id":41465,"n":"Cotons Inell Maxi confort x80","p":1.78,"img":"https://fd16-photos.leclercdrive.fr/image.ashx?id=1926969&use=l&cat=p&typeid=i","cat":284636},{"id":41466,"n":"Coton carré bébé Mots d'Enfants Aloe vera x50","p":1.67,"u":"0,03 €/P","img":"https://fd16-photos.leclercdrive.fr/image.ashx?id=3014236&use=l&cat=p&typeid=i","cat":284739},{"id":41478,"n":"Mouchoirs blancs 3 plis Univert Boîte mouchoirs en papier -x100","p":1.55,"u":"0,02 €/P","img":"https://fd16-photos.leclercdrive.fr/image.ashx?id=1960038&use=l&cat=p&typeid=i","cat":284638},{"id":41488,"n":"Sachets Insectivor Anti-mites anti-acariens - x24","p":2.89,"u":"0,12 €/P","img":"https://fd16-photos.leclercdrive.fr/image.ashx?id=2852952&use=l&cat=p&typeid=i","cat":298368},{"id":41491,"n":"Tartines croustillantes Wasa Léger - 270g","p":1.63,"u":"6,04 €/KG","img":"https://fd16-photos.leclercdrive.fr/image.ashx?id=3011851&use=l&cat=p&typeid=i","cat":284479},{"id":41493,"n":"Tartines croustillantes Wasa Authentique - 275g","p":1.46,"u":"5,31 €/KG","img":"https://fd16-photos.leclercdrive.fr/image.ashx?id=3011857&use=l&cat=p&typeid=i","cat":284479},{"id":41494,"n":"Bière Red 8.6 Canette - 7.9%vol. - 50cl","p":1.57,"u":"3,14 €/L","img":"https://fd16-photos.leclercdrive.fr/image.ashx?id=2687329&use=l&cat=p&typeid=i","cat":334853},{"id":41517,"n":"Couches bébé Mots d'Enfants T6 Douceur - 16kg+ - x58 changes","p":12.75,"img":"https://fd16-photos.leclercdrive.fr/image.ashx?id=2904577&use=l&cat=p&typeid=i","cat":284737},{"id":41529,"n":"Déodorant atomiseur Scorpio Noir absolu - 150ml","p":3.19,"u":"21,27 €/L","img":"https://fd16-photos.leclercdrive.fr/image.ashx?id=2425149&use=l&cat=p&typeid=i","cat":284618},{"id":41534,"n":"Déodorant Spray Homme Nivea Men Black&White Original - 200ml","p":2.39,"u":"11,95 €/L","img":"https://fd16-photos.leclercdrive.fr/image.ashx?id=3005218&use=l&cat=p&typeid=i","cat":284618},{"id":41538,"n":"Déodorant Homme Stick Williams Peau Sensible 75ml","p":2.77,"u":"36,93 €/L","img":"https://fd16-photos.leclercdrive.fr/image.ashx?id=2905102&use=l&cat=p&typeid=i","cat":284618},{"id":41551,"n":"Soda Schweppes Saveur Citron - 1,5L","p":1.95,"u":"1,30 €/L","img":"https://fd16-photos.leclercdrive.fr/image.ashx?id=2852417&use=l&cat=p&typeid=i","cat":284532},{"id":41579,"n":"Macédoine déjà égouttée D'aucy  530g","p":2.09,"u":"3,94 €/KG","img":"https://fd16-photos.leclercdrive.fr/image.ashx?id=2835833&use=l&cat=p&typeid=i","cat":312612},{"id":41596,"n":"Chips Lay's Saveur spicy - 130g","p":1.33,"u":"10,23 €/KG","img":"https://fd16-photos.leclercdrive.fr/image.ashx?id=3011131&use=l&cat=p&typeid=i","cat":284447},{"id":41602,"n":"Fond d'artichauts Eco + 210g","p":1.75,"u":"8,33 €/KG","img":"https://fd16-photos.leclercdrive.fr/image.ashx?id=2822917&use=l&cat=p&typeid=i","cat":312611},{"id":41647,"n":"AOP Alsace Gewurztraminer   vin blanc Rebmann - 75 cl","p":5.99,"u":"7,99 €/L","img":"https://fd16-photos.leclercdrive.fr/image.ashx?id=2836322&use=l&cat=p&typeid=i","cat":289557},{"id":41700,"n":"Sauce Tomate Cuisinée Heinz Ail & Oignon - 520g","p":1.37,"u":"2,63 €/KG","img":"https://fd16-photos.leclercdrive.fr/image.ashx?id=2950849&use=l&cat=p&typeid=i","cat":288384},{"id":41781,"n":"Whisky Cardhu Gold reserve 40%vol. - 70cl","p":33.84,"u":"48,34 €/L","img":"https://fd16-photos.leclercdrive.fr/image.ashx?id=2518400&use=l&cat=p&typeid=i","cat":284547},{"id":41800,"n":"Mayonnaise Fine & Douce Lesieur 475g","p":2.26,"u":"4,76 €/KG","img":"https://fd16-photos.leclercdrive.fr/image.ashx?id=2918541&use=l&cat=p&typeid=i","cat":298295},{"id":41803,"n":"Asperges vertes d'aucy  21,2cl","p":2.28,"u":"22,80 €/KG","img":"https://fd16-photos.leclercdrive.fr/image.ashx?id=2597723&use=l&cat=p&typeid=i","cat":312611},{"id":41806,"n":"Ketchup nature Amora 850g","p":2.29,"u":"2,69 €/KG","img":"https://fd16-photos.leclercdrive.fr/image.ashx?id=2589690&use=l&cat=p&typeid=i","cat":284455},{"id":41819,"n":"Sauce Andalouse Heinz - 220g","p":1.76,"u":"8,00 €/KG","img":"https://fd16-photos.leclercdrive.fr/image.ashx?id=2973327&use=l&cat=p&typeid=i","cat":318431},{"id":41823,"n":"Sauce barbecue/miel Amora 282g","p":1.63,"u":"5,78 €/KG","img":"https://fd16-photos.leclercdrive.fr/image.ashx?id=2654188&use=l&cat=p&typeid=i","cat":318431},{"id":41827,"n":"Nuggets de Poulet Père Dodu   x20 - 400g - Familial","p":4.0,"u":"10,00 €/KG","img":"https://fd16-photos.leclercdrive.fr/image.ashx?id=2957167&use=l&cat=p&typeid=i","cat":333684},{"id":41833,"n":"AOC Bourgogne Chardonnay vin  blanc Antoine Barrier - 37,5cl","p":4.25,"u":"11,33 €/L","img":"https://fd16-photos.leclercdrive.fr/image.ashx?id=2677095&use=l&cat=p&typeid=i","cat":289557},{"id":41835,"n":"AOC Bourgueil vin rouge Les Caractères - 75cl","p":4.49,"u":"5,99 €/L","img":"https://fd16-photos.leclercdrive.fr/image.ashx?id=2776564&use=l&cat=p&typeid=i","cat":289556},{"id":41838,"n":"AOP Alsace Sylvaner  vin blanc Rebmann - 75 cl","p":4.49,"u":"5,99 €/L","img":"https://fd16-photos.leclercdrive.fr/image.ashx?id=2717355&use=l&cat=p&typeid=i","cat":289557},{"id":41844,"n":"AOC Côtes du Rhône Villages vin rouge Plan de Diey - 75cl","p":4.99,"u":"6,65 €/L","img":"https://fd16-photos.leclercdrive.fr/image.ashx?id=2742620&use=l&cat=p&typeid=i","cat":289556},{"id":41845,"n":"Génoise fourrée Kinder Pingui Lait et cacao x8 - 240g","p":2.24,"u":"9,33 €/KG","img":"https://fd16-photos.leclercdrive.fr/image.ashx?id=2855352&use=l&cat=p&typeid=i","cat":284420},{"id":41846,"n":"Compotes Andros Panachés 16x100g","p":4.84,"u":"3,03 €/KG","img":"https://fd16-photos.leclercdrive.fr/image.ashx?id=2921343&use=l&cat=p&typeid=i","cat":284416},{"id":41852,"n":"Sauce pomme frite Amora 260g","p":1.71,"u":"6,58 €/KG","img":"https://fd16-photos.leclercdrive.fr/image.ashx?id=2957776&use=l&cat=p&typeid=i","cat":318431},{"id":41857,"n":"Bière Alveringem Abbaye Rouge 5%vol. - 6x25cl","p":3.78,"u":"2,52 €/L","img":"https://fd16-photos.leclercdrive.fr/image.ashx?id=2637919&use=l&cat=p&typeid=i","cat":334878},{"id":41858,"n":"Yaourt SMARTIES Fraise bonbons chocolat 4x120g","p":2.47,"u":"5,15 €/KG","img":"https://fd16-photos.leclercdrive.fr/image.ashx?id=2890046&use=l&cat=p&typeid=i","cat":284414},{"id":41868,"n":"Bûche de chèvre Soignon 400g","p":4.25,"u":"10,63 €/KG","img":"https://fd16-photos.leclercdrive.fr/image.ashx?id=2840988&use=l&cat=p&typeid=i","cat":314031},{"id":41910,"n":"Sirop de pêche de Provence NRT 70cl","p":3.2,"u":"4,57 €/L","img":"https://fd16-photos.leclercdrive.fr/image.ashx?id=2699825&use=l&cat=p&typeid=i","cat":295020},{"id":41914,"n":"Crème hydratante Inell Visage-corps 200ml","p":2.07,"u":"10,35 €/L","img":"https://fd16-photos.leclercdrive.fr/image.ashx?id=1903869&use=l&cat=p&typeid=i","cat":325345},{"id":41915,"n":"AOP Morgon vin rouge Antoine Barrier - 75cl","p":6.99,"u":"9,32 €/L","img":"https://fd16-photos.leclercdrive.fr/image.ashx?id=2751907&use=l&cat=p&typeid=i","cat":289556},{"id":41921,"n":"Vin d'Union Européenne blanc Adrien Champaud - 75 cl","p":1.85,"u":"2,47 €/L","img":"https://fd16-photos.leclercdrive.fr/image.ashx?id=2955719&use=l&cat=p&typeid=i","cat":289557},{"id":41922,"n":"Vin d'Union Européenne rosé Adrien Champaud - 75 cl","p":1.85,"u":"2,47 €/L","img":"https://fd16-photos.leclercdrive.fr/image.ashx?id=2955725&use=l&cat=p&typeid=i","cat":289558},{"id":41923,"n":"Vin d'Union Européenne rosé Adrien Champaud 11% vol BIB 5L","p":8.49,"u":"1,70 €/L","img":"https://fd16-photos.leclercdrive.fr/image.ashx?id=2959707&use=l&cat=p&typeid=i","cat":289560},{"id":41924,"n":"Vin d'Union Européenne rouge Adrien Champaud 12% vol BIB 5L","p":8.49,"u":"1,70 €/L","img":"https://fd16-photos.leclercdrive.fr/image.ashx?id=2959713&use=l&cat=p&typeid=i","cat":289560},{"id":41942,"n":"Bière Extreme 8.6 Canette - 10.5%vol. - 50cl","p":1.75,"u":"3,50 €/L","img":"https://fd16-photos.leclercdrive.fr/image.ashx?id=1883597&use=l&cat=p&typeid=i","cat":334853},{"id":42044,"n":"Noix de cajou Maître Prunille Sans sel, grillé, sachet 200g","p":4.56,"u":"22,80 €/KG","img":"https://fd16-photos.leclercdrive.fr/image.ashx?id=1750478&use=l&cat=p&typeid=i","cat":284357},{"id":42045,"n":"Amande grillée Maître Prunille Décortiquée sans sel 250g","p":4.09,"u":"16,36 €/KG","img":"https://fd16-photos.leclercdrive.fr/image.ashx?id=1750481&use=l&cat=p&typeid=i","cat":284448},{"id":42046,"n":"Pruneaux d'Agen Maître Prunille IGP Dénoyautés - 500g","p":5.53,"u":"11,06 €/KG","img":"https://fd16-photos.leclercdrive.fr/image.ashx?id=2016029&use=l&cat=p&typeid=i","cat":284357},{"id":42058,"n":"Asperges blanches d'aucy 37cl","p":3.08,"u":"15,02 €/KG","img":"https://fd16-photos.leclercdrive.fr/image.ashx?id=2665895&use=l&cat=p&typeid=i","cat":312611},{"id":42063,"n":"Madeleines Saint Michel Oeufs de poule plein air - 500g","p":2.0,"u":"4,00 €/KG","img":"https://fd16-photos.leclercdrive.fr/image.ashx?id=2936191&use=l&cat=p&typeid=i","cat":284492},{"id":42067,"n":"Biscuits p'tit déjeuner BN Chocolat - 200g","p":1.56,"u":"7,80 €/KG","img":"https://fd16-photos.leclercdrive.fr/image.ashx?id=2603468&use=l&cat=p&typeid=i","cat":284491},{"id":42117,"n":"Céréales muesli Bjorg Bio Sans sucre ajoutés - 375g","p":1.88,"u":"5,01 €/KG","img":"https://fd16-photos.leclercdrive.fr/image.ashx?id=2906163&use=l&cat=p&typeid=i","cat":309512},{"id":42123,"n":"Jus de pruneaux Gayelord Hauser - 75cl","p":3.05,"u":"4,07 €/L","img":"https://fd16-photos.leclercdrive.fr/image.ashx?id=2962482&use=l&cat=p&typeid=i","cat":284915},{"id":42140,"n":"Sirop La Maison Guiot Grenadine - 70cl","p":3.06,"u":"4,37 €/L","img":"https://fd16-photos.leclercdrive.fr/image.ashx?id=2857195&use=l&cat=p&typeid=i","cat":295020},{"id":42184,"n":"Kir royal Lejay Lagoute 12%vol - 75cl","p":5.86,"u":"7,81 €/L","img":"https://fd16-photos.leclercdrive.fr/image.ashx?id=2953923&use=l&cat=p&typeid=i","cat":284544},{"id":42236,"n":"Gambas rouge Gimbert Ocean Sauvage royale 6/8 - 400g","p":13.5,"u":"33,75 €/KG","img":"https://fd16-photos.leclercdrive.fr/image.ashx?id=2889652&use=l&cat=p&typeid=i","cat":319787},{"id":42289,"n":"Huile pimentée pizza Cauvin A l'huile d'olive - 25cl","p":2.6,"u":"10,40 €/L","img":"https://fd16-photos.leclercdrive.fr/image.ashx?id=2539857&use=l&cat=p&typeid=i","cat":284453},{"id":42290,"n":"Huile de colza Eco + 1L","p":1.46,"u":"1,46 €/L","img":"https://fd16-photos.leclercdrive.fr/image.ashx?id=3002503&use=l&cat=p&typeid=i","cat":284453},{"id":42291,"n":"Huile pour friture Eco + 1L","p":2.23,"u":"2,23 €/L","img":"https://fd16-photos.leclercdrive.fr/image.ashx?id=2913639&use=l&cat=p&typeid=i","cat":284453},{"id":42292,"n":"Vinaigrette allégée Eco + Nature - 1L","p":1.02,"u":"1,02 €/L","img":"https://fd16-photos.leclercdrive.fr/image.ashx?id=2900516&use=l&cat=p&typeid=i","cat":284456},{"id":42295,"n":"Vinaigrette bi-phase Rustica Vin rouge/échalote - 50cl","p":2.49,"u":"4,98 €/L","img":"https://fd16-photos.leclercdrive.fr/image.ashx?id=2142190&use=l&cat=p&typeid=i","cat":284456},{"id":42297,"n":"Sauce caesar Rustica 50cl","p":2.59,"u":"5,18 €/L","img":"https://fd16-photos.leclercdrive.fr/image.ashx?id=1972928&use=l&cat=p&typeid=i","cat":284456},{"id":42298,"n":"Boisson végétale Bio Village Avoine bio - 1l","p":1.39,"u":"1,39 €/L","img":"https://fd16-photos.leclercdrive.fr/image.ashx?id=2739538&use=l&cat=p&typeid=i","cat":316067},{"id":42325,"n":"Spray Nettoyant Menager Cif  Antibacterien - 750 ml","p":2.38,"u":"3,17 €/L","img":"https://fd16-photos.leclercdrive.fr/image.ashx?id=2813540&use=l&cat=p&typeid=i","cat":325357},{"id":42331,"n":"Saucisses Knacki Herta Poulet x10 - 350g","p":1.52,"u":"4,34 €/KG","img":"https://fd16-photos.leclercdrive.fr/image.ashx?id=2290431&use=l&cat=p&typeid=i","cat":316012},{"id":42341,"n":"Compotes Pom'Potes Gourdes  Multivariétés Inédits - 12x90g","p":5.59,"u":"5,18 €/KG","img":"https://fd16-photos.leclercdrive.fr/image.ashx?id=2864309&use=l&cat=p&typeid=i","cat":284508},{"id":42347,"n":"Pansements enfants Primoplast x20","p":0.69,"u":"0,03 €/P","img":"https://fd16-photos.leclercdrive.fr/image.ashx?id=2958062&use=l&cat=p&typeid=i","cat":284630},{"id":42428,"n":"Pains au chocolat Pasquier x8 - 360g","p":2.23,"u":"6,19 €/KG","img":"https://fd16-photos.leclercdrive.fr/image.ashx?id=2863446&use=l&cat=p&typeid=i","cat":296366},{"id":42442,"n":"Moutarde forte Eco + 370g","p":0.73,"u":"1,97 €/KG","img":"https://fd16-photos.leclercdrive.fr/image.ashx?id=2954319&use=l&cat=p&typeid=i","cat":288850},{"id":42443,"n":"Cornichons Pasteur Eco + Au vinaigre - 360g","p":1.24,"u":"3,44 €/KG","img":"https://fd16-photos.leclercdrive.fr/image.ashx?id=2974714&use=l&cat=p&typeid=i","cat":284458},{"id":42452,"n":"Moutarde douce Amora Flacon souple - 260g","p":1.98,"u":"7,62 €/KG","img":"https://fd16-photos.leclercdrive.fr/image.ashx?id=3005401&use=l&cat=p&typeid=i","cat":288850},{"id":42461,"n":"Olives vertes Eco + Dénoyautées - 320g","p":1.88,"u":"5,88 €/KG","img":"https://fd16-photos.leclercdrive.fr/image.ashx?id=2609264&use=l&cat=p&typeid=i","cat":284458},{"id":42508,"n":"Cookies Nestlé Dessert Pépites de chocolat - 351g","p":3.99,"u":"11,37 €/KG","img":"https://fd16-photos.leclercdrive.fr/image.ashx?id=2848382&use=l&cat=p&typeid=i","cat":284505},{"id":42518,"n":"Complément alimentaire Juvamine Cranberry  60 gélules végétales","p":5.18,"u":"0,09 €/P","img":"https://fd16-photos.leclercdrive.fr/image.ashx?id=2578076&use=l&cat=p&typeid=i","cat":313217},{"id":42560,"n":"Jus innocent ananas passion 900ml","p":2.43,"u":"2,70 €/L","img":"https://fd16-photos.leclercdrive.fr/image.ashx?id=2861740&use=l&cat=p&typeid=i","cat":285435},{"id":42563,"n":"Boisson végétale lait d'amande bio bjorg sans sucre - 1l","p":1.71,"u":"1,71 €/L","img":"https://fd16-photos.leclercdrive.fr/image.ashx?id=2939415&use=l&cat=p&typeid=i","cat":316067},{"id":42565,"n":"Vinaigre blanc d'alcool Eco +  - 1,5L","p":0.6,"u":"0,40 €/L","img":"https://fd16-photos.leclercdrive.fr/image.ashx?id=2722375&use=l&cat=p&typeid=i","cat":298543},{"id":42624,"n":"Pâtes coudes rayés Panzani 1kg","p":2.12,"u":"2,12 €/KG","img":"https://fd16-photos.leclercdrive.fr/image.ashx?id=2876029&use=l&cat=p&typeid=i","cat":284427},{"id":42628,"n":"Chips Bret's Fromage du Jura - 125g","p":1.1,"u":"8,80 €/KG","img":"https://fd16-photos.leclercdrive.fr/image.ashx?id=1916976&use=l&cat=p&typeid=i","cat":284447},{"id":42649,"n":"Crème douche Manava Surgras - 250ml","p":0.94,"u":"3,76 €/L","img":"https://fd16-photos.leclercdrive.fr/image.ashx?id=2456147&use=l&cat=p&typeid=i","cat":284594},{"id":42655,"n":"Huile merveilleuse Garnier Huile d'argan & camélia - 150ml","p":6.24,"u":"41,60 €/L","img":"https://fd16-photos.leclercdrive.fr/image.ashx?id=2661730&use=l&cat=p&typeid=i","cat":284608},{"id":42665,"n":"Gel shampooing douche Fa Men Extreme cool flacon - 250ml","p":1.42,"u":"5,68 €/L","img":"https://fd16-photos.leclercdrive.fr/image.ashx?id=2995094&use=l&cat=p&typeid=i","cat":284621},{"id":42747,"n":"Whisky blend the Famous grouse 40%vol. - 1L","p":23.29,"u":"23,29 €/L","img":"https://fd16-photos.leclercdrive.fr/image.ashx?id=2958878&use=l&cat=p&typeid=i","cat":284547},{"id":42757,"n":"Emmental rapé Eco + 30% MG - 500g","p":3.7,"u":"7,40 €/KG","img":"https://fd16-photos.leclercdrive.fr/image.ashx?id=2942172&use=l&cat=p&typeid=i","cat":314035},{"id":42759,"n":"Copeaux Parmigiano Reggiano AOP Les Croisés - 80g","p":1.9,"u":"23,75 €/KG","img":"https://fd16-photos.leclercdrive.fr/image.ashx?id=2599140&use=l&cat=p&typeid=i","cat":314035},{"id":42761,"n":"Tranchette de gouda Les Croisés Au cumin - 16,8% MG - 200g","p":2.99,"u":"14,95 €/KG","img":"https://fd16-photos.leclercdrive.fr/image.ashx?id=2051383&use=l&cat=p&typeid=i","cat":314028},{"id":42788,"n":"Tranchettes de chèvre 32.4% MG Les Croisés - 200g","p":3.19,"u":"15,95 €/KG","img":"https://fd16-photos.leclercdrive.fr/image.ashx?id=2796061&use=l&cat=p&typeid=i","cat":314028},{"id":42789,"n":"Cheddar Les Croisés 32% MG Tranchettes - 200g","p":2.64,"u":"13,20 €/KG","img":"https://fd16-photos.leclercdrive.fr/image.ashx?id=2796064&use=l&cat=p&typeid=i","cat":314028},{"id":42798,"n":"Miel de fleurs d'Oranger Nid d'Abeille - 250g","p":2.99,"u":"11,96 €/KG","img":"https://fd16-photos.leclercdrive.fr/image.ashx?id=2434242&use=l&cat=p&typeid=i","cat":287643},{"id":42800,"n":"Vodka Smirnoff Ice 4D 4%vol - 70cl","p":3.15,"pp":2.52,"u":"3,60 €/L","img":"https://fd16-photos.leclercdrive.fr/image.ashx?id=2111082&use=l&cat=p&typeid=i","cat":284550},{"id":42809,"n":"Berlingots de javel Clair Eucalyptus - 3x250ml","p":1.3,"u":"1,73 €/L","img":"https://fd16-photos.leclercdrive.fr/image.ashx?id=1067940&use=l&cat=p&typeid=i","cat":284661},{"id":42826,"n":"Nettoyant vitre cristal Clair 750 ml","p":1.75,"u":"2,33 €/L","img":"https://fd16-photos.leclercdrive.fr/image.ashx?id=1647715&use=l&cat=p&typeid=i","cat":325363},{"id":42851,"n":"Sirop Moulin de Valdonne Anis - 70cl","p":3.45,"u":"4,93 €/L","img":"https://fd16-photos.leclercdrive.fr/image.ashx?id=2170556&use=l&cat=p&typeid=i","cat":295020},{"id":42854,"n":"Sirop Moulin de Valdonne Pomme verte/vanille - 70cl","p":3.4,"u":"4,86 €/L","img":"https://fd16-photos.leclercdrive.fr/image.ashx?id=2170571&use=l&cat=p&typeid=i","cat":295020},{"id":42876,"n":"Jus innocent pomme mangue 900ml","p":2.91,"u":"3,23 €/L","img":"https://fd16-photos.leclercdrive.fr/image.ashx?id=2892220&use=l&cat=p&typeid=i","cat":285435},{"id":42938,"n":"Soupe instantanée Royco  Bouillon de Volailles 3x200ml","p":1.42,"u":"44,38 €/KG","img":"https://fd16-photos.leclercdrive.fr/image.ashx?id=2651423&use=l&cat=p&typeid=i","cat":293527},{"id":42964,"n":"Os à mâcher Lydog Fourrés boeuf - 2x100g","p":2.3,"u":"11,50 €/KG","img":"https://fd16-photos.leclercdrive.fr/image.ashx?id=1947283&use=l&cat=p&typeid=i","cat":294527},{"id":42965,"n":"Pepites de chocolat au lait Tablier Blanc - 100g","p":2.03,"u":"20,30 €/KG","img":"https://fd16-photos.leclercdrive.fr/image.ashx?id=2723141&use=l&cat=p&typeid=i","cat":284504},{"id":42966,"n":"Haricots verts Notre Jardin Extra fins - 455g","p":1.97,"u":"4,33 €/KG","img":"https://fd16-photos.leclercdrive.fr/image.ashx?id=2988084&use=l&cat=p&typeid=i","cat":312606},{"id":42968,"n":"Petits pois doux Notre Jardin Vapeur - 530g","p":1.91,"u":"3,60 €/KG","img":"https://fd16-photos.leclercdrive.fr/image.ashx?id=3002608&use=l&cat=p&typeid=i","cat":312607},{"id":42969,"n":"Petits pois doux Notre Jardin Vapeur - 265g","p":1.29,"u":"4,87 €/KG","img":"https://fd16-photos.leclercdrive.fr/image.ashx?id=3002611&use=l&cat=p&typeid=i","cat":312607},{"id":42992,"n":"Tortillas chips Tokapi Fromage - 150g","p":0.99,"u":"6,60 €/KG","img":"https://fd16-photos.leclercdrive.fr/image.ashx?id=2647961&use=l&cat=p&typeid=i","cat":287899},{"id":43006,"n":"Colorants alimentaires  Tablier Blanc - 3x6ml","p":1.24,"u":"68,89 €/L","img":"https://fd16-photos.leclercdrive.fr/image.ashx?id=2487470&use=l&cat=p&typeid=i","cat":284504},{"id":43009,"n":"Biscuits fourrés P'tit Deli Noisette - 225g","p":1.38,"u":"6,13 €/KG","img":"https://fd16-photos.leclercdrive.fr/image.ashx?id=2861419&use=l&cat=p&typeid=i","cat":284488},{"id":43010,"n":"Biscuit roulé P'tit Deli Cacao/vanille - 154g","p":0.88,"u":"5,71 €/KG","img":"https://fd16-photos.leclercdrive.fr/image.ashx?id=2124110&use=l&cat=p&typeid=i","cat":284488},{"id":43016,"n":"Asperges blanches moyennes Notre Jardin - 205g","p":1.99,"u":"9,71 €/KG","img":"https://fd16-photos.leclercdrive.fr/image.ashx?id=2049058&use=l&cat=p&typeid=i","cat":312611},{"id":43017,"n":"Betterave en Dés Notre Jardin 265g","p":1.02,"u":"3,85 €/KG","img":"https://fd16-photos.leclercdrive.fr/image.ashx?id=1993203&use=l&cat=p&typeid=i","cat":312611},{"id":43019,"n":"Biscuits animaux P'tit Déli Nappés chocolat lait - 225g","p":1.64,"u":"7,29 €/KG","img":"https://fd16-photos.leclercdrive.fr/image.ashx?id=2529602&use=l&cat=p&typeid=i","cat":284488},{"id":43186,"n":"Porc : Rôti de porc  1kg","p":10.9,"u":"10,90 €/KG","img":"https://fd16-photos.leclercdrive.fr/image.ashx?id=619042&use=l&cat=p&typeid=i","cat":284331},{"id":43191,"n":"Protège-document Esquisse x1 Bleu - A4 - 80 vues","p":2.49,"img":"https://fd16-photos.leclercdrive.fr/image.ashx?id=1180671&use=l&cat=p&typeid=i","cat":284745},{"id":43192,"n":"Protège-document Esquisse  Transparent - A4 - 80 vues","p":2.49,"img":"https://fd16-photos.leclercdrive.fr/image.ashx?id=1694257&use=l&cat=p&typeid=i","cat":284745},{"id":43194,"n":"Protège-document Esquisse x1 Rouge - A4 - 80 vues","p":2.49,"img":"https://fd16-photos.leclercdrive.fr/image.ashx?id=2943352&use=l&cat=p&typeid=i","cat":284745},{"id":43197,"n":"Tartine Grilletine de Pasquier Briochées - x18 - 242g","p":1.84,"u":"7,60 €/KG","img":"https://fd16-photos.leclercdrive.fr/image.ashx?id=2333054&use=l&cat=p&typeid=i","cat":284479},{"id":43229,"n":"Crème aux oeufs Delisse Coco lit caramel - 4x100g","p":2.4,"u":"6,00 €/KG","img":"https://fd16-photos.leclercdrive.fr/image.ashx?id=2460491&use=l&cat=p&typeid=i","cat":284419},{"id":43237,"n":"Lotion démaquillante Inell Douceur yeux - 150ml","p":1.6,"u":"10,67 €/L","img":"https://fd16-photos.leclercdrive.fr/image.ashx?id=1993197&use=l&cat=p&typeid=i","cat":284603},{"id":43246,"n":"Nouilles de Savoie NRT 250g","p":1.19,"u":"4,76 €/KG","img":"https://fd16-photos.leclercdrive.fr/image.ashx?id=2704906&use=l&cat=p&typeid=i","cat":284427},{"id":43247,"n":"Tuiles apéritives Tokapi Poulet braisé - 170g","p":1.55,"u":"9,12 €/KG","img":"https://fd16-photos.leclercdrive.fr/image.ashx?id=2815752&use=l&cat=p&typeid=i","cat":287899},{"id":43266,"n":"Formule boost Daco Bello Fruits secs - 200g","p":3.68,"u":"18,40 €/KG","img":"https://fd16-photos.leclercdrive.fr/image.ashx?id=2576955&use=l&cat=p&typeid=i","cat":284357},{"id":43269,"n":"Formule détente Daco Bello Pomme - 200g","p":3.55,"u":"17,75 €/KG","img":"https://fd16-photos.leclercdrive.fr/image.ashx?id=2620284&use=l&cat=p&typeid=i","cat":284357},{"id":43286,"n":"Masque tissu Inell apaisant Hydratant x1","p":0.99,"img":"https://fd16-photos.leclercdrive.fr/image.ashx?id=2691667&use=l&cat=p&typeid=i","cat":325346},{"id":43287,"n":"Dentifrice Dentamyl Blancheur extrême - 75ml","p":0.95,"u":"12,67 €/L","img":"https://fd16-photos.leclercdrive.fr/image.ashx?id=2613837&use=l&cat=p&typeid=i","cat":284612},{"id":43293,"n":"Lotion nettoyante Inell 200ml","p":3.29,"u":"16,45 €/L","img":"https://fd16-photos.leclercdrive.fr/image.ashx?id=2691670&use=l&cat=p&typeid=i","cat":284603},{"id":43304,"n":"Semoule au lait La Laitière Nature - 4x115g","p":1.84,"u":"4,00 €/KG","img":"https://fd16-photos.leclercdrive.fr/image.ashx?id=2686543&use=l&cat=p&typeid=i","cat":284418},{"id":43330,"n":"Crème dessert chocolat Danette Pop billes magix - 4x120g","p":2.47,"u":"5,15 €/KG","img":"https://fd16-photos.leclercdrive.fr/image.ashx?id=2935717&use=l&cat=p&typeid=i","cat":285041},{"id":43344,"n":"Coriandre France Sainte Lucie Flacon 8g","p":1.8,"u":"225,00 €/KG","img":"https://fd16-photos.leclercdrive.fr/image.ashx?id=2774301&use=l&cat=p&typeid=i","cat":298297},{"id":43358,"n":"Sel fin Eco+ Boîte verseuse - 750g","p":0.53,"u":"0,71 €/KG","img":"https://fd16-photos.leclercdrive.fr/image.ashx?id=2974705&use=l&cat=p&typeid=i","cat":284457},{"id":43369,"n":"Boisson végétale avoine Bio  Bjorg- 1L","p":1.75,"u":"1,75 €/L","img":"https://fd16-photos.leclercdrive.fr/image.ashx?id=2939430&use=l&cat=p&typeid=i","cat":316067},{"id":43373,"n":"AOP Vin rouge  Alsace Pinot noir - 75 cl","p":5.99,"u":"7,99 €/L","img":"https://fd16-photos.leclercdrive.fr/image.ashx?id=2709698&use=l&cat=p&typeid=i","cat":289556},{"id":43381,"n":"Dessert liégeois Viennois  Chocolat - 12x100g","p":3.99,"u":"3,33 €/KG","img":"https://fd16-photos.leclercdrive.fr/image.ashx?id=2875987&use=l&cat=p&typeid=i","cat":285042},{"id":43409,"n":"AOP Côtes de Bergerac moelleux Terrasses d'Autan - 75cl","p":3.7,"u":"4,93 €/L","img":"https://fd16-photos.leclercdrive.fr/image.ashx?id=2929873&use=l&cat=p&typeid=i","cat":289557},{"id":43417,"n":"IGP Pays d'Oc blanc Roche Mazet Chardonnay 12.5% vol - 75cl","p":3.52,"u":"4,69 €/L","img":"https://fd16-photos.leclercdrive.fr/image.ashx?id=2991945&use=l&cat=p&typeid=i","cat":289557},{"id":43604,"n":"Jus d'orange Jafaden Sans pulpe - 1.5L","p":3.13,"u":"2,09 €/L","img":"https://fd16-photos.leclercdrive.fr/image.ashx?id=2723147&use=l&cat=p&typeid=i","cat":285435},{"id":43605,"n":"Jus de clémentine Jafaden  1.5L","p":2.99,"u":"1,99 €/L","img":"https://fd16-photos.leclercdrive.fr/image.ashx?id=2723150&use=l&cat=p&typeid=i","cat":285435},{"id":43618,"n":"Flocons d'avoine Quaker Oats 550g","p":1.76,"u":"3,20 €/KG","img":"https://fd16-photos.leclercdrive.fr/image.ashx?id=2140656&use=l&cat=p&typeid=i","cat":309512},{"id":43619,"n":"AOC Blaye Côtes de Bordeaux vin rouge Chantet Blanet - 75cl","p":3.8,"u":"5,07 €/L","img":"https://fd16-photos.leclercdrive.fr/image.ashx?id=2727395&use=l&cat=p&typeid=i","cat":289556},{"id":43696,"n":"AOC Côtes du Marmandais vin rouge Terrasses d'Autan - 75cl","p":2.99,"u":"3,99 €/L","img":"https://fd16-photos.leclercdrive.fr/image.ashx?id=2750150&use=l&cat=p&typeid=i","cat":289556},{"id":43707,"n":"Laque Ultra-Forte L'Oréal Paris Thermoprotecteur - 150ml","p":5.2,"u":"34,67 €/L","img":"https://fd16-photos.leclercdrive.fr/image.ashx?id=2582237&use=l&cat=p&typeid=i","cat":284609},{"id":43718,"n":"Croquettes chat Whiskas Stérilisé saumon - 1,75kg","p":5.17,"u":"2,95 €/KG","img":"https://fd16-photos.leclercdrive.fr/image.ashx?id=2915597&use=l&cat=p&typeid=i","cat":284680},{"id":43760,"n":"Biscuits fourrés Prince Vanille - 300g","p":1.49,"u":"4,97 €/KG","img":"https://fd16-photos.leclercdrive.fr/image.ashx?id=2907695&use=l&cat=p&typeid=i","cat":284488},{"id":43771,"n":"Spray démelant  200ml","p":2.55,"u":"12,75 €/L","img":"https://fd16-photos.leclercdrive.fr/image.ashx?id=2712986&use=l&cat=p&typeid=i","cat":284608},{"id":43772,"n":"Baies roses poivre doux 25g","p":2.58,"u":"103,20 €/KG","img":"https://fd16-photos.leclercdrive.fr/image.ashx?id=1867012&use=l&cat=p&typeid=i","cat":284457},{"id":43778,"n":"Morceaux de thon Listao Eco+ 130g","p":0.99,"u":"7,62 €/KG","img":"https://fd16-photos.leclercdrive.fr/image.ashx?id=2610669&use=l&cat=p&typeid=i","cat":303867},{"id":43780,"n":"AOC Anjou vin rouge Les Caractères - 75cl","p":4.35,"u":"5,80 €/L","img":"https://fd16-photos.leclercdrive.fr/image.ashx?id=2623995&use=l&cat=p&typeid=i","cat":289556},{"id":43844,"n":"Friandises chats Tous mes amis Sticks au Poulet - 3x5g - 15g","p":0.56,"u":"37,33 €/KG","img":"https://fd16-photos.leclercdrive.fr/image.ashx?id=2858986&use=l&cat=p&typeid=i","cat":285285},{"id":43964,"n":"Mini bûches Eskiss Fruits - x6 - 333g","p":2.29,"u":"6,88 €/KG","img":"https://fd16-photos.leclercdrive.fr/image.ashx?id=2791317&use=l&cat=p&typeid=i","cat":284266},{"id":44039,"n":"Soufflés Grignot' Tokapi Barbecue - 90g","p":0.99,"u":"11,00 €/KG","img":"https://fd16-photos.leclercdrive.fr/image.ashx?id=2059486&use=l&cat=p&typeid=i","cat":284449},{"id":44040,"n":"Soufflé grignot' Tokapi  jambon fromage 90g","p":0.89,"u":"9,89 €/KG","img":"https://fd16-photos.leclercdrive.fr/image.ashx?id=2059489&use=l&cat=p&typeid=i","cat":284449},{"id":44057,"n":"Soufflés Tornades 3D Goût emmental - 85g","p":0.72,"u":"8,47 €/KG","img":"https://fd16-photos.leclercdrive.fr/image.ashx?id=2900139&use=l&cat=p&typeid=i","cat":284449},{"id":44081,"n":"Eau aromatisée Volvic Juicy Fraise - 1,5L","p":1.38,"u":"0,92 €/L","img":"https://fd16-photos.leclercdrive.fr/image.ashx?id=2964664&use=l&cat=p&typeid=i","cat":284537},{"id":44082,"n":"Eau aromatisée Volvic juicy Fruits exotiques - 1,5L","p":1.43,"u":"0,95 €/L","img":"https://fd16-photos.leclercdrive.fr/image.ashx?id=2964667&use=l&cat=p&typeid=i","cat":284537},{"id":44083,"n":"Eau gazeuse  Badoit verte finement pétillante - 6x1l","p":3.58,"u":"0,60 €/L","img":"https://fd16-photos.leclercdrive.fr/image.ashx?id=2919259&use=l&cat=p&typeid=i","cat":284536},{"id":44090,"n":"AOP Monbazillac vin blanc Moelleux Terrasses d'Autan-75cl","p":6.99,"u":"9,32 €/L","img":"https://fd16-photos.leclercdrive.fr/image.ashx?id=2756873&use=l&cat=p&typeid=i","cat":289557},{"id":44091,"n":"AOC Côtes du Rhône Villages vin rouge Rives & Terrasses - 75cl","p":3.89,"u":"5,19 €/L","img":"https://fd16-photos.leclercdrive.fr/image.ashx?id=2755064&use=l&cat=p&typeid=i","cat":289556},{"id":44094,"n":"Bière blonde Leffe 6,6% - 50cl canette","p":1.59,"u":"3,18 €/L","img":"https://fd16-photos.leclercdrive.fr/image.ashx?id=2948417&use=l&cat=p&typeid=i","cat":334853},{"id":44095,"n":"Bière blonde Leffe 6,6% - 75cl","p":2.49,"u":"3,32 €/L","img":"https://fd16-photos.leclercdrive.fr/image.ashx?id=1720789&use=l&cat=p&typeid=i","cat":334852},{"id":44097,"n":"Quinoa 500g","p":2.84,"u":"5,68 €/KG","img":"https://fd16-photos.leclercdrive.fr/image.ashx?id=3012845&use=l&cat=p&typeid=i","cat":284429},{"id":44168,"n":"Guacamole en pot 300g","p":1.75,"u":"5,83 €/KG","img":"https://fd16-photos.leclercdrive.fr/image.ashx?id=2466072&use=l&cat=p&typeid=i","cat":288993},{"id":44171,"n":"6 wraps de blé nature 370g","p":1.99,"u":"5,38 €/KG","img":"https://fd16-photos.leclercdrive.fr/image.ashx?id=2679741&use=l&cat=p&typeid=i","cat":288993},{"id":44173,"n":"Après-shampooing Nateis Cheveux colorés - 250ml","p":1.63,"u":"6,52 €/L","img":"https://fd16-photos.leclercdrive.fr/image.ashx?id=2626808&use=l&cat=p&typeid=i","cat":284607},{"id":44174,"n":"Après-shampooing doux Nateis Cheveux secs - 250ml","p":1.35,"u":"5,40 €/KG","img":"https://fd16-photos.leclercdrive.fr/image.ashx?id=2626811&use=l&cat=p&typeid=i","cat":284607},{"id":44175,"n":"Masque nourrisant Natéïs Cheuveux secs et frisés - 300ml","p":2.63,"u":"8,77 €/L","img":"https://fd16-photos.leclercdrive.fr/image.ashx?id=1875848&use=l&cat=p&typeid=i","cat":284608},{"id":44176,"n":"Crème soin cheveux secs frisés 300ml","p":2.54,"u":"8,47 €/L","img":"https://fd16-photos.leclercdrive.fr/image.ashx?id=1890259&use=l&cat=p&typeid=i","cat":284608},{"id":44178,"n":"Lessive poudre main Epsil 450g","p":0.97,"u":"2,16 €/KG","img":"https://fd16-photos.leclercdrive.fr/image.ashx?id=2838930&use=l&cat=p&typeid=i","cat":284643},{"id":44179,"n":"Sachets détachants Texil Anti-transferts - x12","p":4.44,"u":"0,37 €/P","img":"https://fd16-photos.leclercdrive.fr/image.ashx?id=2958741&use=l&cat=p&typeid=i","cat":284651},{"id":44183,"n":"Tortillas Old El Paso de blé nature x8 - 326g","p":2.46,"u":"7,55 €/KG","img":"https://fd16-photos.leclercdrive.fr/image.ashx?id=2737642&use=l&cat=p&typeid=i","cat":288993},{"id":44184,"n":"Kit fajitas Old El Paso Original doux - 500g","p":4.87,"u":"9,74 €/KG","img":"https://fd16-photos.leclercdrive.fr/image.ashx?id=2940576&use=l&cat=p&typeid=i","cat":288993},{"id":44197,"n":"Couches Activ+ Mots d'Enfants T4 : 7/18kg - x39 changes","p":12.89,"u":"0,33 €/P","img":"https://fd16-photos.leclercdrive.fr/image.ashx?id=2699489&use=l&cat=p&typeid=i","cat":284737},{"id":44198,"n":"Déodorant Carré Homme Vetiver Attirant - 100ml","p":1.12,"u":"11,20 €/L","img":"https://fd16-photos.leclercdrive.fr/image.ashx?id=2440751&use=l&cat=p&typeid=i","cat":284618},{"id":44216,"n":"Mousse aux cèpes Tradilège et champignons noirs 180g","p":1.31,"u":"7,28 €/KG","img":"https://fd16-photos.leclercdrive.fr/image.ashx?id=2390389&use=l&cat=p&typeid=i","cat":316008},{"id":44231,"n":"Estragon de france Sainte Lucie flacon 11g","p":2.04,"u":"185,45 €/KG","img":"https://fd16-photos.leclercdrive.fr/image.ashx?id=2774292&use=l&cat=p&typeid=i","cat":298297},{"id":44278,"n":"Ravioli bolognaise Panzani - 400g","p":2.6,"u":"6,50 €/KG","img":"https://fd16-photos.leclercdrive.fr/image.ashx?id=2876059&use=l&cat=p&typeid=i","cat":284442},{"id":44279,"n":"Fromage apéritif Apericube Panier de campagne 24 cubes","p":2.39,"u":"19,12 €/KG","img":"https://fd16-photos.leclercdrive.fr/image.ashx?id=2882656&use=l&cat=p&typeid=i","cat":314027},{"id":44293,"n":"Emmental râpé  Entremont  français 160g","p":1.81,"u":"11,31 €/KG","img":"https://fd16-photos.leclercdrive.fr/image.ashx?id=2983153&use=l&cat=p&typeid=i","cat":314035},{"id":44296,"n":"Fromage Rouy 25%mg - 200g","p":3.15,"u":"15,75 €/KG","img":"https://fd16-photos.leclercdrive.fr/image.ashx?id=2450814&use=l&cat=p&typeid=i","cat":329558},{"id":44300,"n":"Mini bûches de chèvre Soignon x6 - 150g","p":2.91,"u":"19,40 €/KG","img":"https://fd16-photos.leclercdrive.fr/image.ashx?id=2646560&use=l&cat=p&typeid=i","cat":314030},{"id":44307,"n":"Fromage Tomme noire NRT IGP  des Pyrénées - 200g","p":2.45,"u":"12,25 €/KG","img":"https://fd16-photos.leclercdrive.fr/image.ashx?id=2849596&use=l&cat=p&typeid=i","cat":329184},{"id":44327,"n":"Vin Union Européenne rosé Le Tonnelier - BIB 5L","p":8.95,"u":"1,79 €/L","img":"https://fd16-photos.leclercdrive.fr/image.ashx?id=2107474&use=l&cat=p&typeid=i","cat":289560},{"id":44350,"n":"Matière grasse 55%MG Primevère à tartiner - 1/2sel - 500g","p":3.2,"u":"6,40 €/KG","img":"https://fd16-photos.leclercdrive.fr/image.ashx?id=1740281&use=l&cat=p&typeid=i","cat":315229},{"id":44355,"n":"Sandwich Baguette Mega Viennois  Sodebo Poulet Œuf - 270g","p":1.71,"u":"6,33 €/KG","img":"https://fd16-photos.leclercdrive.fr/image.ashx?id=2732392&use=l&cat=p&typeid=i","cat":333658},{"id":44357,"n":"Sauce Hollandaise Gastromer Gastronomie de la mer - 200g","p":1.29,"u":"6,45 €/KG","img":"https://fd16-photos.leclercdrive.fr/image.ashx?id=2504659&use=l&cat=p&typeid=i","cat":284382},{"id":44370,"n":"Préservatifs perles et nervures X12","p":2.42,"u":"0,20 €/P","img":"https://fd16-photos.leclercdrive.fr/image.ashx?id=2856193&use=l&cat=p&typeid=i","cat":284631},{"id":44371,"n":"Préservatif classiques Plug'in x6","p":1.3,"u":"0,22 €/P","img":"https://fd16-photos.leclercdrive.fr/image.ashx?id=2856202&use=l&cat=p&typeid=i","cat":284631},{"id":44434,"n":"Nectar Bio Pressade Multifruits - 1,5L","p":2.27,"u":"1,51 €/L","img":"https://fd16-photos.leclercdrive.fr/image.ashx?id=2732533&use=l&cat=p&typeid=i","cat":284917},{"id":44475,"n":"Saucisson ail fumé Tradilège au porc 16tranches 150g","p":2.21,"u":"14,73 €/KG","img":"https://fd16-photos.leclercdrive.fr/image.ashx?id=2933355&use=l&cat=p&typeid=i","cat":316006},{"id":44567,"n":"Oeufs de Nos Régions Plein air Oméga 3 - x6","p":1.52,"u":"0,25 €/P","img":"https://fd16-photos.leclercdrive.fr/image.ashx?id=2969773&use=l&cat=p&typeid=i","cat":284378},{"id":44568,"n":"Oeufs frais De Nos Régions  Oméga 3 - Plein Air - x12","p":2.88,"u":"0,24 €/P","img":"https://fd16-photos.leclercdrive.fr/image.ashx?id=2969791&use=l&cat=p&typeid=i","cat":284378},{"id":44572,"n":"AOC Bordeaux Supérieur vin rouge Chantet Blanet - 75cl","p":3.49,"u":"4,65 €/L","img":"https://fd16-photos.leclercdrive.fr/image.ashx?id=2776570&use=l&cat=p&typeid=i","cat":289556},{"id":44706,"n":"Palets bretons P'tit Déli 2x125g","p":1.84,"u":"7,36 €/KG","img":"https://fd16-photos.leclercdrive.fr/image.ashx?id=2820134&use=l&cat=p&typeid=i","cat":284487},{"id":44732,"n":"Brunoise Notre Jardin méditerranéens 600g","p":3.41,"u":"5,68 €/KG","img":"https://fd16-photos.leclercdrive.fr/image.ashx?id=2873150&use=l&cat=p&typeid=i","cat":319823},{"id":44736,"n":"Blanquette volaille Côté Table 900g","p":6.99,"u":"7,77 €/KG","img":"https://fd16-photos.leclercdrive.fr/image.ashx?id=2621934&use=l&cat=p&typeid=i","cat":284254},{"id":44740,"n":"Frites allumettes Pom'lisse 2.5kg","p":4.59,"u":"1,84 €/KG","img":"https://fd16-photos.leclercdrive.fr/image.ashx?id=2699498&use=l&cat=p&typeid=i","cat":319791},{"id":44741,"n":"Riz sushi Table du monde 500g","p":1.19,"u":"2,38 €/KG","img":"https://fd16-photos.leclercdrive.fr/image.ashx?id=2679753&use=l&cat=p&typeid=i","cat":288992},{"id":44745,"n":"Mini boulettes au boeuf Férial  x50 - 750g","p":6.99,"u":"9,32 €/KG","img":"https://fd16-photos.leclercdrive.fr/image.ashx?id=2966511&use=l&cat=p&typeid=i","cat":319779},{"id":44758,"n":"Grattugiato 29% MG Les Croisés  100g","p":1.49,"u":"14,90 €/KG","img":"https://fd16-photos.leclercdrive.fr/image.ashx?id=2806859&use=l&cat=p&typeid=i","cat":314035},{"id":44761,"n":"Les groumand Les Croisés  30.4% MG  6 tranches 150g","p":1.99,"u":"13,27 €/KG","img":"https://fd16-photos.leclercdrive.fr/image.ashx?id=2026325&use=l&cat=p&typeid=i","cat":314028},{"id":44767,"n":"Dés Gouda cumin Les Croisés 30%MG - 150g","p":1.95,"u":"13,00 €/KG","img":"https://fd16-photos.leclercdrive.fr/image.ashx?id=2532844&use=l&cat=p&typeid=i","cat":314027},{"id":44770,"n":"Steak haché Férial  5%mg x4 - 400g","p":6.99,"u":"17,48 €/KG","img":"https://fd16-photos.leclercdrive.fr/image.ashx?id=2704523&use=l&cat=p&typeid=i","cat":319778},{"id":44900,"n":"Baguette précuite four Epi d'Or précuite four en pierre - 250g","p":1.35,"u":"5,40 €/KG","img":"https://fd16-photos.leclercdrive.fr/image.ashx?id=2956963&use=l&cat=p&typeid=i","cat":325069},{"id":44939,"n":"Mini gratins Côté Table Pomme de terre salardaise 400g","p":3.89,"u":"9,73 €/KG","img":"https://fd16-photos.leclercdrive.fr/image.ashx?id=2641289&use=l&cat=p&typeid=i","cat":319802},{"id":44953,"n":"Pâtes Sans gluten Barilla Spaghetti - 400g","p":1.89,"u":"4,73 €/KG","img":"https://fd16-photos.leclercdrive.fr/image.ashx?id=2647639&use=l&cat=p&typeid=i","cat":284427},{"id":44954,"n":"Pâtes Sans gluten Barilla Penne Rigate - 400g","p":1.91,"u":"4,78 €/KG","img":"https://fd16-photos.leclercdrive.fr/image.ashx?id=2975461&use=l&cat=p&typeid=i","cat":284427},{"id":44959,"n":"Lingettes démaquillantes Inell Eau micellaire x25","p":2.6,"u":"0,10 €/P","img":"https://fd16-photos.leclercdrive.fr/image.ashx?id=2764392&use=l&cat=p&typeid=i","cat":284603},{"id":44963,"n":"Stick lèvres Inell Miss pink - 1 pièce","p":1.69,"img":"https://fd16-photos.leclercdrive.fr/image.ashx?id=2691673&use=l&cat=p&typeid=i","cat":285485},{"id":44964,"n":"Alèses absorbantes Chorys 60x90cm - x16","p":6.99,"u":"0,44 €/P","img":"https://fd16-photos.leclercdrive.fr/image.ashx?id=2860076&use=l&cat=p&typeid=i","cat":284628},{"id":44965,"n":"Lingettes Hygiène Adulte Chorys x64","p":4.57,"u":"0,07 €/P","img":"https://fd16-photos.leclercdrive.fr/image.ashx?id=2940911&use=l&cat=p&typeid=i","cat":284627},{"id":44967,"n":"Culottes bébé Mots d'Enfants  T5 : 12/18kg - x20 changes","p":5.45,"u":"0,27 €/P","img":"https://fd16-photos.leclercdrive.fr/image.ashx?id=2904580&use=l&cat=p&typeid=i","cat":290633},{"id":44968,"n":"Culottes bébé Mots d'Enfants  T6 : 16kg - x18 changes","p":4.99,"u":"0,28 €/P","img":"https://fd16-photos.leclercdrive.fr/image.ashx?id=2907201&use=l&cat=p&typeid=i","cat":290633},{"id":44976,"n":"Masque nourrisant Natéïs Cheveux secs ou abîmés - 300ml","p":2.63,"u":"8,77 €/L","img":"https://fd16-photos.leclercdrive.fr/image.ashx?id=2387340&use=l&cat=p&typeid=i","cat":284608},{"id":44977,"n":"Mousse nettoyante Inell Peaux sensibles 150ml","p":2.99,"u":"19,93 €/L","img":"https://fd16-photos.leclercdrive.fr/image.ashx?id=1993200&use=l&cat=p&typeid=i","cat":284603},{"id":44980,"n":"Gel lave-vaisselle Visior Classique x75 - 1,5L","p":4.75,"u":"3,17 €/L","img":"https://fd16-photos.leclercdrive.fr/image.ashx?id=2939061&use=l&cat=p&typeid=i","cat":284656},{"id":44982,"n":"Papier toilette Lotus Just.1 Rouleaux blancs - x6","p":3.75,"u":"0,63 €/P","img":"https://fd16-photos.leclercdrive.fr/image.ashx?id=2842915&use=l&cat=p&typeid=i","cat":284634},{"id":45009,"n":"Cacahuètes grillées Tokapi salées 3x120g","p":1.49,"u":"4,14 €/KG","img":"https://fd16-photos.leclercdrive.fr/image.ashx?id=2799769&use=l&cat=p&typeid=i","cat":284448},{"id":45015,"n":"Biscuits P'tit Déli Pépites de chocolat 300g","p":2.49,"u":"8,30 €/KG","img":"https://fd16-photos.leclercdrive.fr/image.ashx?id=2390425&use=l&cat=p&typeid=i","cat":284487},{"id":45016,"n":"AOC Médoc vin rouge Chantet Blanet - 75cl","p":3.99,"u":"5,32 €/L","img":"https://fd16-photos.leclercdrive.fr/image.ashx?id=2840737&use=l&cat=p&typeid=i","cat":289556},{"id":45019,"n":"AOC Minervois vin rouge Prieur Barsanne - 75cl","p":2.99,"u":"3,99 €/L","img":"https://fd16-photos.leclercdrive.fr/image.ashx?id=2639199&use=l&cat=p&typeid=i","cat":289556},{"id":45024,"n":"AOC Mâcon Villages vin blanc Antoine Barrier - 75cl","p":7.49,"u":"9,99 €/L","img":"https://fd16-photos.leclercdrive.fr/image.ashx?id=2884249&use=l&cat=p&typeid=i","cat":289557},{"id":45035,"n":"AOP Alsace Riesling vin blanc Rebmann - 75 cl","p":4.85,"u":"6,47 €/L","img":"https://fd16-photos.leclercdrive.fr/image.ashx?id=2754213&use=l&cat=p&typeid=i","cat":289557},{"id":45036,"n":"AOC Alsace Riesling vin blanc Rebmann - 37,5 cl","p":3.25,"u":"8,67 €/L","img":"https://fd16-photos.leclercdrive.fr/image.ashx?id=2754216&use=l&cat=p&typeid=i","cat":289557},{"id":45038,"n":"AOP Côtes du Rhône vin rouge Grégoire XI - 75 cl","p":2.99,"u":"3,99 €/L","img":"https://fd16-photos.leclercdrive.fr/image.ashx?id=2709701&use=l&cat=p&typeid=i","cat":289556},{"id":45043,"n":"AOC Bordeaux fût de chêne vin rouge Chantet Blanet - 75cl","p":2.99,"u":"3,99 €/L","img":"https://fd16-photos.leclercdrive.fr/image.ashx?id=2816133&use=l&cat=p&typeid=i","cat":289556},{"id":45044,"n":"AOC Bordeaux fût de chêne vin rouge Chantet Blanet - BIB 3L","p":10.99,"u":"3,66 €/L","img":"https://fd16-photos.leclercdrive.fr/image.ashx?id=3013612&use=l&cat=p&typeid=i","cat":289560},{"id":45045,"n":"AOC Côtes de Bourg vin rouge Chantet Blanet - 37,5cl","p":2.49,"u":"6,64 €/L","img":"https://fd16-photos.leclercdrive.fr/image.ashx?id=2913709&use=l&cat=p&typeid=i","cat":289556},{"id":45050,"n":"AOP Bourgogne Pinot noir vin rouge Antoine Barrier - 75cl","p":7.99,"u":"10,65 €/L","img":"https://fd16-photos.leclercdrive.fr/image.ashx?id=2694106&use=l&cat=p&typeid=i","cat":289556},{"id":45052,"n":"Velouté Régal Soupe Potiron Châtaigne - 1L","p":2.46,"u":"2,46 €/L","img":"https://fd16-photos.leclercdrive.fr/image.ashx?id=2983811&use=l&cat=p&typeid=i","cat":284462},{"id":45053,"n":"Soupe Velouté Régal Soupe Potiron fromage fondu 1L","p":2.36,"u":"2,36 €/L","img":"https://fd16-photos.leclercdrive.fr/image.ashx?id=2607572&use=l&cat=p&typeid=i","cat":284462},{"id":45054,"n":"Soupe Velouté Régal Soupe  Tomate vermicelles 2x30cl","p":1.66,"u":"2,77 €/L","img":"https://fd16-photos.leclercdrive.fr/image.ashx?id=2607575&use=l&cat=p&typeid=i","cat":284462},{"id":45063,"n":"Biscuits sablés P'tit Déli Noix de coco - 120g","p":0.84,"u":"7,00 €/KG","img":"https://fd16-photos.leclercdrive.fr/image.ashx?id=2669750&use=l&cat=p&typeid=i","cat":284487},{"id":45065,"n":"Bretzels d'alsace NRT sachet 200g","p":0.74,"u":"3,70 €/KG","img":"https://fd16-photos.leclercdrive.fr/image.ashx?id=2638018&use=l&cat=p&typeid=i","cat":297000},{"id":45068,"n":"Pâtes Sans gluten Barilla Coquillettes - 400g","p":1.88,"u":"4,70 €/KG","img":"https://fd16-photos.leclercdrive.fr/image.ashx?id=2976113&use=l&cat=p&typeid=i","cat":284427},{"id":45097,"n":"Panettone Tradizioni d'Italia 500g","p":5.49,"u":"10,98 €/KG","img":"https://fd16-photos.leclercdrive.fr/image.ashx?id=2743921&use=l&cat=p&typeid=i","cat":293600},{"id":45101,"n":"Carrés de soin Mots d'Enfants Bébés - x100","p":1.99,"u":"0,02 €/P","img":"https://fd16-photos.leclercdrive.fr/image.ashx?id=3014245&use=l&cat=p&typeid=i","cat":284739},{"id":45102,"n":"Culottes bébé Mots d'Enfants  T4 : 8/15kg - x22 changes","p":5.35,"u":"0,24 €/P","img":"https://fd16-photos.leclercdrive.fr/image.ashx?id=2907198&use=l&cat=p&typeid=i","cat":290633},{"id":45140,"n":"boisson végétale bio  épeautre bjorg 1l","p":2.35,"u":"2,35 €/L","img":"https://fd16-photos.leclercdrive.fr/image.ashx?id=2967058&use=l&cat=p&typeid=i","cat":316067},{"id":45149,"n":"Boisson végétale lait d'amande  chocolat bjorg bio - 1l","p":2.61,"u":"2,61 €/L","img":"https://fd16-photos.leclercdrive.fr/image.ashx?id=2939412&use=l&cat=p&typeid=i","cat":316067},{"id":45225,"n":"Galettes de riz Bio Bjorg Chocolat au lait - 90g","p":3.15,"u":"35,00 €/KG","img":"https://fd16-photos.leclercdrive.fr/image.ashx?id=2882442&use=l&cat=p&typeid=i","cat":318651},{"id":45243,"n":"Lait de coco fluide Bio Bjorg 200ml","p":1.59,"u":"7,95 €/L","img":"https://fd16-photos.leclercdrive.fr/image.ashx?id=2752995&use=l&cat=p&typeid=i","cat":288992},{"id":45244,"n":"boisson végétale lait d'amande  bio bjorg 1l","p":2.25,"u":"2,25 €/L","img":"https://fd16-photos.leclercdrive.fr/image.ashx?id=2967067&use=l&cat=p&typeid=i","cat":316067},{"id":45245,"n":"Boisson végétale lait d'amande  vanille bjorg bio - 1l","p":2.48,"u":"2,48 €/L","img":"https://fd16-photos.leclercdrive.fr/image.ashx?id=2991978&use=l&cat=p&typeid=i","cat":316067},{"id":45294,"n":"Asperges blanches D'Aucy Grosses x2 410g","p":5.99,"u":"14,61 €/KG","img":"https://fd16-photos.leclercdrive.fr/image.ashx?id=2488854&use=l&cat=p&typeid=i","cat":312611},{"id":45295,"n":"Asperges vertes d'Aucy Grosses - x2 - 370g","p":5.99,"u":"16,19 €/KG","img":"https://fd16-photos.leclercdrive.fr/image.ashx?id=2217987&use=l&cat=p&typeid=i","cat":312611},{"id":45319,"n":"Pineau blanc Charentes NRT  17% vol - 75cl","p":7.95,"u":"10,60 €/L","img":"https://fd16-photos.leclercdrive.fr/image.ashx?id=2679804&use=l&cat=p&typeid=i","cat":284913},{"id":45382,"n":"Déodorant Spray Femme Nivea Protect & Care - 200ml","p":2.69,"u":"13,45 €/L","img":"https://fd16-photos.leclercdrive.fr/image.ashx?id=2869188&use=l&cat=p&typeid=i","cat":284595},{"id":45383,"n":"Déodorant protect & care Nivea Bille - 50ml","p":2.38,"u":"47,60 €/L","img":"https://fd16-photos.leclercdrive.fr/image.ashx?id=2871067&use=l&cat=p&typeid=i","cat":284595},{"id":45415,"n":"Fromage Emmental Entremont Râpé  - 300g","p":3.34,"u":"11,13 €/KG","img":"https://fd16-photos.leclercdrive.fr/image.ashx?id=2983156&use=l&cat=p&typeid=i","cat":314035},{"id":45454,"n":"Soufflés Tornades 3D Tokapi  Paprika 85g","p":0.73,"u":"8,59 €/KG","img":"https://fd16-photos.leclercdrive.fr/image.ashx?id=2093861&use=l&cat=p&typeid=i","cat":284449},{"id":45478,"n":"Nettoyant lave-vaisselle Visior 3x40g","p":2.9,"u":"24,17 €/KG","img":"https://fd16-photos.leclercdrive.fr/image.ashx?id=2742694&use=l&cat=p&typeid=i","cat":284657},{"id":45479,"n":"Nettoyant Dentamyl Appareils dentaires x36","p":2.0,"img":"https://fd16-photos.leclercdrive.fr/image.ashx?id=2486799&use=l&cat=p&typeid=i","cat":285158},{"id":45480,"n":"Nettoyant menthe Dentamyl Appareils dentaires x36","p":2.19,"img":"https://fd16-photos.leclercdrive.fr/image.ashx?id=2486802&use=l&cat=p&typeid=i","cat":285158},{"id":45498,"n":"Sacs poubelle 30L Elembal Ultra resist - x20","p":3.25,"u":"0,16 €/P","img":"https://fd16-photos.leclercdrive.fr/image.ashx?id=2958729&use=l&cat=p&typeid=i","cat":285168},{"id":45499,"n":"Sacs poubelle 50L Elembal Ultra résist - x15","p":3.9,"u":"0,26 €/P","img":"https://fd16-photos.leclercdrive.fr/image.ashx?id=2958732&use=l&cat=p&typeid=i","cat":285168},{"id":45500,"n":"Sacs poubelle 100L Elembal Ultra résist - x10","p":3.73,"u":"0,37 €/P","img":"https://fd16-photos.leclercdrive.fr/image.ashx?id=2958735&use=l&cat=p&typeid=i","cat":285168},{"id":45536,"n":"Taboulé Bonduelle Poulet - 300g","p":1.97,"u":"6,57 €/KG","img":"https://fd16-photos.leclercdrive.fr/image.ashx?id=2907902&use=l&cat=p&typeid=i","cat":333657},{"id":45540,"n":"Pizza l'Ovale Sodebo Jambon et fromages - 200g","p":1.44,"u":"7,20 €/KG","img":"https://fd16-photos.leclercdrive.fr/image.ashx?id=2407211&use=l&cat=p&typeid=i","cat":333679},{"id":45541,"n":"Pizza l'Ovale Sodebo 3 fromages fondants - 200g","p":1.7,"u":"8,50 €/KG","img":"https://fd16-photos.leclercdrive.fr/image.ashx?id=2723644&use=l&cat=p&typeid=i","cat":333679},{"id":45576,"n":"Fromage raclette Les Croisés  Nature et fumé 400g","p":5.34,"u":"13,35 €/KG","img":"https://fd16-photos.leclercdrive.fr/image.ashx?id=2793233&use=l&cat=p&typeid=i","cat":314037},{"id":45642,"n":"Ratatouille Cuisinée Cassegrain à la Provençale 185g","p":1.84,"u":"9,95 €/KG","img":"https://fd16-photos.leclercdrive.fr/image.ashx?id=2913007&use=l&cat=p&typeid=i","cat":312612},{"id":45704,"n":"Assortiment charcuterie 180g","p":3.07,"u":"17,06 €/KG","img":"https://fd16-photos.leclercdrive.fr/image.ashx?id=820501&use=l&cat=p&typeid=i","cat":316007},{"id":45708,"n":"Yaourt à boire Mini Yop Aromatisé Fraise - 8x100g","p":2.3,"u":"2,88 €/KG","img":"https://fd16-photos.leclercdrive.fr/image.ashx?id=2985159&use=l&cat=p&typeid=i","cat":284415},{"id":45711,"n":"Fromage Croque emmental Président - 20 tranches - 340g","p":2.88,"u":"8,47 €/KG","img":"https://fd16-photos.leclercdrive.fr/image.ashx?id=2838163&use=l&cat=p&typeid=i","cat":314028},{"id":45712,"n":"Emmental râpé fondant Président 500g","p":4.85,"u":"9,70 €/KG","img":"https://fd16-photos.leclercdrive.fr/image.ashx?id=2489464&use=l&cat=p&typeid=i","cat":314035},{"id":45713,"n":"Mimolette Isigny Ste Mère Extra-vieille - 200g","p":3.95,"u":"19,75 €/KG","img":"https://fd16-photos.leclercdrive.fr/image.ashx?id=2939505&use=l&cat=p&typeid=i","cat":314034},{"id":45813,"n":"Cire divine Nair Monoï - 400g","p":7.36,"u":"18,40 €/KG","img":"https://fd16-photos.leclercdrive.fr/image.ashx?id=2903239&use=l&cat=p&typeid=i","cat":325351},{"id":45825,"n":"Brosse à dents pro Dentamyl Souple x2","p":0.72,"u":"0,36 €/P","img":"https://fd16-photos.leclercdrive.fr/image.ashx?id=2790979&use=l&cat=p&typeid=i","cat":284614},{"id":45826,"n":"Brosse à dents pro Dentamyl Médium x2","p":0.65,"u":"0,33 €/P","img":"https://fd16-photos.leclercdrive.fr/image.ashx?id=2790982&use=l&cat=p&typeid=i","cat":284614},{"id":45855,"n":"Whisky Clan Campbell Blended Scotch 40% vol - 1,5L","p":29.14,"u":"19,43 €/L","img":"https://fd16-photos.leclercdrive.fr/image.ashx?id=2868362&use=l&cat=p&typeid=i","cat":284547},{"id":45870,"n":"Vinaigre ménager Clair 100% naturel - 1L","p":1.08,"u":"1,08 €/L","img":"https://fd16-photos.leclercdrive.fr/image.ashx?id=2779199&use=l&cat=p&typeid=i","cat":325365},{"id":45889,"n":"Nouilles Chinoises aux légumes Tradition d'Asie - 400g","p":4.45,"u":"11,13 €/KG","img":"https://fd16-photos.leclercdrive.fr/image.ashx?id=2504467&use=l&cat=p&typeid=i","cat":333673},{"id":45908,"n":"Biscuits fourrés Prince Chocolat - 3x300g","p":3.67,"u":"4,08 €/KG","img":"https://fd16-photos.leclercdrive.fr/image.ashx?id=3014641&use=l&cat=p&typeid=i","cat":284488},{"id":45957,"n":"Jambon cru Quart Tranché Aoste Serrano - 18 tranches - 220g","p":5.82,"u":"26,45 €/KG","img":"https://fd16-photos.leclercdrive.fr/image.ashx?id=2937181&use=l&cat=p&typeid=i","cat":316007},{"id":45965,"n":"Saucisses Knacki Herta Poulet x6 - 210g","p":1.61,"u":"7,67 €/KG","img":"https://fd16-photos.leclercdrive.fr/image.ashx?id=2290428&use=l&cat=p&typeid=i","cat":316012},{"id":46006,"n":"AOP Jurançon vin blanc Moelleux Terrasses d'Autan-75cl","p":6.99,"u":"9,32 €/L","img":"https://fd16-photos.leclercdrive.fr/image.ashx?id=2774859&use=l&cat=p&typeid=i","cat":289557},{"id":46016,"n":"Chocolat Pâtissier Tablette dOr Chocolat Noir - 3x200g","p":5.35,"u":"8,92 €/KG","img":"https://fd16-photos.leclercdrive.fr/image.ashx?id=2958519&use=l&cat=p&typeid=i","cat":285562},{"id":46028,"n":"IGP Pays d'Oc Rosé Grenache Cinsault JP Chenet 12.5% BIB 3L","p":10.42,"u":"3,47 €/L","img":"https://fd16-photos.leclercdrive.fr/image.ashx?id=2941715&use=l&cat=p&typeid=i","cat":289560},{"id":46037,"n":"Biscottes Toast Pelletier  Goût brioché - 150g","p":1.33,"u":"8,87 €/KG","img":"https://fd16-photos.leclercdrive.fr/image.ashx?id=1888023&use=l&cat=p&typeid=i","cat":284479},{"id":46052,"n":"Gelée pour chat Tous mes amis Poisson menus gourmands 24x100g","p":6.95,"u":"2,90 €/KG","img":"https://fd16-photos.leclercdrive.fr/image.ashx?id=2027604&use=l&cat=p&typeid=i","cat":285286},{"id":46224,"n":"Friandises chien Pedigree Récompense bœuf fromage - 140g","p":1.73,"u":"12,36 €/KG","img":"https://fd16-photos.leclercdrive.fr/image.ashx?id=2256203&use=l&cat=p&typeid=i","cat":294527},{"id":46381,"n":"Fromage Emmenta Les Croisés En dés - 150g","p":1.89,"u":"12,60 €/KG","img":"https://fd16-photos.leclercdrive.fr/image.ashx?id=2422550&use=l&cat=p&typeid=i","cat":314027},{"id":46454,"n":"Monster Munch Jambon/fromage - 135g","p":1.69,"u":"12,52 €/KG","img":"https://fd16-photos.leclercdrive.fr/image.ashx?id=2917468&use=l&cat=p&typeid=i","cat":284449},{"id":46455,"n":"Chips Bret's Nature lisse - 500g","p":3.99,"u":"7,98 €/KG","img":"https://fd16-photos.leclercdrive.fr/image.ashx?id=2282625&use=l&cat=p&typeid=i","cat":284447},{"id":46456,"n":"Clafoutis Délisse Abricot - 4x85g","p":2.25,"u":"6,62 €/KG","img":"https://fd16-photos.leclercdrive.fr/image.ashx?id=2905228&use=l&cat=p&typeid=i","cat":284419},{"id":46462,"n":"Mini coudes Turini 500g","p":0.99,"u":"1,98 €/KG","img":"https://fd16-photos.leclercdrive.fr/image.ashx?id=2607566&use=l&cat=p&typeid=i","cat":284427},{"id":46472,"n":"Pandoro Tradizioni D'italia 500g","p":5.99,"u":"11,98 €/KG","img":"https://fd16-photos.leclercdrive.fr/image.ashx?id=2743924&use=l&cat=p&typeid=i","cat":293600},{"id":46525,"n":"Brosse à dents pro Dentamyl Souple x1","p":1.32,"img":"https://fd16-photos.leclercdrive.fr/image.ashx?id=2790985&use=l&cat=p&typeid=i","cat":284614},{"id":46528,"n":"Fil dentaire  menthe Dentamyl Ultra résistant  archet  - x50","p":2.05,"img":"https://fd16-photos.leclercdrive.fr/image.ashx?id=2440721&use=l&cat=p&typeid=i","cat":285159},{"id":46540,"n":"Croquette chat stérilisé Ultima Poulet - Sénior +10 ans - 1.5kg","p":6.95,"u":"4,63 €/KG","img":"https://fd16-photos.leclercdrive.fr/image.ashx?id=2922227&use=l&cat=p&typeid=i","cat":284680},{"id":46541,"n":"Croquette chat stérilisé Ultima Chat d'intérieur - Dinde -1.5kg","p":6.88,"u":"4,59 €/KG","img":"https://fd16-photos.leclercdrive.fr/image.ashx?id=2927009&use=l&cat=p&typeid=i","cat":284680},{"id":46559,"n":"Boîtes alimentaires Eco+ 5x0.5L","p":1.72,"u":"0,34 €/P","img":"https://fd16-photos.leclercdrive.fr/image.ashx?id=1467657&use=l&cat=p&typeid=i","cat":284710},{"id":46654,"n":"Bière blonde La Chouffe 33cl","p":2.27,"u":"6,88 €/L","img":"https://fd16-photos.leclercdrive.fr/image.ashx?id=2877073&use=l&cat=p&typeid=i","cat":334872},{"id":46667,"n":"Monster Munch Salé - 135g","p":1.37,"u":"10,15 €/KG","img":"https://fd16-photos.leclercdrive.fr/image.ashx?id=2996935&use=l&cat=p&typeid=i","cat":284449},{"id":46703,"n":"Spray désodorisant Airwick  Pure Douceur de Coton - 250ml","p":2.87,"u":"11,48 €/L","img":"https://fd16-photos.leclercdrive.fr/image.ashx?id=2858600&use=l&cat=p&typeid=i","cat":311626},{"id":46848,"n":"Emmental Président Sel réduit 30% - 200g","p":3.05,"u":"15,25 €/KG","img":"https://fd16-photos.leclercdrive.fr/image.ashx?id=2833363&use=l&cat=p&typeid=i","cat":314034},{"id":46875,"n":"Crème dessert Mont Blanc Coupelles Caramel - 4x125g","p":3.33,"u":"6,66 €/KG","img":"https://fd16-photos.leclercdrive.fr/image.ashx?id=3011002&use=l&cat=p&typeid=i","cat":284506},{"id":46982,"n":"Cookies gros éclats Granola Chocolat - 276g","p":2.41,"u":"8,73 €/KG","img":"https://fd16-photos.leclercdrive.fr/image.ashx?id=3005335&use=l&cat=p&typeid=i","cat":325066},{"id":46985,"n":"Café et Chicorée Soluble Ricoré  Noir Intense - 240g","p":7.06,"u":"29,42 €/KG","img":"https://fd16-photos.leclercdrive.fr/image.ashx?id=2980115&use=l&cat=p&typeid=i","cat":284843},{"id":47080,"n":"Cordons Bleu poulet Le Gaulois 400g","p":4.9,"u":"12,25 €/KG","img":"https://fd16-photos.leclercdrive.fr/image.ashx?id=2860232&use=l&cat=p&typeid=i","cat":333683},{"id":47083,"n":"Croq Extra Fromage Le Gaulois x2 - 200g","p":2.76,"u":"13,80 €/KG","img":"https://fd16-photos.leclercdrive.fr/image.ashx?id=2342845&use=l&cat=p&typeid=i","cat":333683},{"id":47125,"n":"Cidre bouché rosé Envie de rose 2.5%vol. - 75cl","p":2.59,"u":"3,45 €/L","img":"https://fd16-photos.leclercdrive.fr/image.ashx?id=2908984&use=l&cat=p&typeid=i","cat":334880},{"id":47126,"n":"Cidre bouché Envie de brut 4.5%vol. - 75cl","p":2.59,"u":"3,45 €/L","img":"https://fd16-photos.leclercdrive.fr/image.ashx?id=2908981&use=l&cat=p&typeid=i","cat":334880},{"id":47127,"n":"Bière Red Desperados 5.9%vol. - 6x33cl","p":8.8,"u":"4,44 €/L","img":"https://fd16-photos.leclercdrive.fr/image.ashx?id=2766229&use=l&cat=p&typeid=i","cat":334878},{"id":47130,"n":"Vin Union européenne blanc Le Tonnelier - BIB 5L","p":8.95,"img":"https://fd16-photos.leclercdrive.fr/image.ashx?id=2107471&use=l&cat=p&typeid=i","cat":289557},{"id":47133,"n":"Boisson sans alcool D'Artigny Framboise  - 75cl","p":3.55,"u":"4,73 €/L","img":"https://fd16-photos.leclercdrive.fr/image.ashx?id=2854396&use=l&cat=p&typeid=i","cat":289460},{"id":47169,"n":"Sacs poubelle 10L Elembal Salle de bain - x20","p":0.8,"u":"0,04 €/P","img":"https://fd16-photos.leclercdrive.fr/image.ashx?id=2793239&use=l&cat=p&typeid=i","cat":285168},{"id":47171,"n":"Papier toilette Eco+ x4","p":1.3,"u":"0,33 €/P","img":"https://fd16-photos.leclercdrive.fr/image.ashx?id=2783337&use=l&cat=p&typeid=i","cat":284634},{"id":47176,"n":"Déodorant Spray Femme Nivea Black&White Original - 200ml","p":2.65,"u":"13,25 €/L","img":"https://fd16-photos.leclercdrive.fr/image.ashx?id=2980031&use=l&cat=p&typeid=i","cat":284595},{"id":47180,"n":"Gel douche enfant Tahiti Fruits exotiques - 300ml","p":1.92,"u":"6,40 €/L","img":"https://fd16-photos.leclercdrive.fr/image.ashx?id=2687332&use=l&cat=p&typeid=i","cat":284594},{"id":47181,"n":"Essuie-tout compact 3=9 Eco+ x3","p":2.27,"u":"0,76 €/P","img":"https://fd16-photos.leclercdrive.fr/image.ashx?id=2726688&use=l&cat=p&typeid=i","cat":284635},{"id":47234,"n":"Lames Gillette Sensor Excel - x10","p":10.46,"u":"1,05 €/P","img":"https://fd16-photos.leclercdrive.fr/image.ashx?id=2566476&use=l&cat=p&typeid=i","cat":284616},{"id":47254,"n":"Pâtes Coudes Rayés Turini 1kg","p":1.75,"u":"1,75 €/KG","img":"https://fd16-photos.leclercdrive.fr/image.ashx?id=2980812&use=l&cat=p&typeid=i","cat":284427},{"id":47255,"n":"Pâtes linguine Turini  500g","p":0.91,"u":"1,82 €/KG","img":"https://fd16-photos.leclercdrive.fr/image.ashx?id=2607554&use=l&cat=p&typeid=i","cat":284427},{"id":47256,"n":"Pâtes Farfalles Turini  1kg","p":1.2,"u":"1,20 €/KG","img":"https://fd16-photos.leclercdrive.fr/image.ashx?id=2665574&use=l&cat=p&typeid=i","cat":284427},{"id":47257,"n":"Pâtes Spaghettoni Turini  500g","p":0.84,"u":"1,68 €/KG","img":"https://fd16-photos.leclercdrive.fr/image.ashx?id=2607557&use=l&cat=p&typeid=i","cat":284427},{"id":47258,"n":"Pâtes coquillettes Turini Blé complet  - 500g","p":1.09,"u":"2,18 €/KG","img":"https://fd16-photos.leclercdrive.fr/image.ashx?id=2607563&use=l&cat=p&typeid=i","cat":284427},{"id":47263,"n":"Brossettes Dentamyl Interdentaires - x5","p":2.49,"u":"0,50 €/P","img":"https://fd16-photos.leclercdrive.fr/image.ashx?id=2672879&use=l&cat=p&typeid=i","cat":285159},{"id":47275,"n":"Piles lithium CR2016 Energizer Miniature blister - x2","p":5.99,"u":"3,00 €/P","img":"https://fd16-photos.leclercdrive.fr/image.ashx?id=1749551&use=l&cat=p&typeid=i","cat":300572},{"id":47280,"n":"Piles Energizer - AA/LR6 Rechargeables - x4","p":13.7,"img":"https://fd16-photos.leclercdrive.fr/image.ashx?id=2748632&use=l&cat=p&typeid=i","cat":300572},{"id":47286,"n":"Piles lithium CR2430 x2","p":5.99,"u":"3,00 €/P","img":"https://fd16-photos.leclercdrive.fr/image.ashx?id=2901136&use=l&cat=p&typeid=i","cat":300572},{"id":47290,"n":"Piles Energizer lr44/A76 - x4","p":5.4,"img":"https://fd16-photos.leclercdrive.fr/image.ashx?id=2024972&use=l&cat=p&typeid=i","cat":300572},{"id":47324,"n":"Goupillon Mots D'enfants Rose, bout éponge, rince tétine","p":2.45,"img":"https://fd16-photos.leclercdrive.fr/image.ashx?id=2693407&use=l&cat=p&typeid=i","cat":284742},{"id":47325,"n":"Goupillon Mots D'enfants Bleu, bout éponge, rince tétine","p":2.45,"img":"https://fd16-photos.leclercdrive.fr/image.ashx?id=2693410&use=l&cat=p&typeid=i","cat":284742},{"id":47358,"n":"Sandwich Mega Club  Complet Jambon Emmental - 230g","p":2.13,"u":"9,26 €/KG","img":"https://fd16-photos.leclercdrive.fr/image.ashx?id=2959928&use=l&cat=p&typeid=i","cat":333658},{"id":47360,"n":"Fromage à tartiner Madame Loïk Fouetté Ail Fines Herbes - 150g","p":1.78,"u":"11,87 €/KG","img":"https://fd16-photos.leclercdrive.fr/image.ashx?id=2948021&use=l&cat=p&typeid=i","cat":314029},{"id":47361,"n":"Bûche de chèvre Président 250g","p":2.96,"u":"11,84 €/KG","img":"https://fd16-photos.leclercdrive.fr/image.ashx?id=2446647&use=l&cat=p&typeid=i","cat":314031},{"id":47381,"n":"Vin Union européenne blanc Lichette 11° - 75 cl","p":2.5,"u":"3,33 €/L","img":"https://fd16-photos.leclercdrive.fr/image.ashx?id=2943855&use=l&cat=p&typeid=i","cat":289557},{"id":47409,"n":"Steack Haché Pur boeuf  Charolais Label 4x100G","p":6.5,"u":"16,25 €/KG","img":"https://fd16-photos.leclercdrive.fr/image.ashx?id=2352810&use=l&cat=p&typeid=i","cat":319778},{"id":47474,"n":"Thon entier Le Savoureux À l'huile d'olive - 2x160g","p":6.5,"u":"20,31 €/KG","img":"https://fd16-photos.leclercdrive.fr/image.ashx?id=2170520&use=l&cat=p&typeid=i","cat":303867},{"id":47512,"n":"Whisky Jack Daniel's Old N°7 1,5L","p":43.45,"u":"28,97 €/L","img":"https://fd16-photos.leclercdrive.fr/image.ashx?id=2986840&use=l&cat=p&typeid=i","cat":284547},{"id":47542,"n":"Starmint Haribo Sachet bonbons menthe - 200g","p":1.39,"u":"6,95 €/KG","img":"https://fd16-photos.leclercdrive.fr/image.ashx?id=2984889&use=l&cat=p&typeid=i","cat":304252},{"id":47563,"n":"Macédoine de Légumes Bonduelle 265g","p":0.94,"u":"3,55 €/KG","img":"https://fd16-photos.leclercdrive.fr/image.ashx?id=2910007&use=l&cat=p&typeid=i","cat":312612},{"id":47567,"n":"Rhum blanc Clément  Martinique, agricole - 70cl","p":11.9,"pp":10.71,"u":"15,30 €/L","img":"https://fd16-photos.leclercdrive.fr/image.ashx?id=1973141&use=l&cat=p&typeid=i","cat":284550},{"id":47592,"n":"Crêpe fourrée Whaou Cracky choco x8 - 256g","p":2.33,"u":"9,10 €/KG","img":"https://fd16-photos.leclercdrive.fr/image.ashx?id=2971029&use=l&cat=p&typeid=i","cat":284494},{"id":47593,"n":"Yaourts Mamie Nova Chocolat - 2x150g","p":1.31,"u":"4,37 €/KG","img":"https://fd16-photos.leclercdrive.fr/image.ashx?id=2909029&use=l&cat=p&typeid=i","cat":285041},{"id":47594,"n":"Yaourts Mamie Nova  Café - 2x150g","p":1.32,"u":"4,40 €/KG","img":"https://fd16-photos.leclercdrive.fr/image.ashx?id=2909035&use=l&cat=p&typeid=i","cat":285041},{"id":47646,"n":"Pâtes Macaroni Panzani  3 Minutes - 500G","p":1.24,"u":"2,48 €/KG","img":"https://fd16-photos.leclercdrive.fr/image.ashx?id=2896081&use=l&cat=p&typeid=i","cat":284427},{"id":47667,"n":"Pâtes Penne Rigate Panzani 3 Minutes - 500G","p":1.2,"u":"2,40 €/KG","img":"https://fd16-photos.leclercdrive.fr/image.ashx?id=2896087&use=l&cat=p&typeid=i","cat":284427},{"id":47668,"n":"Pâtes Spaghetti Panzani Prêt en 3 min - 1kg","p":2.23,"u":"2,23 €/KG","img":"https://fd16-photos.leclercdrive.fr/image.ashx?id=2896102&use=l&cat=p&typeid=i","cat":284427},{"id":47681,"n":"Sauce pizza Turini aux tomates et origan - 390g","p":0.99,"u":"2,54 €/KG","img":"https://fd16-photos.leclercdrive.fr/image.ashx?id=2412025&use=l&cat=p&typeid=i","cat":288384},{"id":47686,"n":"Fromage Spécialité Babybel Maxi - 200g","p":2.17,"u":"10,85 €/KG","img":"https://fd16-photos.leclercdrive.fr/image.ashx?id=2806913&use=l&cat=p&typeid=i","cat":314030},{"id":47718,"n":"Boisson gourmande PAGO Cocktail Tropical Vitaminé - 75cl","p":1.82,"u":"2,43 €/L","img":"https://fd16-photos.leclercdrive.fr/image.ashx?id=2861854&use=l&cat=p&typeid=i","cat":284917},{"id":47722,"n":"Compotes Pom'Potes Gourdes  Pomme Nature - 12x90g","p":4.7,"u":"4,35 €/KG","img":"https://fd16-photos.leclercdrive.fr/image.ashx?id=2968082&use=l&cat=p&typeid=i","cat":284508},{"id":47726,"n":"Bière Red Desperados 5.9%vol. - 3x33cl","p":5.12,"u":"5,17 €/L","img":"https://fd16-photos.leclercdrive.fr/image.ashx?id=2918640&use=l&cat=p&typeid=i","cat":334878},{"id":47795,"n":"Papier toilette humide Lotus Aloe Douceur - x42 feuilles","p":1.78,"u":"0,04 €/P","img":"https://fd16-photos.leclercdrive.fr/image.ashx?id=2864840&use=l&cat=p&typeid=i","cat":284634},{"id":47796,"n":"Papier toilette humide Lotus Pure - x42 feuilles","p":1.65,"u":"0,04 €/P","img":"https://fd16-photos.leclercdrive.fr/image.ashx?id=2866070&use=l&cat=p&typeid=i","cat":284634},{"id":47797,"n":"Papier toilette Lotus Confort Blanc - Aquatube - x12","p":4.01,"u":"0,33 €/P","img":"https://fd16-photos.leclercdrive.fr/image.ashx?id=3002213&use=l&cat=p&typeid=i","cat":284634},{"id":47807,"n":"Boisson Sunny Delight Multivitamines - 1,25L","p":2.42,"u":"1,94 €/L","img":"https://fd16-photos.leclercdrive.fr/image.ashx?id=2309948&use=l&cat=p&typeid=i","cat":285435},{"id":47812,"n":"Shampooing Gliss Ultimate  Cheveux sec flacon - 250ml","p":2.15,"u":"8,60 €/L","img":"https://fd16-photos.leclercdrive.fr/image.ashx?id=2868933&use=l&cat=p&typeid=i","cat":284606},{"id":47843,"n":"Cordon bleu poulet Maître Coq 1kg","p":6.32,"u":"6,32 €/KG","img":"https://fd16-photos.leclercdrive.fr/image.ashx?id=2939475&use=l&cat=p&typeid=i","cat":319780},{"id":47865,"n":"Apéritif Lillet Rosé à base de vin 17% vol 75cl","p":12.89,"u":"17,19 €/L","img":"https://fd16-photos.leclercdrive.fr/image.ashx?id=2946493&use=l&cat=p&typeid=i","cat":304569},{"id":47866,"n":"Apéritif Lillet Blanc à base de vin 17% vol 75cl","p":12.73,"u":"16,97 €/L","img":"https://fd16-photos.leclercdrive.fr/image.ashx?id=2998922&use=l&cat=p&typeid=i","cat":304569},{"id":48007,"n":"Vin mousseux de France Kriter blanc Demi-sec - 75cl","p":4.85,"u":"6,47 €/L","img":"https://fd16-photos.leclercdrive.fr/image.ashx?id=2840871&use=l&cat=p&typeid=i","cat":284544},{"id":48029,"n":"Sirop Moulin de Valdonne Pêche blanche - 70cl","p":3.38,"u":"4,83 €/L","img":"https://fd16-photos.leclercdrive.fr/image.ashx?id=2842678&use=l&cat=p&typeid=i","cat":295020},{"id":48030,"n":"Bâtonnets surimi Fleury Michon  Fromage et herbes MSC x16 -256g","p":3.41,"u":"13,32 €/KG","img":"https://fd16-photos.leclercdrive.fr/image.ashx?id=2936944&use=l&cat=p&typeid=i","cat":285189},{"id":48055,"n":"Hachis parmentier Marie  1kg","p":5.53,"u":"5,53 €/KG","img":"https://fd16-photos.leclercdrive.fr/image.ashx?id=2993385&use=l&cat=p&typeid=i","cat":284254},{"id":48083,"n":"Miel liquide Lune de Miel Doux et frais - 340g","p":4.25,"u":"12,50 €/KG","img":"https://fd16-photos.leclercdrive.fr/image.ashx?id=2019198&use=l&cat=p&typeid=i","cat":287643},{"id":48115,"n":"Huile fondue Soleou Bourguignonne - 1L","p":3.7,"u":"3,70 €/L","img":"https://fd16-photos.leclercdrive.fr/image.ashx?id=2564710&use=l&cat=p&typeid=i","cat":284453},{"id":48118,"n":"Whisky Glenmorangie Original 10ans - 40%vol - 70cl","p":31.56,"u":"45,09 €/L","img":"https://fd16-photos.leclercdrive.fr/image.ashx?id=2525408&use=l&cat=p&typeid=i","cat":284547},{"id":48200,"n":"Rillettes de poulet rôti Bordeau Chesnel - 220g","p":2.36,"u":"10,73 €/KG","img":"https://fd16-photos.leclercdrive.fr/image.ashx?id=2855046&use=l&cat=p&typeid=i","cat":316008},{"id":48203,"n":"Olives vertes Croc'frais A l'orientale Dénoyautées 200g","p":2.98,"u":"14,90 €/KG","img":"https://fd16-photos.leclercdrive.fr/image.ashx?id=2833702&use=l&cat=p&typeid=i","cat":316002},{"id":48267,"n":"Rhum ambré Saint James 45%vol - 70cl","p":14.19,"u":"20,27 €/L","img":"https://fd16-photos.leclercdrive.fr/image.ashx?id=2970945&use=l&cat=p&typeid=i","cat":284550},{"id":48268,"n":"Gin Gordon's 37.5%vol - 70cl","p":13.48,"u":"19,26 €/L","img":"https://fd16-photos.leclercdrive.fr/image.ashx?id=2736388&use=l&cat=p&typeid=i","cat":284550},{"id":48272,"n":"Liqueur de menthe Get 31 24° - 70cl","p":13.22,"u":"18,89 €/L","img":"https://fd16-photos.leclercdrive.fr/image.ashx?id=2840497&use=l&cat=p&typeid=i","cat":286032},{"id":48294,"n":"Rillettes du Mans La Véritable Bordeau Chesnel - 110g","p":1.92,"u":"17,45 €/KG","img":"https://fd16-photos.leclercdrive.fr/image.ashx?id=1933083&use=l&cat=p&typeid=i","cat":316008},{"id":48302,"n":"Sandwich triangle Daunat Poulet rôti mayonnaise - 160g","p":1.46,"u":"9,13 €/KG","img":"https://fd16-photos.leclercdrive.fr/image.ashx?id=2894257&use=l&cat=p&typeid=i","cat":333658},{"id":48306,"n":"IGP Pays d'Oc rosé Grenache Les Ormes de Cambras 11.5% 75cl","p":3.15,"u":"4,20 €/L","img":"https://fd16-photos.leclercdrive.fr/image.ashx?id=2285234&use=l&cat=p&typeid=i","cat":289558},{"id":48309,"n":"Bière aromatisée Skøll Vodka et agrumes - 3x33cl","p":4.19,"u":"4,23 €/L","img":"https://fd16-photos.leclercdrive.fr/image.ashx?id=2803556&use=l&cat=p&typeid=i","cat":334878},{"id":48310,"n":"Concentré à diluer Pulco Citron vert - 70cl","p":2.55,"u":"3,64 €/L","img":"https://fd16-photos.leclercdrive.fr/image.ashx?id=2686630&use=l&cat=p&typeid=i","cat":295020},{"id":48311,"n":"Concentré à diluer Pulco Orange Citron - 70cl","p":2.65,"u":"3,79 €/L","img":"https://fd16-photos.leclercdrive.fr/image.ashx?id=2686633&use=l&cat=p&typeid=i","cat":295020},{"id":48314,"n":"Spécialité laitière Délisse Oncteux Stracciatella - 4x120g","p":1.76,"u":"3,67 €/KG","img":"https://fd16-photos.leclercdrive.fr/image.ashx?id=2554834&use=l&cat=p&typeid=i","cat":314999},{"id":48315,"n":"Riz au lait Délisse Sur lit de caramel - 4x115g","p":1.69,"u":"3,67 €/KG","img":"https://fd16-photos.leclercdrive.fr/image.ashx?id=2595110&use=l&cat=p&typeid=i","cat":284418},{"id":48348,"n":"Chocolat au lait Lindt Création Caramel - 150g","p":3.14,"u":"20,93 €/KG","img":"https://fd16-photos.leclercdrive.fr/image.ashx?id=2685814&use=l&cat=p&typeid=i","cat":284497},{"id":48353,"n":"Tablette de chocolat noir Lindt 70% cacao - 100g","p":2.24,"u":"22,40 €/KG","img":"https://fd16-photos.leclercdrive.fr/image.ashx?id=2681592&use=l&cat=p&typeid=i","cat":284956},{"id":48383,"n":"Gel Lubrifiant Massage 2 en 1 Durex Sensuel Ylang Ylang 200ml","p":6.95,"u":"34,75 €/L","img":"https://fd16-photos.leclercdrive.fr/image.ashx?id=2736562&use=l&cat=p&typeid=i","cat":285160},{"id":48392,"n":"Boules en cire naturelle Quies x12 paires","p":4.28,"u":"0,36 €/P","img":"https://fd16-photos.leclercdrive.fr/image.ashx?id=2159502&use=l&cat=p&typeid=i","cat":284630},{"id":48419,"n":"AOP Alsace Riesling blanc Wolfberger - 75cl","p":6.5,"pp":4.87,"u":"6,49 €/L","img":"https://fd16-photos.leclercdrive.fr/image.ashx?id=2905357&use=l&cat=p&typeid=i","cat":289557},{"id":48508,"n":"Ketchup AMORA Flacon Souple - 550g","p":1.5,"u":"2,73 €/KG","img":"https://fd16-photos.leclercdrive.fr/image.ashx?id=2766649&use=l&cat=p&typeid=i","cat":284455},{"id":48525,"n":"Tomato Ketchup Heinz - 700g","p":2.69,"u":"3,84 €/KG","img":"https://fd16-photos.leclercdrive.fr/image.ashx?id=2729326&use=l&cat=p&typeid=i","cat":284455},{"id":48545,"n":"Biscuits petit beurre LU 400g","p":2.17,"u":"5,43 €/KG","img":"https://fd16-photos.leclercdrive.fr/image.ashx?id=2119376&use=l&cat=p&typeid=i","cat":284487},{"id":48573,"n":"Barre Chocolat au Lait KitKat x10 barres - 415g","p":4.9,"u":"1,18 €/L","img":"https://fd16-photos.leclercdrive.fr/image.ashx?id=2905045&use=l&cat=p&typeid=i","cat":284498},{"id":48589,"n":"Lait bébé poudre Gallia Calisma croissance Dès 12 mois 1,2kg","p":15.41,"u":"12,84 €/KG","img":"https://fd16-photos.leclercdrive.fr/image.ashx?id=2973553&use=l&cat=p&typeid=i","cat":290219},{"id":48603,"n":"Farine de blé Francine 1,4kg","p":1.54,"u":"1,10 €/KG","img":"https://fd16-photos.leclercdrive.fr/image.ashx?id=2881308&use=l&cat=p&typeid=i","cat":284503},{"id":48604,"n":"Farine fluide Francine 1.4kg","p":1.61,"u":"1,15 €/KG","img":"https://fd16-photos.leclercdrive.fr/image.ashx?id=2881305&use=l&cat=p&typeid=i","cat":284503},{"id":48611,"n":"Plat bébé soir Blédiner 12 mois Pâtes légumes - 2x200g","p":2.42,"u":"6,05 €/KG","img":"https://fd16-photos.leclercdrive.fr/image.ashx?id=2975068&use=l&cat=p&typeid=i","cat":312239},{"id":48646,"n":"Soda à l'orange Orangina Sans Sucres - 6x33cl","p":3.61,"u":"1,82 €/L","img":"https://fd16-photos.leclercdrive.fr/image.ashx?id=2946931&use=l&cat=p&typeid=i","cat":284532},{"id":48697,"n":"Sachet chat Purina One Sterillcat - 8x85g","p":3.89,"u":"5,72 €/KG","img":"https://fd16-photos.leclercdrive.fr/image.ashx?id=2899695&use=l&cat=p&typeid=i","cat":285286},{"id":48698,"n":"Croquettes chat Purina One Stérilisé/Intérieur-Poulet1.5kg","p":6.7,"u":"4,47 €/KG","img":"https://fd16-photos.leclercdrive.fr/image.ashx?id=2681257&use=l&cat=p&typeid=i","cat":284680},{"id":48704,"n":"Boîte chat Whiskas Gelée du pêcheur - 4x390g","p":4.6,"u":"2,95 €/KG","img":"https://fd16-photos.leclercdrive.fr/image.ashx?id=2759622&use=l&cat=p&typeid=i","cat":285601},{"id":48725,"n":"Légumes pour Couscous D'Aucy Orientale - 800g","p":1.75,"u":"2,19 €/KG","img":"https://fd16-photos.leclercdrive.fr/image.ashx?id=2577800&use=l&cat=p&typeid=i","cat":312612},{"id":48745,"n":"Chocolat Pâtissier Nestlé Dessert Lait - 170g","p":3.01,"u":"17,71 €/KG","img":"https://fd16-photos.leclercdrive.fr/image.ashx?id=2961242&use=l&cat=p&typeid=i","cat":285562},{"id":48817,"n":"Lait sucré Régilait Caramel beurre salé - 300g","p":2.87,"u":"9,57 €/KG","img":"https://fd16-photos.leclercdrive.fr/image.ashx?id=2018640&use=l&cat=p&typeid=i","cat":299162},{"id":48822,"n":"Friandises chat Catisfactions Saumon - 180g","p":3.19,"u":"17,72 €/KG","img":"https://fd16-photos.leclercdrive.fr/image.ashx?id=2912527&use=l&cat=p&typeid=i","cat":285285},{"id":48839,"n":"Lait concentré Régilait Non sucré, demi écrémé - 410g","p":1.55,"u":"3,78 €/KG","img":"https://fd16-photos.leclercdrive.fr/image.ashx?id=2405863&use=l&cat=p&typeid=i","cat":299162},{"id":48843,"n":"Préparation gâteau Nestlé Fondant chocolat - 317g","p":4.97,"u":"15,68 €/KG","img":"https://fd16-photos.leclercdrive.fr/image.ashx?id=2848379&use=l&cat=p&typeid=i","cat":284505},{"id":48844,"n":"Préparation gâteau Nestlé Moelleux chocolat - 344g","p":5.03,"u":"14,62 €/KG","img":"https://fd16-photos.leclercdrive.fr/image.ashx?id=2848376&use=l&cat=p&typeid=i","cat":284505},{"id":48877,"n":"Récré O'lé Mont Blanc - 12x85g Choco/Caramel/Biscuit/Brownie","p":5.71,"u":"5,60 €/KG","img":"https://fd16-photos.leclercdrive.fr/image.ashx?id=3011608&use=l&cat=p&typeid=i","cat":284506},{"id":48900,"n":"Corned beef gelée Dolo 340g","p":3.69,"u":"10,85 €/KG","img":"https://fd16-photos.leclercdrive.fr/image.ashx?id=3008047&use=l&cat=p&typeid=i","cat":305149},{"id":48915,"n":"Sauce Arôme Maggi 1kg","p":6.32,"u":"6,32 €/KG","img":"https://fd16-photos.leclercdrive.fr/image.ashx?id=2785352&use=l&cat=p&typeid=i","cat":288379},{"id":48993,"n":"Sauce Samouraï Colona Tube - 500ml","p":2.93,"u":"5,86 €/L","img":"https://fd16-photos.leclercdrive.fr/image.ashx?id=2687167&use=l&cat=p&typeid=i","cat":318431},{"id":49018,"n":"Beurre Moulé Paysan Breton Sel de guérande - 80% MG - 250g","p":3.35,"u":"13,40 €/KG","img":"https://fd16-photos.leclercdrive.fr/image.ashx?id=2869035&use=l&cat=p&typeid=i","cat":284379},{"id":49050,"n":"Boisson gazeuse Sprink's Sans alcool - Mojito - 1.5L","p":1.75,"u":"1,17 €/L","img":"https://fd16-photos.leclercdrive.fr/image.ashx?id=2925976&use=l&cat=p&typeid=i","cat":284531},{"id":49059,"n":"Piles Tech+ Foxter AAA/LR3 1,5V - x8","p":2.99,"img":"https://fd16-photos.leclercdrive.fr/image.ashx?id=2162327&use=l&cat=p&typeid=i","cat":300572},{"id":49070,"n":"Préparation gâteau Nestlé Coeur fondant - 305g","p":3.84,"u":"12,59 €/KG","img":"https://fd16-photos.leclercdrive.fr/image.ashx?id=2848385&use=l&cat=p&typeid=i","cat":284505},{"id":49077,"n":"Biscuit P'tit Deli  Chocolat lait - 150g","p":1.58,"u":"10,53 €/KG","img":"https://fd16-photos.leclercdrive.fr/image.ashx?id=2529605&use=l&cat=p&typeid=i","cat":284488},{"id":49078,"n":"Gaufrette P'tit Déli  Chocolat lait - 125g","p":1.29,"u":"10,32 €/KG","img":"https://fd16-photos.leclercdrive.fr/image.ashx?id=2858839&use=l&cat=p&typeid=i","cat":284490},{"id":49080,"n":"Gâteau fourré fraise P'tit Deli Lapin - 140g","p":1.14,"u":"8,14 €/KG","img":"https://fd16-photos.leclercdrive.fr/image.ashx?id=2671411&use=l&cat=p&typeid=i","cat":284495},{"id":49082,"n":"Gâteau fourré P'tit Deli Tout chocolat, lapin - 140g","p":1.3,"u":"9,29 €/KG","img":"https://fd16-photos.leclercdrive.fr/image.ashx?id=2211200&use=l&cat=p&typeid=i","cat":284495},{"id":49083,"n":"Biscuit palmier feuilleté Eco+ 100g","p":0.42,"u":"4,20 €/KG","img":"https://fd16-photos.leclercdrive.fr/image.ashx?id=2768016&use=l&cat=p&typeid=i","cat":284487},{"id":49131,"n":"Gin Bombay Sapphire 40° - 70cl","p":22.33,"u":"31,90 €/L","img":"https://fd16-photos.leclercdrive.fr/image.ashx?id=2842879&use=l&cat=p&typeid=i","cat":284550},{"id":49132,"n":"Gin Tanqueray 43.1%vol - 70cl","p":18.63,"u":"26,61 €/L","img":"https://fd16-photos.leclercdrive.fr/image.ashx?id=2414906&use=l&cat=p&typeid=i","cat":284550},{"id":49290,"n":"Protège-slips Vania Confort Flexiform Fresh - x28","p":1.56,"u":"0,06 €/P","img":"https://fd16-photos.leclercdrive.fr/image.ashx?id=2685123&use=l&cat=p&typeid=i","cat":284625},{"id":49294,"n":"Cotons Démaquillants Demak'Up Original - x105","p":1.53,"u":"0,01 €/P","img":"https://fd16-photos.leclercdrive.fr/image.ashx?id=2745274&use=l&cat=p&typeid=i","cat":284636},{"id":49296,"n":"Barre Chocolat au Lait Lion x10 barres - 420g","p":3.95,"u":"9,40 €/KG","img":"https://fd16-photos.leclercdrive.fr/image.ashx?id=2736988&use=l&cat=p&typeid=i","cat":284498},{"id":49298,"n":"Biscuits croquant Nutella &Go! Pâte à tartiner x2 packs - 104g","p":2.19,"u":"21,06 €/KG","img":"https://fd16-photos.leclercdrive.fr/image.ashx?id=2737240&use=l&cat=p&typeid=i","cat":284488},{"id":49304,"n":"Détachant Vanish  Powergel - 200ml","p":3.82,"u":"19,10 €/L","img":"https://fd16-photos.leclercdrive.fr/image.ashx?id=2587861&use=l&cat=p&typeid=i","cat":284651},{"id":49327,"n":"Déodorant Bille Homme Nivea Men Black&White Original - 50ml","p":1.97,"u":"39,40 €/L","img":"https://fd16-photos.leclercdrive.fr/image.ashx?id=2165815&use=l&cat=p&typeid=i","cat":284618},{"id":49333,"n":"Déodorant bille Men Expert Carbon Protection 48h - 50ml","p":2.55,"u":"51,00 €/L","img":"https://fd16-photos.leclercdrive.fr/image.ashx?id=2394561&use=l&cat=p&typeid=i","cat":284618},{"id":49340,"n":"Cornichons Eco+ Au vinaigre - 190g","p":0.88,"u":"4,63 €/KG","img":"https://fd16-photos.leclercdrive.fr/image.ashx?id=2974711&use=l&cat=p&typeid=i","cat":284458},{"id":49342,"n":"Moutarde Eco+ Forte au vinaigre - 850g","p":1.66,"u":"1,95 €/KG","img":"https://fd16-photos.leclercdrive.fr/image.ashx?id=2954325&use=l&cat=p&typeid=i","cat":288850},{"id":49344,"n":"Poivrons piquillos Olabe 225g","p":2.22,"u":"9,87 €/KG","img":"https://fd16-photos.leclercdrive.fr/image.ashx?id=2552039&use=l&cat=p&typeid=i","cat":312608},{"id":49494,"n":"Snack soufflés bacon Tokapi Lot - 4x85g","p":2.72,"u":"8,00 €/KG","img":"https://fd16-photos.leclercdrive.fr/image.ashx?id=2691384&use=l&cat=p&typeid=i","cat":284449},{"id":49495,"n":"Soufflés Tornades Tokapi Fromage- 4x85g","p":2.88,"u":"8,47 €/KG","img":"https://fd16-photos.leclercdrive.fr/image.ashx?id=2982631&use=l&cat=p&typeid=i","cat":284449},{"id":49497,"n":"Soufflés Tornades Tokapi Paprika- 4x85g","p":2.92,"u":"8,59 €/KG","img":"https://fd16-photos.leclercdrive.fr/image.ashx?id=2982628&use=l&cat=p&typeid=i","cat":284449},{"id":49567,"n":"Diabolo grenadine Sprink's Bouteille - 1.5L","p":1.69,"u":"1,13 €/L","img":"https://fd16-photos.leclercdrive.fr/image.ashx?id=2901461&use=l&cat=p&typeid=i","cat":284532},{"id":49575,"n":"Boisson énergisante Monster Energy Mixxd Punch - 50CL","p":1.47,"u":"2,94 €/L","img":"https://fd16-photos.leclercdrive.fr/image.ashx?id=2206172&use=l&cat=p&typeid=i","cat":284533},{"id":49596,"n":"Café dosettes Tassimo L'Or Espresso Décaféiné x16","p":4.89,"u":"46,13 €/KG","img":"https://fd16-photos.leclercdrive.fr/image.ashx?id=2662090&use=l&cat=p&typeid=i","cat":293240},{"id":49624,"n":"Vin Union Européenne rosé Champlure - BIB 5L","p":13.8,"u":"2,76 €/L","img":"https://fd16-photos.leclercdrive.fr/image.ashx?id=2552523&use=l&cat=p&typeid=i","cat":289560},{"id":49632,"n":"Pain de mie 100% Mie Harrys Nature Longue conservation 325g","p":2.03,"u":"6,25 €/KG","img":"https://fd16-photos.leclercdrive.fr/image.ashx?id=2469647&use=l&cat=p&typeid=i","cat":284477},{"id":49649,"n":"Sauce Tomate Cuisinée Heinz Ail & Oignon x2 - 210g","p":1.52,"u":"3,62 €/KG","img":"https://fd16-photos.leclercdrive.fr/image.ashx?id=2926990&use=l&cat=p&typeid=i","cat":288384},{"id":49667,"n":"Sauceline Maïzena 250g","p":1.97,"u":"7,88 €/KG","img":"https://fd16-photos.leclercdrive.fr/image.ashx?id=2915673&use=l&cat=p&typeid=i","cat":288382},{"id":49674,"n":"Fécule de pomme de terre Tipiak Substitut de farine - 250g","p":0.82,"u":"3,28 €/KG","img":"https://fd16-photos.leclercdrive.fr/image.ashx?id=2563487&use=l&cat=p&typeid=i","cat":288382},{"id":49681,"n":"Yaourt La Laitière Nature - 4x125g","p":1.79,"u":"3,58 €/KG","img":"https://fd16-photos.leclercdrive.fr/image.ashx?id=3007978&use=l&cat=p&typeid=i","cat":284409},{"id":49682,"n":"Yaourt La Laitière Vanille - 4x125g","p":1.97,"u":"3,94 €/KG","img":"https://fd16-photos.leclercdrive.fr/image.ashx?id=2650393&use=l&cat=p&typeid=i","cat":286006},{"id":49761,"n":"Déodorant masculin Williams Stick Ice blue - 75ml","p":2.7,"u":"36,00 €/L","img":"https://fd16-photos.leclercdrive.fr/image.ashx?id=2774742&use=l&cat=p&typeid=i","cat":284618},{"id":49800,"n":"Chorizo doux César Moroni   200g","p":2.8,"u":"14,00 €/KG","img":"https://fd16-photos.leclercdrive.fr/image.ashx?id=2854420&use=l&cat=p&typeid=i","cat":316006},{"id":49803,"n":"Chorizo fort César Moroni   200g","p":2.89,"u":"14,45 €/KG","img":"https://fd16-photos.leclercdrive.fr/image.ashx?id=2947841&use=l&cat=p&typeid=i","cat":316006},{"id":49806,"n":"Planteur des îles Caraibos Sans alcool - 75cl","p":2.19,"u":"2,92 €/L","img":"https://fd16-photos.leclercdrive.fr/image.ashx?id=3011290&use=l&cat=p&typeid=i","cat":284916},{"id":49825,"n":"Croco Pik Haribo  Sachet bonbons acidulés - 275g","p":1.69,"u":"6,15 €/KG","img":"https://fd16-photos.leclercdrive.fr/image.ashx?id=2802350&use=l&cat=p&typeid=i","cat":304250},{"id":49828,"n":"Happy Life Haribo Sachet bonbons - 275g","p":1.52,"u":"5,53 €/KG","img":"https://fd16-photos.leclercdrive.fr/image.ashx?id=2803577&use=l&cat=p&typeid=i","cat":304250},{"id":49832,"n":"Dragibus Pik Haribo Sachet bonbons - 230g","p":1.89,"u":"8,22 €/KG","img":"https://fd16-photos.leclercdrive.fr/image.ashx?id=2984907&use=l&cat=p&typeid=i","cat":304250},{"id":49845,"n":"Jus multifruits Jafaden Brique, ABC - 2L","p":2.65,"u":"1,33 €/L","img":"https://fd16-photos.leclercdrive.fr/image.ashx?id=2759220&use=l&cat=p&typeid=i","cat":284917},{"id":49851,"n":"Limonade Sprink's 1.5L","p":0.95,"u":"0,63 €/L","img":"https://fd16-photos.leclercdrive.fr/image.ashx?id=2954103&use=l&cat=p&typeid=i","cat":284531},{"id":49900,"n":"Feuilletés fromage fondu Eco+ 650g","p":1.61,"u":"2,48 €/KG","img":"https://fd16-photos.leclercdrive.fr/image.ashx?id=2079792&use=l&cat=p&typeid=i","cat":319776},{"id":49960,"n":"Café en Grains Carte Noire  Arabica Classique - 250g","p":6.15,"u":"24,60 €/KG","img":"https://fd16-photos.leclercdrive.fr/image.ashx?id=2980136&use=l&cat=p&typeid=i","cat":293237},{"id":49980,"n":"Soupe liquide Liebig  Légumes poêlés - Brique 1L","p":3.15,"u":"3,15 €/L","img":"https://fd16-photos.leclercdrive.fr/image.ashx?id=2729941&use=l&cat=p&typeid=i","cat":284462},{"id":49981,"n":"Velouté Liebig Légumes du soleil - 1L","p":2.8,"u":"2,80 €/L","img":"https://fd16-photos.leclercdrive.fr/image.ashx?id=2750991&use=l&cat=p&typeid=i","cat":284462},{"id":50029,"n":"Biscuit apéritif ancel Sticks Bretzels - 137g","p":1.56,"u":"11,39 €/KG","img":"https://fd16-photos.leclercdrive.fr/image.ashx?id=2895181&use=l&cat=p&typeid=i","cat":297000},{"id":50052,"n":"Lait bébé en poudre Galliagest croissance Dès 12 mois 900g","p":13.64,"u":"15,16 €/KG","img":"https://fd16-photos.leclercdrive.fr/image.ashx?id=2616844&use=l&cat=p&typeid=i","cat":290219},{"id":50071,"n":"Soupe Douceur Knorr 8 légumes - 30cl","p":1.38,"u":"4,60 €/L","img":"https://fd16-photos.leclercdrive.fr/image.ashx?id=2738026&use=l&cat=p&typeid=i","cat":284462},{"id":50072,"n":"Soupe Liquide Douceur Knorr 8 légumes à la crème - 50cl","p":1.64,"u":"3,28 €/L","img":"https://fd16-photos.leclercdrive.fr/image.ashx?id=2738023&use=l&cat=p&typeid=i","cat":284462},{"id":50106,"n":"Nems au Porc Tables du Monde x4 - 280g","p":1.76,"u":"6,29 €/KG","img":"https://fd16-photos.leclercdrive.fr/image.ashx?id=2657957&use=l&cat=p&typeid=i","cat":333673},{"id":50132,"n":"Compotes Pom'Potes Gourdes  Multivariétés Inédits - 12x90g","p":5.56,"u":"5,15 €/KG","img":"https://fd16-photos.leclercdrive.fr/image.ashx?id=2870170&use=l&cat=p&typeid=i","cat":284508},{"id":50133,"n":"Dessert fruitier Andros Pomme, morceaux- 695g","p":2.45,"u":"3,53 €/KG","img":"https://fd16-photos.leclercdrive.fr/image.ashx?id=2397770&use=l&cat=p&typeid=i","cat":284508},{"id":50135,"n":"Lingettes Textil Anti-transfert - x40","p":3.71,"u":"0,09 €/P","img":"https://fd16-photos.leclercdrive.fr/image.ashx?id=2964574&use=l&cat=p&typeid=i","cat":290450},{"id":50211,"n":"Pain Bruschetta La Boulangère 400g","p":2.61,"u":"6,53 €/KG","img":"https://fd16-photos.leclercdrive.fr/image.ashx?id=2912404&use=l&cat=p&typeid=i","cat":284985},{"id":50214,"n":"Laque  Fixation forte - 75ml","p":1.29,"u":"17,20 €/L","img":"https://fd16-photos.leclercdrive.fr/image.ashx?id=2616745&use=l&cat=p&typeid=i","cat":284609},{"id":50215,"n":"Huile sublime  Vitanove Cheveux sec - 150ml","p":2.99,"u":"19,93 €/L","img":"https://fd16-photos.leclercdrive.fr/image.ashx?id=2209720&use=l&cat=p&typeid=i","cat":284608},{"id":50218,"n":"Tronches de Cake St Michel 175g","p":1.77,"u":"10,11 €/KG","img":"https://fd16-photos.leclercdrive.fr/image.ashx?id=2949946&use=l&cat=p&typeid=i","cat":284495},{"id":50224,"n":"Cookies Milka Pépites de chocolat - 168g","p":1.59,"u":"9,46 €/KG","img":"https://fd16-photos.leclercdrive.fr/image.ashx?id=3002285&use=l&cat=p&typeid=i","cat":325066},{"id":50225,"n":"Biscuits Choco suprême Milka Chocolat - 180g","p":2.35,"u":"13,06 €/KG","img":"https://fd16-photos.leclercdrive.fr/image.ashx?id=2990991&use=l&cat=p&typeid=i","cat":284488},{"id":50226,"n":"Biscuits sablés Granola Chocolat au lait - 3x200g","p":4.29,"u":"7,15 €/KG","img":"https://fd16-photos.leclercdrive.fr/image.ashx?id=3009125&use=l&cat=p&typeid=i","cat":284488},{"id":50231,"n":"Biscuit Dinosaurus Lotus Chocolat au lait - 225g","p":2.07,"u":"9,20 €/KG","img":"https://fd16-photos.leclercdrive.fr/image.ashx?id=2859815&use=l&cat=p&typeid=i","cat":284488},{"id":50253,"n":"Soda Sprink's Lemon - 1.5L","p":1.45,"u":"0,97 €/L","img":"https://fd16-photos.leclercdrive.fr/image.ashx?id=2956738&use=l&cat=p&typeid=i","cat":284532},{"id":50256,"n":"Soda Sprink's Lemon Lime - 1.5L","p":0.99,"u":"0,66 €/L","img":"https://fd16-photos.leclercdrive.fr/image.ashx?id=2913736&use=l&cat=p&typeid=i","cat":284532},{"id":50262,"n":"Kebab de poulet Fleury Michon Semoule à l'orientale - 280g","p":2.99,"u":"10,68 €/KG","img":"https://fd16-photos.leclercdrive.fr/image.ashx?id=2680167&use=l&cat=p&typeid=i","cat":333665},{"id":50359,"n":"Après rasage Mennen Green tonic - 125ml","p":3.93,"u":"31,44 €/L","img":"https://fd16-photos.leclercdrive.fr/image.ashx?id=2633872&use=l&cat=p&typeid=i","cat":288147},{"id":50360,"n":"Mousse à Raser Nivea Men Peaux Sensibles - 200 ml","p":2.49,"u":"12,45 €/L","img":"https://fd16-photos.leclercdrive.fr/image.ashx?id=3005212&use=l&cat=p&typeid=i","cat":284617},{"id":50362,"n":"Gel à Raser Nivea Men Peaux Sensibles - 200ml","p":2.29,"u":"11,45 €/L","img":"https://fd16-photos.leclercdrive.fr/image.ashx?id=2945724&use=l&cat=p&typeid=i","cat":284617},{"id":50458,"n":"Fromage Roucoulons Fromagerie Milleret- 220g","p":2.76,"u":"12,55 €/KG","img":"https://fd16-photos.leclercdrive.fr/image.ashx?id=2450922&use=l&cat=p&typeid=i","cat":329558},{"id":50459,"n":"Fromage à Tartiner St Môret  Nature - 150g","p":2.02,"u":"13,47 €/KG","img":"https://fd16-photos.leclercdrive.fr/image.ashx?id=2755468&use=l&cat=p&typeid=i","cat":314029},{"id":50485,"n":"Sirop Frucci Sans sucres - 75cl","p":2.39,"u":"3,19 €/L","img":"https://fd16-photos.leclercdrive.fr/image.ashx?id=2956735&use=l&cat=p&typeid=i","cat":295020},{"id":50491,"n":"Bière blanche Hoegaarden 4,9% - 6x25cl","p":4.56,"u":"3,04 €/L","img":"https://fd16-photos.leclercdrive.fr/image.ashx?id=2963922&use=l&cat=p&typeid=i","cat":334878},{"id":50508,"n":"Soin yeux L'Oréal Paris  Revitalift anti-rides  - 15ml","p":14.96,"u":"997,33 €/L","img":"https://fd16-photos.leclercdrive.fr/image.ashx?id=2867524&use=l&cat=p&typeid=i","cat":325345},{"id":50524,"n":"Crème soin Nivea visage Sensitive soin de jour - 50ml","p":4.39,"u":"87,80 €/L","img":"https://fd16-photos.leclercdrive.fr/image.ashx?id=2221581&use=l&cat=p&typeid=i","cat":325345},{"id":50530,"n":"Bonbons Tic Tac Acidulé Fruit du dragon - x100 - 49g","p":1.96,"u":"40,00 €/KG","img":"https://fd16-photos.leclercdrive.fr/image.ashx?id=2985597&use=l&cat=p&typeid=i","cat":304256},{"id":50548,"n":"Lait de croissance Lactel Nature - 6x1L","p":11.11,"u":"1,85 €/L","img":"https://fd16-photos.leclercdrive.fr/image.ashx?id=2927438&use=l&cat=p&typeid=i","cat":284728},{"id":50568,"n":"Eau aromatisée Cristaline Jus de pêche - 1.5L","p":1.14,"u":"0,76 €/L","img":"https://fd16-photos.leclercdrive.fr/image.ashx?id=2344615&use=l&cat=p&typeid=i","cat":284537},{"id":50569,"n":"Boisson aromatisée Cristaline Jus de fruits tropical - 1.5L","p":1.12,"u":"0,75 €/L","img":"https://fd16-photos.leclercdrive.fr/image.ashx?id=2344618&use=l&cat=p&typeid=i","cat":284537},{"id":50570,"n":"Eau aromatisée Cristaline Fraise - 1.5L","p":1.09,"u":"0,73 €/L","img":"https://fd16-photos.leclercdrive.fr/image.ashx?id=2417255&use=l&cat=p&typeid=i","cat":284537},{"id":50573,"n":"Lait d'ici Demi-écrémé Bouteille - 6x1L","p":6.0,"u":"1,00 €/L","img":"https://fd16-photos.leclercdrive.fr/image.ashx?id=2767168&use=l&cat=p&typeid=i","cat":284377},{"id":50590,"n":"Lentilles préparées D'aucy  530g","p":1.61,"u":"3,04 €/KG","img":"https://fd16-photos.leclercdrive.fr/image.ashx?id=2560597&use=l&cat=p&typeid=i","cat":312609},{"id":50592,"n":"Pois chiches Sultanines 265g","p":0.93,"u":"3,51 €/KG","img":"https://fd16-photos.leclercdrive.fr/image.ashx?id=1920223&use=l&cat=p&typeid=i","cat":312609},{"id":50599,"n":"Crème soyeuse Bio Lait d'anesse So'Bio Etic - 50 ml","p":10.21,"u":"204,20 €/L","img":"https://fd16-photos.leclercdrive.fr/image.ashx?id=2906463&use=l&cat=p&typeid=i","cat":325345},{"id":50600,"n":"Crème onctueuse lait d'anesse Bio - So'Bio Etic - 50 ml","p":7.72,"u":"154,40 €/L","img":"https://fd16-photos.leclercdrive.fr/image.ashx?id=2909062&use=l&cat=p&typeid=i","cat":325345},{"id":50653,"n":"Blanc de dinde Eco+ 4 tranches - 180g","p":1.62,"u":"9,00 €/KG","img":"https://fd16-photos.leclercdrive.fr/image.ashx?id=2683631&use=l&cat=p&typeid=i","cat":316010},{"id":50662,"n":"Chocolat en poudre Nesquik Extra Choco - 600g","p":5.28,"u":"8,80 €/KG","img":"https://fd16-photos.leclercdrive.fr/image.ashx?id=3004438&use=l&cat=p&typeid=i","cat":293235},{"id":50673,"n":"Financier amandes Bonne Maman 250g","p":3.63,"u":"14,52 €/KG","img":"https://fd16-photos.leclercdrive.fr/image.ashx?id=2936176&use=l&cat=p&typeid=i","cat":284492},{"id":50676,"n":"Madeleine coquille St Michel  Oeuf plein air x24 - 600g","p":3.42,"u":"5,70 €/KG","img":"https://fd16-photos.leclercdrive.fr/image.ashx?id=2936197&use=l&cat=p&typeid=i","cat":284492},{"id":50683,"n":"Barre marbré  Ker Cadélac  Cacao - 500g","p":2.49,"u":"4,98 €/KG","img":"https://fd16-photos.leclercdrive.fr/image.ashx?id=2939508&use=l&cat=p&typeid=i","cat":294776},{"id":50687,"n":"Compotes Pom'Potes Gourdes  Multivariétés Inédits - 12x90g","p":6.12,"u":"5,67 €/KG","img":"https://fd16-photos.leclercdrive.fr/image.ashx?id=3010924&use=l&cat=p&typeid=i","cat":284508},{"id":50690,"n":"Brioche tressée Pasquier Tranchée nature - 500g","p":2.54,"u":"5,08 €/KG","img":"https://fd16-photos.leclercdrive.fr/image.ashx?id=2978706&use=l&cat=p&typeid=i","cat":284478},{"id":50705,"n":"Toasts ronds nature Jacquet - 250g","p":1.56,"u":"6,24 €/KG","img":"https://fd16-photos.leclercdrive.fr/image.ashx?id=2979602&use=l&cat=p&typeid=i","cat":285454},{"id":50706,"n":"Toasts foie gras ronds Jacquet - 250g","p":1.5,"u":"6,00 €/KG","img":"https://fd16-photos.leclercdrive.fr/image.ashx?id=2979599&use=l&cat=p&typeid=i","cat":285454},{"id":50710,"n":"Chocolats  Lindt Mignonnettes - 500g","p":13.55,"u":"27,10 €/KG","img":"https://fd16-photos.leclercdrive.fr/image.ashx?id=2209197&use=l&cat=p&typeid=i","cat":284499},{"id":50712,"n":"Biscuits Choco Pause Milka Chocolat au lait - 260g","p":1.45,"u":"5,58 €/KG","img":"https://fd16-photos.leclercdrive.fr/image.ashx?id=2192572&use=l&cat=p&typeid=i","cat":284488},{"id":50713,"n":"Biscuits Oreo Vanille / chocolat blanc - 246g","p":2.46,"u":"10,00 €/KG","img":"https://fd16-photos.leclercdrive.fr/image.ashx?id=2989447&use=l&cat=p&typeid=i","cat":284488},{"id":50715,"n":"Biscottes Gourmande Pelletier Goût brioché - 260g","p":2.24,"u":"8,62 €/KG","img":"https://fd16-photos.leclercdrive.fr/image.ashx?id=2961825&use=l&cat=p&typeid=i","cat":284479},{"id":50717,"n":"Gâche tranchée La Fournée Dorée Pépites de chocolat - 500g","p":2.85,"u":"5,70 €/KG","img":"https://fd16-photos.leclercdrive.fr/image.ashx?id=2347035&use=l&cat=p&typeid=i","cat":284478},{"id":50736,"n":"Blancs de poulet Eco+ 4 tranches - 180g","p":1.31,"u":"7,28 €/KG","img":"https://fd16-photos.leclercdrive.fr/image.ashx?id=2683634&use=l&cat=p&typeid=i","cat":316010},{"id":50739,"n":"Bacon fumé Eco+ 12 tranches - 150g","p":1.48,"u":"9,87 €/KG","img":"https://fd16-photos.leclercdrive.fr/image.ashx?id=2837111&use=l&cat=p&typeid=i","cat":316007},{"id":50767,"n":"Roti de porc Eco+ 5 tranches - 150g","p":1.79,"u":"11,93 €/KG","img":"https://fd16-photos.leclercdrive.fr/image.ashx?id=2706747&use=l&cat=p&typeid=i","cat":316009},{"id":50772,"n":"Epaule cuite sans couenne Eco+ 8 tranches - 360g","p":1.82,"u":"5,06 €/KG","img":"https://fd16-photos.leclercdrive.fr/image.ashx?id=2678577&use=l&cat=p&typeid=i","cat":316009},{"id":50773,"n":"Dés de jambon Eco+ 2x100G","p":1.65,"u":"8,25 €/KG","img":"https://fd16-photos.leclercdrive.fr/image.ashx?id=2930936&use=l&cat=p&typeid=i","cat":316011},{"id":50774,"n":"Rillettes du Mans Eco+ 220g","p":1.09,"u":"4,95 €/KG","img":"https://fd16-photos.leclercdrive.fr/image.ashx?id=2684700&use=l&cat=p&typeid=i","cat":316008},{"id":50776,"n":"Mousse de foie Eco+ 300g","p":1.32,"u":"4,40 €/KG","img":"https://fd16-photos.leclercdrive.fr/image.ashx?id=2728297&use=l&cat=p&typeid=i","cat":316008},{"id":50779,"n":"Saucisse de Strasbourg Eco+ x10 - 350g","p":1.19,"u":"3,40 €/KG","img":"https://fd16-photos.leclercdrive.fr/image.ashx?id=2794856&use=l&cat=p&typeid=i","cat":316012},{"id":50780,"n":"Saucisse de Cocktail Eco+ 400g","p":2.49,"u":"6,23 €/KG","img":"https://fd16-photos.leclercdrive.fr/image.ashx?id=2651813&use=l&cat=p&typeid=i","cat":284450},{"id":50781,"n":"Saucisson cuit à l'ail Eco+ nature - 400g","p":1.61,"u":"4,03 €/KG","img":"https://fd16-photos.leclercdrive.fr/image.ashx?id=2675789&use=l&cat=p&typeid=i","cat":316006},{"id":50810,"n":"Sauce Tomates Barilla Arrabbiata - 400g","p":1.74,"u":"4,35 €/KG","img":"https://fd16-photos.leclercdrive.fr/image.ashx?id=2832509&use=l&cat=p&typeid=i","cat":287599},{"id":50843,"n":"Pastis Ricard Anisé 45% vol - 2L","p":39.6,"u":"19,80 €/L","img":"https://fd16-photos.leclercdrive.fr/image.ashx?id=2919271&use=l&cat=p&typeid=i","cat":284548},{"id":50863,"n":"Savon verveine Petit Olivier 2x100g","p":2.06,"u":"10,30 €/KG","img":"https://fd16-photos.leclercdrive.fr/image.ashx?id=2144839&use=l&cat=p&typeid=i","cat":284597},{"id":50899,"n":"Sandwich baguette Daunat XXL Poulet crudités - 230g","p":2.02,"u":"8,78 €/KG","img":"https://fd16-photos.leclercdrive.fr/image.ashx?id=2623229&use=l&cat=p&typeid=i","cat":333658},{"id":50905,"n":"Briquet Mega Lighter U140 Fluo - x1","p":3.49,"img":"https://fd16-photos.leclercdrive.fr/image.ashx?id=2730880&use=l&cat=p&typeid=i","cat":300578},{"id":50906,"n":"Cubes allume-feu Eco+ x32","p":1.4,"u":"0,04 €/P","img":"https://fd16-photos.leclercdrive.fr/image.ashx?id=2645125&use=l&cat=p&typeid=i","cat":300578},{"id":50908,"n":"Gélule bien-être foie Juvamine Artichaut/Radis noir - x50","p":4.99,"img":"https://fd16-photos.leclercdrive.fr/image.ashx?id=2785850&use=l&cat=p&typeid=i","cat":313217},{"id":50926,"n":"Mortadelle Titours Reinert 80g","p":1.93,"u":"24,13 €/KG","img":"https://fd16-photos.leclercdrive.fr/image.ashx?id=2148365&use=l&cat=p&typeid=i","cat":316009},{"id":50927,"n":"Rillettes du Mans La Véritable Bordeau Chesnel - 400g","p":3.84,"u":"384,00 €/L","img":"https://fd16-photos.leclercdrive.fr/image.ashx?id=2763097&use=l&cat=p&typeid=i","cat":316008},{"id":50984,"n":"Soda zéro Sprink's Agrumes - 1,5L","p":0.76,"u":"0,51 €/L","img":"https://fd16-photos.leclercdrive.fr/image.ashx?id=2913724&use=l&cat=p&typeid=i","cat":284532},{"id":50990,"n":"Fruits au sirop St Mamet Ananas en morceaux - 345g","p":2.6,"u":"7,54 €/KG","img":"https://fd16-photos.leclercdrive.fr/image.ashx?id=2927309&use=l&cat=p&typeid=i","cat":284507},{"id":51046,"n":"Mouchoirs blancs 3 plis Eco+ x15","p":0.97,"u":"0,06 €/P","img":"https://fd16-photos.leclercdrive.fr/image.ashx?id=2824244&use=l&cat=p&typeid=i","cat":284638},{"id":51047,"n":"Biscuits Petit Brun extra 300g","p":1.4,"u":"4,67 €/KG","img":"https://fd16-photos.leclercdrive.fr/image.ashx?id=3002264&use=l&cat=p&typeid=i","cat":284487},{"id":51048,"n":"Lentilles Notre Jardin 3x130g","p":2.09,"u":"5,36 €/KG","img":"https://fd16-photos.leclercdrive.fr/image.ashx?id=2544982&use=l&cat=p&typeid=i","cat":312609},{"id":51050,"n":"Chips Pom'lisse Barbecue - 6x30g","p":1.99,"u":"11,06 €/KG","img":"https://fd16-photos.leclercdrive.fr/image.ashx?id=2809668&use=l&cat=p&typeid=i","cat":284447},{"id":51089,"n":"Soda Sprink's Aux agrumes - 1.5L","p":1.4,"u":"0,93 €/L","img":"https://fd16-photos.leclercdrive.fr/image.ashx?id=2913727&use=l&cat=p&typeid=i","cat":284532},{"id":51203,"n":"Filets de maqueraux Saupiquet  Vin blanc - 3x176g","p":5.99,"u":"11,34 €/KG","img":"https://fd16-photos.leclercdrive.fr/image.ashx?id=2826969&use=l&cat=p&typeid=i","cat":303868},{"id":51254,"n":"Eau aromatisée O'Fresh Pêche - 1.5L","p":0.91,"u":"0,61 €/L","img":"https://fd16-photos.leclercdrive.fr/image.ashx?id=2450029&use=l&cat=p&typeid=i","cat":284537},{"id":51257,"n":"Eau aromatisée O'Fresh Citron vert - 1.5L","p":0.75,"u":"0,50 €/L","img":"https://fd16-photos.leclercdrive.fr/image.ashx?id=2450038&use=l&cat=p&typeid=i","cat":284537},{"id":51265,"n":"Eau aromatisée O'Fresh Citron - 1.5L","p":0.75,"u":"0,50 €/L","img":"https://fd16-photos.leclercdrive.fr/image.ashx?id=2450041&use=l&cat=p&typeid=i","cat":284537},{"id":51268,"n":"Eau aromatisée O'Fresh Fraise - 1.5L","p":0.75,"u":"0,50 €/L","img":"https://fd16-photos.leclercdrive.fr/image.ashx?id=3002812&use=l&cat=p&typeid=i","cat":284537},{"id":51270,"n":"Tablette chocolat Côte d'Or Chocolat au lait - 3x100g","p":4.93,"u":"16,43 €/KG","img":"https://fd16-photos.leclercdrive.fr/image.ashx?id=2875561&use=l&cat=p&typeid=i","cat":284497},{"id":51271,"n":"Tablette chocolat Côte d'Or Noir extra - 3x100g","p":3.72,"u":"12,40 €/KG","img":"https://fd16-photos.leclercdrive.fr/image.ashx?id=2875564&use=l&cat=p&typeid=i","cat":284956},{"id":51274,"n":"Tablette chocolat Côte d'Or Chocolar lait/ Raisin - 180g","p":3.47,"u":"19,28 €/KG","img":"https://fd16-photos.leclercdrive.fr/image.ashx?id=2961272&use=l&cat=p&typeid=i","cat":284497},{"id":51275,"n":"Tablette chocolat Côte d'Or Chocolat lait/Noisettes - 180g","p":3.26,"u":"18,11 €/KG","img":"https://fd16-photos.leclercdrive.fr/image.ashx?id=2993140&use=l&cat=p&typeid=i","cat":284497},{"id":51276,"n":"Tablette chocolat Côte d'Or Chocolat noir/Noisettes - 180g","p":3.27,"u":"18,17 €/KG","img":"https://fd16-photos.leclercdrive.fr/image.ashx?id=2993143&use=l&cat=p&typeid=i","cat":284956},{"id":51277,"n":"Tablette chocolat Côte d'Or Chocolat noir Amandes - 180g","p":3.56,"u":"19,78 €/KG","img":"https://fd16-photos.leclercdrive.fr/image.ashx?id=2993146&use=l&cat=p&typeid=i","cat":284956},{"id":51297,"n":"Compotes Andros Pomme nature - 8x100g","p":2.44,"u":"3,05 €/KG","img":"https://fd16-photos.leclercdrive.fr/image.ashx?id=2884006&use=l&cat=p&typeid=i","cat":284416},{"id":51298,"n":"Compotes Andros  Pomme nature - 16x100g","p":3.26,"u":"2,04 €/KG","img":"https://fd16-photos.leclercdrive.fr/image.ashx?id=2908195&use=l&cat=p&typeid=i","cat":284416},{"id":51344,"n":"Riz au lait La Laitière Rhum raisin - 4x115g","p":1.99,"u":"4,33 €/KG","img":"https://fd16-photos.leclercdrive.fr/image.ashx?id=2490455&use=l&cat=p&typeid=i","cat":284418},{"id":51346,"n":"Dessert liégeois Viennois Vanille lit de caramel - 4x100g","p":1.57,"u":"3,93 €/KG","img":"https://fd16-photos.leclercdrive.fr/image.ashx?id=2692122&use=l&cat=p&typeid=i","cat":285042},{"id":51353,"n":"Fromage Cantal jeune NRT AOP  200g","p":3.19,"u":"15,95 €/KG","img":"https://fd16-photos.leclercdrive.fr/image.ashx?id=2934832&use=l&cat=p&typeid=i","cat":314034},{"id":51355,"n":"Plat courges 6 mois Good Goût Bio - sauté d'agneau - 190g","p":3.08,"u":"16,21 €/KG","img":"https://fd16-photos.leclercdrive.fr/image.ashx?id=2637276&use=l&cat=p&typeid=i","cat":312236},{"id":51392,"n":"Yaourts à la Grecque Délisse Lit de fruit jaunes - 4x150g","p":1.99,"u":"3,32 €/KG","img":"https://fd16-photos.leclercdrive.fr/image.ashx?id=2699699&use=l&cat=p&typeid=i","cat":314999},{"id":51395,"n":"Profiteroles Délisse 4x90g","p":2.49,"u":"6,92 €/KG","img":"https://fd16-photos.leclercdrive.fr/image.ashx?id=2844842&use=l&cat=p&typeid=i","cat":284419},{"id":51607,"n":"Fromage enfant Kiri Goûter 8 portions barquettes - 280g","p":3.5,"u":"12,50 €/KG","img":"https://fd16-photos.leclercdrive.fr/image.ashx?id=2972886&use=l&cat=p&typeid=i","cat":314030},{"id":51750,"n":"Sel fin La Baleine Iodé - 500g","p":0.53,"u":"1,06 €/KG","img":"https://fd16-photos.leclercdrive.fr/image.ashx?id=1752100&use=l&cat=p&typeid=i","cat":284457},{"id":51764,"n":"Paire de ciseaux Esquisse Rose - Bout rond 13cm x1","p":0.89,"img":"https://fd16-photos.leclercdrive.fr/image.ashx?id=1698775&use=l&cat=p&typeid=i","cat":334133},{"id":51766,"n":"Paire de ciseaux Esquisse Turquoise - Bout rond 13cm - x1","p":0.89,"img":"https://fd16-photos.leclercdrive.fr/image.ashx?id=1698778&use=l&cat=p&typeid=i","cat":334133},{"id":51865,"n":"Bière blonde Kronenbourg 4,2° - 10x25cl","p":5.39,"u":"2,16 €/L","img":"https://fd16-photos.leclercdrive.fr/image.ashx?id=2992750&use=l&cat=p&typeid=i","cat":334873},{"id":51866,"n":"Lait Croissance Mots d'Enfants 12 à 36 mois - 6x1L","p":8.04,"u":"1,34 €/L","img":"https://fd16-photos.leclercdrive.fr/image.ashx?id=2770684&use=l&cat=p&typeid=i","cat":284728},{"id":51934,"n":"Goûter laitier Récré O'Lé Gourdes Chocolat - 12x85g","p":5.9,"u":"5,78 €/KG","img":"https://fd16-photos.leclercdrive.fr/image.ashx?id=2887035&use=l&cat=p&typeid=i","cat":284506},{"id":51935,"n":"Goûter laitier Récré O'Lé Gourdes Saveur Vanille - 12x85g","p":5.65,"u":"5,54 €/KG","img":"https://fd16-photos.leclercdrive.fr/image.ashx?id=2795213&use=l&cat=p&typeid=i","cat":284506},{"id":51956,"n":"Gel barquette  Bien Air Muguet  x1","p":1.24,"img":"https://fd16-photos.leclercdrive.fr/image.ashx?id=2466877&use=l&cat=p&typeid=i","cat":311628},{"id":51957,"n":"Gel désodorisant Bien Air Marine - x1","p":1.35,"img":"https://fd16-photos.leclercdrive.fr/image.ashx?id=2466880&use=l&cat=p&typeid=i","cat":311628},{"id":51979,"n":"Boisson au soja Vanille Végé 1L Végé - 200g","p":1.35,"u":"1,35 €/L","img":"https://fd16-photos.leclercdrive.fr/image.ashx?id=2872703&use=l&cat=p&typeid=i","cat":316067},{"id":51995,"n":"Spécialité laitière Délisse Epaisse - 7% MG - 50cl","p":1.43,"u":"2,86 €/L","img":"https://fd16-photos.leclercdrive.fr/image.ashx?id=2363802&use=l&cat=p&typeid=i","cat":284381},{"id":51996,"n":"Spécialtié laitière Délisse UHT Fluide 4%mg - 3x20cl","p":1.99,"u":"3,32 €/L","img":"https://fd16-photos.leclercdrive.fr/image.ashx?id=2909398&use=l&cat=p&typeid=i","cat":284381},{"id":51999,"n":"Spécialité laitière Délisse Semi-épaisse 4%mg - 2x25cl","p":1.9,"u":"3,80 €/L","img":"https://fd16-photos.leclercdrive.fr/image.ashx?id=1790942&use=l&cat=p&typeid=i","cat":284381},{"id":52000,"n":"Spécialité laitière Délisse Epaisse - 7% MG - 20cl","p":0.95,"u":"4,75 €/L","img":"https://fd16-photos.leclercdrive.fr/image.ashx?id=2375583&use=l&cat=p&typeid=i","cat":284381},{"id":52001,"n":"Pâte à pizza fine Herta Rectangulaire - 390g","p":1.56,"u":"4,00 €/KG","img":"https://fd16-photos.leclercdrive.fr/image.ashx?id=2976110&use=l&cat=p&typeid=i","cat":333681},{"id":52002,"n":"HERTA Pâte à pizza fine & ronde 265g","p":1.24,"u":"4,68 €/KG","img":"https://fd16-photos.leclercdrive.fr/image.ashx?id=2975674&use=l&cat=p&typeid=i","cat":333681},{"id":52003,"n":"Eau aromatisée O'Fresh Fraise - 6x50cl","p":2.99,"u":"1,00 €/L","img":"https://fd16-photos.leclercdrive.fr/image.ashx?id=2441378&use=l&cat=p&typeid=i","cat":284537},{"id":52006,"n":"Blinis Ronde des Mers Medium x8 - 160g","p":1.69,"u":"10,56 €/KG","img":"https://fd16-photos.leclercdrive.fr/image.ashx?id=2981888&use=l&cat=p&typeid=i","cat":285191},{"id":52071,"n":"Tortillas Table du Monde De maïs - 320g","p":1.69,"u":"5,28 €/KG","img":"https://fd16-photos.leclercdrive.fr/image.ashx?id=2679759&use=l&cat=p&typeid=i","cat":288993},{"id":52080,"n":"Emmental fromage rapé Les Croisés - 1kg","p":7.97,"u":"7,97 €/KG","img":"https://fd16-photos.leclercdrive.fr/image.ashx?id=2832990&use=l&cat=p&typeid=i","cat":314035},{"id":52087,"n":"Apéritif Rosso Voltano Sans alcool - 75cl","p":2.28,"u":"3,04 €/L","img":"https://fd16-photos.leclercdrive.fr/image.ashx?id=2562117&use=l&cat=p&typeid=i","cat":284549},{"id":52108,"n":"Sirop violette NRT Des Alpes-Maritimes -70cl","p":3.2,"u":"4,57 €/L","img":"https://fd16-photos.leclercdrive.fr/image.ashx?id=2590490&use=l&cat=p&typeid=i","cat":295020},{"id":52110,"n":"Chiffonnade Saint Azay Jambon italien  - 100g","p":2.99,"u":"29,90 €/KG","img":"https://fd16-photos.leclercdrive.fr/image.ashx?id=2313106&use=l&cat=p&typeid=i","cat":316007},{"id":52122,"n":"Limonade Sprink's Zero - 1.5L","p":0.59,"u":"0,39 €/L","img":"https://fd16-photos.leclercdrive.fr/image.ashx?id=2913681&use=l&cat=p&typeid=i","cat":284531},{"id":52124,"n":"Pâtes Tagliatelles Turini  Fraiches - 600g","p":1.89,"u":"3,15 €/KG","img":"https://fd16-photos.leclercdrive.fr/image.ashx?id=2823081&use=l&cat=p&typeid=i","cat":333682},{"id":52126,"n":"Crème brulée Tyrolia Eskiss 350g","p":2.1,"u":"6,00 €/KG","img":"https://fd16-photos.leclercdrive.fr/image.ashx?id=2075672&use=l&cat=p&typeid=i","cat":284266},{"id":52134,"n":"Emmental -30% sel fromage bloc  Les Croisés - 200g","p":2.59,"u":"12,95 €/KG","img":"https://fd16-photos.leclercdrive.fr/image.ashx?id=2897790&use=l&cat=p&typeid=i","cat":314034},{"id":52139,"n":"Confit d'oignons NRT 150g","p":1.87,"u":"12,47 €/KG","img":"https://fd16-photos.leclercdrive.fr/image.ashx?id=2839998&use=l&cat=p&typeid=i","cat":284458},{"id":52141,"n":"Bâtonnets Dentastix Pedigree Moyen chien x7 - 180g","p":2.32,"u":"12,89 €/KG","img":"https://fd16-photos.leclercdrive.fr/image.ashx?id=2981301&use=l&cat=p&typeid=i","cat":294527},{"id":52142,"n":"Bâtonnets Dentastix Pedigree Grand chien x7 - 270g","p":3.32,"u":"12,30 €/KG","img":"https://fd16-photos.leclercdrive.fr/image.ashx?id=2877046&use=l&cat=p&typeid=i","cat":294527},{"id":52143,"n":"Bâtonnets Dentastix Pedigree Petit chien x7 - 110g","p":1.77,"u":"16,09 €/KG","img":"https://fd16-photos.leclercdrive.fr/image.ashx?id=2832338&use=l&cat=p&typeid=i","cat":294527},{"id":52157,"n":"Pomme Boskoop 1p","p":0.75,"img":"https://fd16-photos.leclercdrive.fr/image.ashx?id=1628406&use=l&cat=p&typeid=i","cat":284356},{"id":52246,"n":"Spray retouche L'Oréal Paris Magic Retouch Noir","p":9.09,"u":"121,20 €/L","img":"https://fd16-photos.leclercdrive.fr/image.ashx?id=2586420&use=l&cat=p&typeid=i","cat":288899},{"id":52247,"n":"Spray racine Magic Retouch 6 Chatain/acajou - 75ml","p":9.6,"u":"128,00 €/L","img":"https://fd16-photos.leclercdrive.fr/image.ashx?id=2618011&use=l&cat=p&typeid=i","cat":288899},{"id":52248,"n":"Spray racine Magic Retouch 5 Blond - 75ml","p":9.85,"u":"131,33 €/L","img":"https://fd16-photos.leclercdrive.fr/image.ashx?id=2597193&use=l&cat=p&typeid=i","cat":288899},{"id":52249,"n":"Spray retouche L'Oréal Paris Magic Retouch Blond foncé","p":9.04,"u":"120,53 €/L","img":"https://fd16-photos.leclercdrive.fr/image.ashx?id=2586429&use=l&cat=p&typeid=i","cat":288899},{"id":52250,"n":"Spray Coloration L'Oréal Paris Magic Retouch Châtain","p":9.22,"u":"122,93 €/L","img":"https://fd16-photos.leclercdrive.fr/image.ashx?id=2586426&use=l&cat=p&typeid=i","cat":288899},{"id":52251,"n":"Spray retouche L'Oréal Paris Magic Retouch Châtain Foncé","p":8.75,"u":"116,67 €/L","img":"https://fd16-photos.leclercdrive.fr/image.ashx?id=2586423&use=l&cat=p&typeid=i","cat":288899},{"id":52254,"n":"IGP Comté Tolosan vin blanc Bernard Cordelier - 75 cl","p":1.99,"u":"2,65 €/L","img":"https://fd16-photos.leclercdrive.fr/image.ashx?id=2750126&use=l&cat=p&typeid=i","cat":289557},{"id":52335,"n":"Sauce tomate cuisinée Panzani Tube légumes - 180g","p":0.99,"u":"5,50 €/KG","img":"https://fd16-photos.leclercdrive.fr/image.ashx?id=2984751&use=l&cat=p&typeid=i","cat":288384},{"id":52367,"n":"Whisky Ballantine's Finest Blended Scotch 40% vol - 1,5L","p":32.22,"u":"21,48 €/L","img":"https://fd16-photos.leclercdrive.fr/image.ashx?id=3000833&use=l&cat=p&typeid=i","cat":284547},{"id":52389,"n":"Gelée nuit anti âge So Bio Etic Argan bio - 40ml","p":9.08,"u":"227,00 €/L","img":"https://fd16-photos.leclercdrive.fr/image.ashx?id=2494734&use=l&cat=p&typeid=i","cat":325345},{"id":52391,"n":"Lotion micellaire So Bio Etic Tonifiante bio - 500ml","p":6.76,"u":"13,52 €/L","img":"https://fd16-photos.leclercdrive.fr/image.ashx?id=2909065&use=l&cat=p&typeid=i","cat":284603},{"id":52582,"n":"Sauce Bolognaise Panzani - 210G","p":1.37,"u":"6,52 €/KG","img":"https://fd16-photos.leclercdrive.fr/image.ashx?id=2977927&use=l&cat=p&typeid=i","cat":287599},{"id":52618,"n":"Crème brulée Rians  3x100g","p":3.21,"u":"10,70 €/KG","img":"https://fd16-photos.leclercdrive.fr/image.ashx?id=2396246&use=l&cat=p&typeid=i","cat":284419},{"id":52625,"n":"Sauce Pommes de Terre Bénédicta - 255g","p":1.53,"u":"5,88 €/KG","img":"https://fd16-photos.leclercdrive.fr/image.ashx?id=2689925&use=l&cat=p&typeid=i","cat":318430},{"id":52631,"n":"Sauce Béarnaise Bénédicta - 260g","p":1.36,"u":"5,23 €/KG","img":"https://fd16-photos.leclercdrive.fr/image.ashx?id=2689931&use=l&cat=p&typeid=i","cat":318430},{"id":52632,"n":"Sauce au Poivre Bénédicta - 260g","p":1.44,"u":"5,54 €/KG","img":"https://fd16-photos.leclercdrive.fr/image.ashx?id=2689937&use=l&cat=p&typeid=i","cat":318430},{"id":52634,"n":"Sauce Bourguignonne Bénédicta - 260g","p":1.37,"u":"5,07 €/KG","img":"https://fd16-photos.leclercdrive.fr/image.ashx?id=2689943&use=l&cat=p&typeid=i","cat":318430},{"id":52673,"n":"Fromage Burger cheddar/emmental Président - 12 tranches - 200g","p":1.55,"u":"7,75 €/KG","img":"https://fd16-photos.leclercdrive.fr/image.ashx?id=2445024&use=l&cat=p&typeid=i","cat":314028},{"id":52701,"n":"Fromage Richesmonts Tartiflette - 450g","p":6.38,"u":"14,18 €/KG","img":"https://fd16-photos.leclercdrive.fr/image.ashx?id=3008182&use=l&cat=p&typeid=i","cat":314037},{"id":52704,"n":"Emmental Président 400g","p":4.38,"u":"10,95 €/KG","img":"https://fd16-photos.leclercdrive.fr/image.ashx?id=2752945&use=l&cat=p&typeid=i","cat":314034},{"id":52720,"n":"Essuie-tout blanc Mimosa Super absorbant - x3 compacts","p":3.99,"u":"1,33 €/P","img":"https://fd16-photos.leclercdrive.fr/image.ashx?id=2727401&use=l&cat=p&typeid=i","cat":284635},{"id":52757,"n":"Biscuits sablés Granola Chocolat au lait - 2x200g","p":2.74,"u":"6,85 €/KG","img":"https://fd16-photos.leclercdrive.fr/image.ashx?id=2347275&use=l&cat=p&typeid=i","cat":284488},{"id":52790,"n":"Fromage mi-chèvre Soignon 180g","p":2.12,"u":"11,78 €/KG","img":"https://fd16-photos.leclercdrive.fr/image.ashx?id=2734357&use=l&cat=p&typeid=i","cat":314031},{"id":52804,"n":"Fromage à Raclette RichesMonts  Classique 18 Tranches - 420g","p":5.22,"u":"12,43 €/KG","img":"https://fd16-photos.leclercdrive.fr/image.ashx?id=2953489&use=l&cat=p&typeid=i","cat":314037},{"id":52809,"n":"Fromage raclette Les Croisés 28%mg - 800g","p":7.39,"u":"9,24 €/KG","img":"https://fd16-photos.leclercdrive.fr/image.ashx?id=2969761&use=l&cat=p&typeid=i","cat":314037},{"id":52812,"n":"Yaourt nature bifidus Activia 16x125g","p":4.75,"u":"2,38 €/KG","img":"https://fd16-photos.leclercdrive.fr/image.ashx?id=2831675&use=l&cat=p&typeid=i","cat":315000},{"id":52979,"n":"Truite fumée de Bretagne NRT x4 - 120g","p":5.39,"u":"44,92 €/KG","img":"https://fd16-photos.leclercdrive.fr/image.ashx?id=2663851&use=l&cat=p&typeid=i","cat":285188},{"id":53000,"n":"Enveloppes à fenêtre Esquisse 11x22cm - x100","p":3.45,"img":"https://fd16-photos.leclercdrive.fr/image.ashx?id=1929795&use=l&cat=p&typeid=i","cat":284697},{"id":53003,"n":"Vin d'Espagne rouge Merlot Adrien Champaud - BIB 5L","p":9.99,"u":"2,00 €/L","img":"https://fd16-photos.leclercdrive.fr/image.ashx?id=2960496&use=l&cat=p&typeid=i","cat":289560},{"id":53004,"n":"Vin Espagne Cabernet Sauvignon rouge Adrien Champaud - BIB 5L","p":9.99,"u":"2,00 €/L","img":"https://fd16-photos.leclercdrive.fr/image.ashx?id=2959605&use=l&cat=p&typeid=i","cat":289556},{"id":53032,"n":"Essuie-tout décoré Mimosa x3 compacts","p":3.82,"u":"1,27 €/P","img":"https://fd16-photos.leclercdrive.fr/image.ashx?id=2764140&use=l&cat=p&typeid=i","cat":284635},{"id":53064,"n":"Eponges grattantes Mamison  Vaisselle délicate - x2","p":1.26,"u":"0,63 €/P","img":"https://fd16-photos.leclercdrive.fr/image.ashx?id=2202440&use=l&cat=p&typeid=i","cat":284667},{"id":53065,"n":"Eponges grattantes Mamison  Récurage difficile - x2","p":1.27,"u":"0,64 €/P","img":"https://fd16-photos.leclercdrive.fr/image.ashx?id=2207733&use=l&cat=p&typeid=i","cat":284667},{"id":53066,"n":"Diffuseur mini spray Bien Air Floral  - 15ml","p":1.69,"u":"112,67 €/L","img":"https://fd16-photos.leclercdrive.fr/image.ashx?id=2375699&use=l&cat=p&typeid=i","cat":311629},{"id":53067,"n":"Recharge désodorisant Bien Air  Floral - 15ml","p":1.55,"u":"103,33 €/L","img":"https://fd16-photos.leclercdrive.fr/image.ashx?id=2467655&use=l&cat=p&typeid=i","cat":311629},{"id":53069,"n":"Recharge désodorisant Bien Air  Muguet - 15ml","p":1.5,"u":"100,00 €/L","img":"https://fd16-photos.leclercdrive.fr/image.ashx?id=2467658&use=l&cat=p&typeid=i","cat":311629},{"id":53135,"n":"Crozets de Savoie NRT Nature - 400g","p":2.35,"u":"5,88 €/KG","img":"https://fd16-photos.leclercdrive.fr/image.ashx?id=2856226&use=l&cat=p&typeid=i","cat":284427},{"id":53147,"n":"Pur jus de pomme Tropicana Pomme Douce pink - 1L","p":2.16,"u":"2,16 €/L","img":"https://fd16-photos.leclercdrive.fr/image.ashx?id=2605662&use=l&cat=p&typeid=i","cat":284522},{"id":53167,"n":"Gaufres liégoise P'tit Déli Nappée chocolat - x7 - 402g","p":2.61,"u":"6,49 €/KG","img":"https://fd16-photos.leclercdrive.fr/image.ashx?id=1965560&use=l&cat=p&typeid=i","cat":294777},{"id":53168,"n":"Snacks chats Tous mes amis Hygiène dentaire mini - 40g","p":0.99,"u":"24,75 €/KG","img":"https://fd16-photos.leclercdrive.fr/image.ashx?id=1946868&use=l&cat=p&typeid=i","cat":285285},{"id":53174,"n":"Chocolat noir Equador Caramel salé - 100g","p":1.39,"u":"13,90 €/KG","img":"https://fd16-photos.leclercdrive.fr/image.ashx?id=2553339&use=l&cat=p&typeid=i","cat":284956},{"id":53183,"n":"Tartinable Saumon Cap Océan Fromage ail fines herbes - 140g","p":1.88,"u":"13,43 €/KG","img":"https://fd16-photos.leclercdrive.fr/image.ashx?id=2406028&use=l&cat=p&typeid=i","cat":285191},{"id":53289,"n":"Gel Douche Cottage Monoi - 560ml","p":3.17,"u":"5,66 €/L","img":"https://fd16-photos.leclercdrive.fr/image.ashx?id=2063416&use=l&cat=p&typeid=i","cat":284594},{"id":53293,"n":"Gel douche Cottage Huile Argan - 560 ml","p":3.3,"u":"5,89 €/L","img":"https://fd16-photos.leclercdrive.fr/image.ashx?id=2315931&use=l&cat=p&typeid=i","cat":284594},{"id":53396,"n":"Yaourt nature bifidus Activia 4x125g","p":1.39,"u":"2,78 €/KG","img":"https://fd16-photos.leclercdrive.fr/image.ashx?id=2885944&use=l&cat=p&typeid=i","cat":315000},{"id":53412,"n":"Activateur biologique Eparcyl  Fosse septique - 864g x24","p":6.88,"u":"7,96 €/KG","img":"https://fd16-photos.leclercdrive.fr/image.ashx?id=2890085&use=l&cat=p&typeid=i","cat":284908},{"id":53431,"n":"Chocolat lait Tablette d'Or 100g","p":1.36,"u":"13,60 €/KG","img":"https://fd16-photos.leclercdrive.fr/image.ashx?id=2943088&use=l&cat=p&typeid=i","cat":284497},{"id":53434,"n":"Salade d'Alaska Menu Fraîcheur 300g","p":2.59,"u":"8,63 €/KG","img":"https://fd16-photos.leclercdrive.fr/image.ashx?id=2727638&use=l&cat=p&typeid=i","cat":333657},{"id":53479,"n":"AOP Côtes du Rhône rouge Vieille Vignes - 75cl","p":3.69,"u":"4,92 €/L","img":"https://fd16-photos.leclercdrive.fr/image.ashx?id=2691405&use=l&cat=p&typeid=i","cat":289556},{"id":53508,"n":"Fine chapelure de pain Tipiak 275g","p":0.61,"u":"2,22 €/KG","img":"https://fd16-photos.leclercdrive.fr/image.ashx?id=2594124&use=l&cat=p&typeid=i","cat":288382},{"id":53597,"n":"AIRWICK Essential Mist Recharge  Fleur de citronnier - 250ml","p":5.4,"u":"270,00 €/L","img":"https://fd16-photos.leclercdrive.fr/image.ashx?id=2864354&use=l&cat=p&typeid=i","cat":311629},{"id":53600,"n":"Recharge spray Bien Air Automatique japon - 250ml","p":2.39,"u":"9,56 €/L","img":"https://fd16-photos.leclercdrive.fr/image.ashx?id=2974963&use=l&cat=p&typeid=i","cat":311629},{"id":53601,"n":"Recharge spray Bien Air Vanille ambré automatique 250ml","p":2.39,"u":"9,56 €/L","img":"https://fd16-photos.leclercdrive.fr/image.ashx?id=2991136&use=l&cat=p&typeid=i","cat":311629},{"id":53606,"n":"Salade Mexicaine Côté Snack Au thon - 250g","p":1.9,"u":"7,60 €/KG","img":"https://fd16-photos.leclercdrive.fr/image.ashx?id=2884255&use=l&cat=p&typeid=i","cat":284437},{"id":53607,"n":"Salade Piémontaise Côté Snack Thon - 250g","p":1.9,"u":"7,60 €/KG","img":"https://fd16-photos.leclercdrive.fr/image.ashx?id=2868319&use=l&cat=p&typeid=i","cat":284437},{"id":53669,"n":"Assortiment Justin Bridou  4 charcuteries - 260g","p":5.58,"u":"21,46 €/KG","img":"https://fd16-photos.leclercdrive.fr/image.ashx?id=2770783&use=l&cat=p&typeid=i","cat":316007},{"id":53679,"n":"Dissolvant Diadermine Douceur - 125ml","p":2.1,"u":"16,80 €/L","img":"https://fd16-photos.leclercdrive.fr/image.ashx?id=2334926&use=l&cat=p&typeid=i","cat":325347},{"id":53777,"n":"Brioche tressée Pasquier  Pépites - 630g","p":2.87,"u":"4,56 €/KG","img":"https://fd16-photos.leclercdrive.fr/image.ashx?id=2848809&use=l&cat=p&typeid=i","cat":284478},{"id":53783,"n":"Lait de coco Suzi Wan 200ml","p":1.26,"u":"6,30 €/L","img":"https://fd16-photos.leclercdrive.fr/image.ashx?id=3002177&use=l&cat=p&typeid=i","cat":288992},{"id":53839,"n":"Râpé 3 saveurs Président 200g","p":2.92,"u":"14,60 €/KG","img":"https://fd16-photos.leclercdrive.fr/image.ashx?id=2786006&use=l&cat=p&typeid=i","cat":314035},{"id":53899,"n":"Eau minérale gazeuse Perrier  Naturelle - 6x1L","p":3.89,"u":"0,65 €/L","img":"https://fd16-photos.leclercdrive.fr/image.ashx?id=2454463&use=l&cat=p&typeid=i","cat":284536},{"id":53902,"n":"Eau minérale gazeuse Perrier  Fines bulles - 6x1L","p":3.66,"u":"0,61 €/L","img":"https://fd16-photos.leclercdrive.fr/image.ashx?id=2830924&use=l&cat=p&typeid=i","cat":284536},{"id":53936,"n":"Dés de fromage salade Boursin Echalote ciboulette - 120g","p":2.27,"u":"18,92 €/KG","img":"https://fd16-photos.leclercdrive.fr/image.ashx?id=2865671&use=l&cat=p&typeid=i","cat":314027},{"id":53944,"n":"Fromage à tartiner Boursin Ail et fines herbes - 250g","p":3.43,"u":"13,72 €/KG","img":"https://fd16-photos.leclercdrive.fr/image.ashx?id=2999853&use=l&cat=p&typeid=i","cat":314029},{"id":54112,"n":"Absolut Vodka 40%vol - 1L","p":25.55,"u":"25,55 €/L","img":"https://fd16-photos.leclercdrive.fr/image.ashx?id=2550261&use=l&cat=p&typeid=i","cat":284550},{"id":54131,"n":"Rasoirs jetables Bic Flex3 Comfort - x8","p":7.33,"u":"0,92 €/P","img":"https://fd16-photos.leclercdrive.fr/image.ashx?id=2273071&use=l&cat=p&typeid=i","cat":284616},{"id":54171,"n":"Sauce Béarnaise Férial 120g","p":1.69,"u":"14,08 €/KG","img":"https://fd16-photos.leclercdrive.fr/image.ashx?id=2636239&use=l&cat=p&typeid=i","cat":284382},{"id":54172,"n":"Sauce aux 3 poivres  120g","p":1.69,"u":"14,08 €/KG","img":"https://fd16-photos.leclercdrive.fr/image.ashx?id=2636242&use=l&cat=p&typeid=i","cat":284382},{"id":54176,"n":"Pâte feuilletée sans gluten Chaque Jour Sans Gluten - 280g","p":1.99,"u":"7,11 €/KG","img":"https://fd16-photos.leclercdrive.fr/image.ashx?id=3002806&use=l&cat=p&typeid=i","cat":333681},{"id":54295,"n":"Brosse à dents Sensodyne Gencives sensibles x1","p":2.07,"pp":1.45,"img":"https://fd16-photos.leclercdrive.fr/image.ashx?id=2557245&use=l&cat=p&typeid=i","cat":284614},{"id":54296,"n":"Recharge mini spray Bien Air Marine - 15ml","p":1.5,"u":"100,00 €/L","img":"https://fd16-photos.leclercdrive.fr/image.ashx?id=2467646&use=l&cat=p&typeid=i","cat":311629},{"id":54297,"n":"Désodorisant Bien Air Mèches actives, lavande - 375ml","p":1.65,"u":"4,40 €/L","img":"https://fd16-photos.leclercdrive.fr/image.ashx?id=2934721&use=l&cat=p&typeid=i","cat":311628},{"id":54298,"n":"Désodorisant Bien Air Mèche active muguet - 375ml","p":1.65,"u":"4,40 €/L","img":"https://fd16-photos.leclercdrive.fr/image.ashx?id=2777803&use=l&cat=p&typeid=i","cat":311628},{"id":54299,"n":"Désodorisant Bien Air Mèche active Fruit rouge 375ml","p":1.65,"u":"4,40 €/L","img":"https://fd16-photos.leclercdrive.fr/image.ashx?id=2777806&use=l&cat=p&typeid=i","cat":311628},{"id":54314,"n":"Pur Jus de tomates NRT Du Lot-et-Garonne - 1L","p":2.09,"u":"2,09 €/L","img":"https://fd16-photos.leclercdrive.fr/image.ashx?id=2590505&use=l&cat=p&typeid=i","cat":284523},{"id":54344,"n":"Tablette chocolat Côte d'Or Chocolat lait/Amandes - 180g","p":4.07,"u":"22,61 €/KG","img":"https://fd16-photos.leclercdrive.fr/image.ashx?id=3009143&use=l&cat=p&typeid=i","cat":284497},{"id":54346,"n":"Barre Chocolatée KINDER Country  Céréales chocolat x10 - 235g","p":3.64,"u":"15,49 €/KG","img":"https://fd16-photos.leclercdrive.fr/image.ashx?id=2231942&use=l&cat=p&typeid=i","cat":284498},{"id":54386,"n":"Gâteau multicouche P'tit Déli Genoise fourré chocolat - 175g","p":1.27,"u":"7,26 €/KG","img":"https://fd16-photos.leclercdrive.fr/image.ashx?id=2416538&use=l&cat=p&typeid=i","cat":284495},{"id":54393,"n":"Spécialité de saucisse St Azay Sèche - 200g","p":3.05,"u":"15,25 €/KG","img":"https://fd16-photos.leclercdrive.fr/image.ashx?id=2982622&use=l&cat=p&typeid=i","cat":316006},{"id":54396,"n":"Salade Catalane Côté Snack Thon à la catalane - 250g","p":2.17,"u":"8,68 €/KG","img":"https://fd16-photos.leclercdrive.fr/image.ashx?id=2910589&use=l&cat=p&typeid=i","cat":284437},{"id":54404,"n":"Sauce Tomacouli Panzani - 3X200G","p":1.59,"u":"2,65 €/KG","img":"https://fd16-photos.leclercdrive.fr/image.ashx?id=2744623&use=l&cat=p&typeid=i","cat":288384},{"id":54405,"n":"Sauce Tomacouli Panzani - 700G","p":1.59,"u":"2,27 €/KG","img":"https://fd16-photos.leclercdrive.fr/image.ashx?id=2744632&use=l&cat=p&typeid=i","cat":288384},{"id":54417,"n":"Barre chocolat lait P'tit Déli x5 - 130g","p":1.5,"u":"11,54 €/KG","img":"https://fd16-photos.leclercdrive.fr/image.ashx?id=2568936&use=l&cat=p&typeid=i","cat":284488},{"id":54420,"n":"Gel à raser Carré Homme Pour barbe difficile - 200ml","p":1.89,"u":"9,45 €/L","img":"https://fd16-photos.leclercdrive.fr/image.ashx?id=2704723&use=l&cat=p&typeid=i","cat":284617},{"id":54422,"n":"Spray automatique Bien Air + recharge - 250ml","p":5.98,"u":"23,92 €/L","img":"https://fd16-photos.leclercdrive.fr/image.ashx?id=2330493&use=l&cat=p&typeid=i","cat":311629},{"id":54423,"n":"Gel à raser Carré Homme Fraicheur - 200ml","p":1.69,"u":"8,45 €/L","img":"https://fd16-photos.leclercdrive.fr/image.ashx?id=2704726&use=l&cat=p&typeid=i","cat":284617},{"id":54430,"n":"Salade Italienne Côté Snack Au thon - 250g","p":2.18,"u":"8,72 €/KG","img":"https://fd16-photos.leclercdrive.fr/image.ashx?id=2436675&use=l&cat=p&typeid=i","cat":284437},{"id":54447,"n":"Mister Cocktail sans alcool Fruits passion - 75cl","p":3.43,"u":"4,57 €/L","img":"https://fd16-photos.leclercdrive.fr/image.ashx?id=3003161&use=l&cat=p&typeid=i","cat":284549},{"id":54473,"n":"Madeleines longues Le Ster Nature  - 250g","p":1.58,"u":"6,32 €/KG","img":"https://fd16-photos.leclercdrive.fr/image.ashx?id=2962545&use=l&cat=p&typeid=i","cat":284492},{"id":54484,"n":"Lait croissance Mots D'Enfants  1L","p":1.34,"u":"1,34 €/L","img":"https://fd16-photos.leclercdrive.fr/image.ashx?id=2657211&use=l&cat=p&typeid=i","cat":284728},{"id":54494,"n":"Biscuits Petit Ecolier LU Chocolat au lait - 2x150g","p":3.32,"u":"11,07 €/KG","img":"https://fd16-photos.leclercdrive.fr/image.ashx?id=3009122&use=l&cat=p&typeid=i","cat":284488},{"id":54496,"n":"Gâteaux fourrés Milka Chocolat - 175g","p":1.7,"u":"9,71 €/KG","img":"https://fd16-photos.leclercdrive.fr/image.ashx?id=3005338&use=l&cat=p&typeid=i","cat":284495},{"id":54504,"n":"Sandwich Club triple Jambon emmental - 230g","p":1.81,"u":"7,87 €/KG","img":"https://fd16-photos.leclercdrive.fr/image.ashx?id=2302546&use=l&cat=p&typeid=i","cat":333658},{"id":54505,"n":"Sandwich Club triple Côté Snack Thon Crudité Oeuf x3 - 230g","p":1.7,"u":"7,39 €/KG","img":"https://fd16-photos.leclercdrive.fr/image.ashx?id=2302549&use=l&cat=p&typeid=i","cat":333658},{"id":54518,"n":"Couscous royale Côté Table 800g","p":4.79,"u":"5,99 €/KG","img":"https://fd16-photos.leclercdrive.fr/image.ashx?id=2607945&use=l&cat=p&typeid=i","cat":333666},{"id":54522,"n":"Pâte feuilletée Tablier Blanc A dérouler - x2 - 460g","p":1.48,"u":"3,22 €/KG","img":"https://fd16-photos.leclercdrive.fr/image.ashx?id=2635928&use=l&cat=p&typeid=i","cat":333681},{"id":54525,"n":"Paëlla Royale Côté Table 800g","p":5.78,"u":"7,23 €/KG","img":"https://fd16-photos.leclercdrive.fr/image.ashx?id=2614488&use=l&cat=p&typeid=i","cat":333666},{"id":54532,"n":"Liqueur de Whisky Jack Daniel's Fire 70cL","p":19.95,"pp":17.95,"u":"25,64 €/L","img":"https://fd16-photos.leclercdrive.fr/image.ashx?id=3001473&use=l&cat=p&typeid=i","cat":286032},{"id":54542,"n":"Boisson sans alcool D'Artigny Cassis - 75cl","p":3.35,"u":"4,47 €/L","img":"https://fd16-photos.leclercdrive.fr/image.ashx?id=2854399&use=l&cat=p&typeid=i","cat":289460},{"id":54639,"n":"Mini rôtis de volaille  Maître Coq Forestière - 400g","p":8.99,"u":"22,48 €/KG","img":"https://fd16-photos.leclercdrive.fr/image.ashx?id=2962497&use=l&cat=p&typeid=i","cat":327289},{"id":54644,"n":"Mini rôtis de volaille  Maître Coq Nature  - 400g","p":8.99,"u":"22,48 €/KG","img":"https://fd16-photos.leclercdrive.fr/image.ashx?id=2962500&use=l&cat=p&typeid=i","cat":327289},{"id":54853,"n":"Mini choux Tokapi  Saumon/aneth - 60g","p":0.92,"u":"15,33 €/KG","img":"https://fd16-photos.leclercdrive.fr/image.ashx?id=2063338&use=l&cat=p&typeid=i","cat":297000},{"id":54856,"n":"Mini choux Tokapi  Bleu-/noix60g","p":1.36,"u":"22,67 €/KG","img":"https://fd16-photos.leclercdrive.fr/image.ashx?id=2068019&use=l&cat=p&typeid=i","cat":297000},{"id":54926,"n":"Mousse liégeoise Viennois  Café - 4x90g","p":1.81,"u":"5,03 €/KG","img":"https://fd16-photos.leclercdrive.fr/image.ashx?id=2729788&use=l&cat=p&typeid=i","cat":284417},{"id":54944,"n":"Cône Nestlé Extrême  Café intense - 6x71g","p":3.7,"u":"8,69 €/KG","img":"https://fd16-photos.leclercdrive.fr/image.ashx?id=3000435&use=l&cat=p&typeid=i","cat":284264},{"id":54959,"n":"Cône Extrême Intense Nestle Pistache Chocolat - 6x71g","p":3.7,"u":"8,69 €/KG","img":"https://fd16-photos.leclercdrive.fr/image.ashx?id=2353116&use=l&cat=p&typeid=i","cat":284264},{"id":55069,"n":"Bière La Rousse aux 3 malts 6.5%vol - 75cl","p":4.94,"u":"6,59 €/L","img":"https://fd16-photos.leclercdrive.fr/image.ashx?id=2432964&use=l&cat=p&typeid=i","cat":334872},{"id":55071,"n":"Bière La Blonde pur malt 5.8%vol - 75cl","p":4.38,"u":"5,84 €/L","img":"https://fd16-photos.leclercdrive.fr/image.ashx?id=2432958&use=l&cat=p&typeid=i","cat":334872},{"id":55073,"n":"Bière La Blanche légère 4.7%vol - 75cl","p":4.36,"u":"5,81 €/L","img":"https://fd16-photos.leclercdrive.fr/image.ashx?id=2432961&use=l&cat=p&typeid=i","cat":334872},{"id":55090,"n":"AOP Bordeaux rouge Mouton Cadet - 75cl","p":6.95,"u":"9,27 €/L","img":"https://fd16-photos.leclercdrive.fr/image.ashx?id=2959940&use=l&cat=p&typeid=i","cat":289556},{"id":55104,"n":"Recharge brosse à dents Dentamyl - Double zone - x2","p":6.99,"u":"3,50 €/P","img":"https://fd16-photos.leclercdrive.fr/image.ashx?id=2790988&use=l&cat=p&typeid=i","cat":297133},{"id":55111,"n":"AOC Côtes du Rhône rouge Celliers des Dauphins - 75cl","p":4.32,"u":"5,76 €/L","img":"https://fd16-photos.leclercdrive.fr/image.ashx?id=2830009&use=l&cat=p&typeid=i","cat":289556},{"id":55115,"n":"Lingettes Mots d'Enfants Pockets - x20","p":1.19,"u":"0,06 €/P","img":"https://fd16-photos.leclercdrive.fr/image.ashx?id=2856549&use=l&cat=p&typeid=i","cat":284738},{"id":55116,"n":"Plat à tarte Elembal  x3","p":2.05,"u":"0,68 €/P","img":"https://fd16-photos.leclercdrive.fr/image.ashx?id=1733554&use=l&cat=p&typeid=i","cat":334134},{"id":55144,"n":"Emincés de poulet Fleury Michon Rôti sans nitrite 2x75g","p":2.47,"u":"16,47 €/KG","img":"https://fd16-photos.leclercdrive.fr/image.ashx?id=2649804&use=l&cat=p&typeid=i","cat":316011},{"id":55145,"n":"Allumettes Fleury Michon Jambon cuit - 2x75g","p":1.23,"u":"8,20 €/KG","img":"https://fd16-photos.leclercdrive.fr/image.ashx?id=2651047&use=l&cat=p&typeid=i","cat":316011},{"id":55206,"n":"Plat bébé Blédina 12 mois Pâtes tomate jambon - 2x200g","p":2.61,"u":"6,53 €/KG","img":"https://fd16-photos.leclercdrive.fr/image.ashx?id=2975071&use=l&cat=p&typeid=i","cat":312237},{"id":55214,"n":"Plat bébé soir Blédiner 12 mois Boulghour potiron panais-2x200g","p":2.68,"u":"6,70 €/KG","img":"https://fd16-photos.leclercdrive.fr/image.ashx?id=2921064&use=l&cat=p&typeid=i","cat":312239},{"id":55271,"n":"AOC Bordeaux vin rouge Bernard Cordelier - 75 cl","p":1.99,"u":"2,65 €/L","img":"https://fd16-photos.leclercdrive.fr/image.ashx?id=2750123&use=l&cat=p&typeid=i","cat":289556},{"id":55275,"n":"Bougie Bien Air Soirée d'hiver 30heures - x1","p":2.34,"img":"https://fd16-photos.leclercdrive.fr/image.ashx?id=2399755&use=l&cat=p&typeid=i","cat":284666},{"id":55276,"n":"Brosse adhésive  Mamison Textile 36 feuilles","p":2.29,"img":"https://fd16-photos.leclercdrive.fr/image.ashx?id=1063565&use=l&cat=p&typeid=i","cat":284669},{"id":55287,"n":"Bougie d'anniversaire Ardence Couleur divers -Chiffre 2 - x1","p":0.43,"img":"https://fd16-photos.leclercdrive.fr/image.ashx?id=2051894&use=l&cat=p&typeid=i","cat":335913},{"id":55377,"n":"Bougie Bien Air Fruits rouges 30heures - x1","p":2.19,"img":"https://fd16-photos.leclercdrive.fr/image.ashx?id=2939073&use=l&cat=p&typeid=i","cat":284666},{"id":55381,"n":"Cacahuètes Tokapi  Grillées à sec - 120g","p":0.47,"u":"3,92 €/KG","img":"https://fd16-photos.leclercdrive.fr/image.ashx?id=2799778&use=l&cat=p&typeid=i","cat":284448},{"id":55415,"n":"Bougie Bien Air Anti-tabac 30h - x1","p":1.83,"img":"https://fd16-photos.leclercdrive.fr/image.ashx?id=2999613&use=l&cat=p&typeid=i","cat":284666},{"id":55429,"n":"Crème Chantilly UHT Président Aérosol sucré aromatisé - 250g","p":3.03,"u":"12,12 €/KG","img":"https://fd16-photos.leclercdrive.fr/image.ashx?id=2860169&use=l&cat=p&typeid=i","cat":284382},{"id":55439,"n":"Salade Niçoise Côté Snack Au thon - 250g","p":1.8,"u":"7,20 €/KG","img":"https://fd16-photos.leclercdrive.fr/image.ashx?id=2868316&use=l&cat=p&typeid=i","cat":284437},{"id":55529,"n":"Vin d'Espagne rouge François D'Aubigné - 150 cl","p":1.99,"u":"1,33 €/L","img":"https://fd16-photos.leclercdrive.fr/image.ashx?id=2774888&use=l&cat=p&typeid=i","cat":289556},{"id":55534,"n":"AOC Côtes de Bergerac vin blanc Bernard Cordelier - 75 cl","p":2.49,"u":"3,32 €/L","img":"https://fd16-photos.leclercdrive.fr/image.ashx?id=2886531&use=l&cat=p&typeid=i","cat":289557},{"id":55670,"n":"Bâton de colle Esquisse 10x10g","p":3.59,"u":"35,90 €/KG","img":"https://fd16-photos.leclercdrive.fr/image.ashx?id=2943256&use=l&cat=p&typeid=i","cat":334133},{"id":55686,"n":"Intercalaires Esquisse  x12 - A4","p":1.35,"img":"https://fd16-photos.leclercdrive.fr/image.ashx?id=2943244&use=l&cat=p&typeid=i","cat":284745},{"id":55770,"n":"Déboucheur Ouragan Chrono 5min - 1L","p":3.68,"u":"3,68 €/L","img":"https://fd16-photos.leclercdrive.fr/image.ashx?id=2792552&use=l&cat=p&typeid=i","cat":284908},{"id":55816,"n":"Lingettes désinfectantes 2en1 x10 lingettes","p":1.52,"img":"https://fd16-photos.leclercdrive.fr/image.ashx?id=2832981&use=l&cat=p&typeid=i","cat":284630},{"id":55936,"n":"Lait écrémé Hauts de France 6x1L","p":6.54,"u":"1,09 €/L","img":"https://fd16-photos.leclercdrive.fr/image.ashx?id=1747007&use=l&cat=p&typeid=i","cat":284949},{"id":55939,"n":"Lait Hauts de France Demi-écrémé - 6x1L","p":6.9,"u":"1,15 €/L","img":"https://fd16-photos.leclercdrive.fr/image.ashx?id=1747013&use=l&cat=p&typeid=i","cat":284377},{"id":55941,"n":"Lait entier Hauts de France 6x1L","p":8.34,"u":"1,39 €/L","img":"https://fd16-photos.leclercdrive.fr/image.ashx?id=1747019&use=l&cat=p&typeid=i","cat":285610},{"id":55943,"n":"Lait écrémé Hauts de France 6x1L","p":6.3,"u":"1,05 €/L","img":"https://fd16-photos.leclercdrive.fr/image.ashx?id=1746989&use=l&cat=p&typeid=i","cat":284949},{"id":55947,"n":"Lait entier Hauts de France 6x1L","p":7.74,"u":"1,29 €/L","img":"https://fd16-photos.leclercdrive.fr/image.ashx?id=1747001&use=l&cat=p&typeid=i","cat":285610},{"id":56146,"n":"Calculatrice bureau Esquisse Orange","p":4.9,"u":"Dont 0,13 € d'éco-part.","img":"https://fd16-photos.leclercdrive.fr/image.ashx?id=1196150&use=l&cat=p&typeid=i","cat":334133},{"id":56156,"n":"Saucisson sec des Pyrénées NRT 250g","p":4.49,"u":"17,96 €/KG","img":"https://fd16-photos.leclercdrive.fr/image.ashx?id=2917178&use=l&cat=p&typeid=i","cat":316006},{"id":56162,"n":"Lait concentré sucré Nestlé 1kg","p":4.21,"u":"4,21 €/KG","img":"https://fd16-photos.leclercdrive.fr/image.ashx?id=2906067&use=l&cat=p&typeid=i","cat":299162},{"id":56163,"n":"Lait concentré sucré Nestlé x6 sticks - 30g","p":2.2,"u":"73,33 €/KG","img":"https://fd16-photos.leclercdrive.fr/image.ashx?id=2306528&use=l&cat=p&typeid=i","cat":299162},{"id":56164,"n":"Protège-document Esquisse x1 Violet - A4 - 80 vues","p":2.49,"img":"https://fd16-photos.leclercdrive.fr/image.ashx?id=1196159&use=l&cat=p&typeid=i","cat":284745},{"id":56213,"n":"Assiette Italienne 130g","p":5.65,"u":"43,46 €/KG","img":"https://fd16-photos.leclercdrive.fr/image.ashx?id=2025173&use=l&cat=p&typeid=i","cat":316007},{"id":56225,"n":"Coquilles Saint-Jacques Maréval Bretonnes, 20% noix - 360g","p":5.29,"u":"14,69 €/KG","img":"https://fd16-photos.leclercdrive.fr/image.ashx?id=2321355&use=l&cat=p&typeid=i","cat":319775},{"id":56231,"n":"Trieur Esquisse A4 Multicoloris - 12 positions","p":3.89,"img":"https://fd16-photos.leclercdrive.fr/image.ashx?id=2727719&use=l&cat=p&typeid=i","cat":284745},{"id":56232,"n":"Trieur Esquisse 3 rabats  Noir - 12 positions","p":3.89,"img":"https://fd16-photos.leclercdrive.fr/image.ashx?id=1691198&use=l&cat=p&typeid=i","cat":284745},{"id":56233,"n":"Trieur Esquisse 3 rabats  Turquoise - 12 positions","p":3.89,"img":"https://fd16-photos.leclercdrive.fr/image.ashx?id=1691201&use=l&cat=p&typeid=i","cat":284745},{"id":56435,"n":"Bouillon Kub Or Maggi  Déshydraté dégraissé - 128g","p":1.62,"u":"12,66 €/KG","img":"https://fd16-photos.leclercdrive.fr/image.ashx?id=2953977&use=l&cat=p&typeid=i","cat":288379},{"id":56444,"n":"Biscuits chocolat amande GERBLE  - 4x4, 200g","p":1.81,"u":"9,05 €/KG","img":"https://fd16-photos.leclercdrive.fr/image.ashx?id=2967004&use=l&cat=p&typeid=i","cat":318651},{"id":56452,"n":"Cookie Cacao GERBLE  sans sucres - 130g","p":2.36,"u":"18,15 €/KG","img":"https://fd16-photos.leclercdrive.fr/image.ashx?id=2575057&use=l&cat=p&typeid=i","cat":318653},{"id":56456,"n":"Biscuit Coco GERBLE  sans sucre - 132g","p":1.93,"u":"14,62 €/KG","img":"https://fd16-photos.leclercdrive.fr/image.ashx?id=2662826&use=l&cat=p&typeid=i","cat":318653},{"id":56468,"n":"Goûters 4S aux pommes Gerblé 360g","p":2.13,"u":"5,92 €/KG","img":"https://fd16-photos.leclercdrive.fr/image.ashx?id=2860907&use=l&cat=p&typeid=i","cat":318651},{"id":56510,"n":"Préfou de Vendée NRT A l'ail - 280g","p":3.75,"u":"13,39 €/KG","img":"https://fd16-photos.leclercdrive.fr/image.ashx?id=2743891&use=l&cat=p&typeid=i","cat":316003},{"id":56517,"n":"Eau minérale naturelle Contrex 6x1.5L","p":2.89,"u":"0,32 €/L","img":"https://fd16-photos.leclercdrive.fr/image.ashx?id=2758773&use=l&cat=p&typeid=i","cat":284535},{"id":56547,"n":"Flocons d'avoine bio Bio Village - 500g","p":1.48,"u":"2,96 €/KG","img":"https://fd16-photos.leclercdrive.fr/image.ashx?id=2688243&use=l&cat=p&typeid=i","cat":309512},{"id":56574,"n":"Sel Fin de Table Rustica Boîte verseuse 500g","p":0.46,"u":"0,92 €/KG","img":"https://fd16-photos.leclercdrive.fr/image.ashx?id=2050681&use=l&cat=p&typeid=i","cat":284457},{"id":56610,"n":"Fromage à tartiner Madame Loïk Fouetté Nature - 180g","p":1.95,"u":"10,83 €/KG","img":"https://fd16-photos.leclercdrive.fr/image.ashx?id=2948015&use=l&cat=p&typeid=i","cat":314029},{"id":56683,"n":"Pur jus d'ananas Bio Village  Bio - 1L","p":3.81,"u":"3,81 €/L","img":"https://fd16-photos.leclercdrive.fr/image.ashx?id=2901539&use=l&cat=p&typeid=i","cat":284916},{"id":56741,"n":"Fromage raclette Entremont  Sans croûte - 350g","p":4.9,"u":"14,00 €/KG","img":"https://fd16-photos.leclercdrive.fr/image.ashx?id=2980902&use=l&cat=p&typeid=i","cat":314037},{"id":56763,"n":"Vinaigre de vin Rustica  25cl","p":0.89,"u":"3,56 €/L","img":"https://fd16-photos.leclercdrive.fr/image.ashx?id=1072903&use=l&cat=p&typeid=i","cat":298543},{"id":56765,"n":"Vinaigre de cidre Rustica 25cl","p":0.79,"u":"3,16 €/L","img":"https://fd16-photos.leclercdrive.fr/image.ashx?id=1072906&use=l&cat=p&typeid=i","cat":298543},{"id":56767,"n":"Vinaigre balsamique Rustica De Modène - 25cl","p":1.27,"u":"5,08 €/L","img":"https://fd16-photos.leclercdrive.fr/image.ashx?id=2777812&use=l&cat=p&typeid=i","cat":298543},{"id":56789,"n":"Whisky Talisker Storm 45.8%vol - 70cL","p":36.95,"u":"52,79 €/L","img":"https://fd16-photos.leclercdrive.fr/image.ashx?id=2160039&use=l&cat=p&typeid=i","cat":284547},{"id":56831,"n":"Nuggets de poulet Maître Coq Sachet - 1kg","p":5.79,"u":"5,79 €/KG","img":"https://fd16-photos.leclercdrive.fr/image.ashx?id=2936404&use=l&cat=p&typeid=i","cat":319780},{"id":56860,"n":"Flûtes Tokapi Chèvre/romarin -  - 100g","p":1.59,"u":"15,90 €/KG","img":"https://fd16-photos.leclercdrive.fr/image.ashx?id=2374055&use=l&cat=p&typeid=i","cat":297000},{"id":56861,"n":"Mini-flûtes Tokapi Tomate/olive/origan - 100g","p":1.59,"u":"15,90 €/KG","img":"https://fd16-photos.leclercdrive.fr/image.ashx?id=2374058&use=l&cat=p&typeid=i","cat":297000},{"id":56862,"n":"Couscous Comptoir du Grain  Fin - 1kg","p":2.17,"u":"2,17 €/KG","img":"https://fd16-photos.leclercdrive.fr/image.ashx?id=3012854&use=l&cat=p&typeid=i","cat":284429},{"id":56874,"n":"Lasagnes bolognaise Côté Table Barquette - 350g","p":2.39,"u":"6,83 €/KG","img":"https://fd16-photos.leclercdrive.fr/image.ashx?id=2476164&use=l&cat=p&typeid=i","cat":284953},{"id":56885,"n":"Gel coiffant Vitanove Effet invisible - 300ml","p":1.96,"u":"6,53 €/L","img":"https://fd16-photos.leclercdrive.fr/image.ashx?id=2879940&use=l&cat=p&typeid=i","cat":284609},{"id":56886,"n":"Gel coiffant Vitanove Effet mouillé - 300ml","p":1.53,"u":"5,10 €/L","img":"https://fd16-photos.leclercdrive.fr/image.ashx?id=2273361&use=l&cat=p&typeid=i","cat":284609},{"id":56923,"n":"Camembert Lanquetot 250g + 10% offert","p":3.14,"u":"11,42 €/KG","img":"https://fd16-photos.leclercdrive.fr/image.ashx?id=1586640&use=l&cat=p&typeid=i","cat":314033},{"id":56935,"n":"Pâte à tartiner Nutella 400g","p":3.34,"u":"8,35 €/KG","img":"https://fd16-photos.leclercdrive.fr/image.ashx?id=2935645&use=l&cat=p&typeid=i","cat":284481},{"id":56953,"n":"Cordons bleus Côté Croc Au poulet x2 - 200g","p":1.59,"u":"7,95 €/KG","img":"https://fd16-photos.leclercdrive.fr/image.ashx?id=2801046&use=l&cat=p&typeid=i","cat":333683},{"id":56967,"n":"Biscuits déli Matin P'tit Deli Pepites chocolat -  600g","p":3.31,"u":"5,52 €/KG","img":"https://fd16-photos.leclercdrive.fr/image.ashx?id=2999514&use=l&cat=p&typeid=i","cat":284491},{"id":56968,"n":"Rhum ambré Trois Rivières 40% vol - 70cl","p":14.89,"u":"21,27 €/L","img":"https://fd16-photos.leclercdrive.fr/image.ashx?id=2973670&use=l&cat=p&typeid=i","cat":284550},{"id":56980,"n":"Laque Vitanove  Maximum - 400ml","p":2.6,"u":"6,50 €/L","img":"https://fd16-photos.leclercdrive.fr/image.ashx?id=2490043&use=l&cat=p&typeid=i","cat":284609},{"id":56983,"n":"Laque Vitanove Ultra protect - 400ml","p":2.65,"u":"6,63 €/L","img":"https://fd16-photos.leclercdrive.fr/image.ashx?id=2490046&use=l&cat=p&typeid=i","cat":284609},{"id":56991,"n":"Eau de javel Clair Citron - 3x250ml","p":1.3,"u":"1,73 €/L","img":"https://fd16-photos.leclercdrive.fr/image.ashx?id=1073466&use=l&cat=p&typeid=i","cat":284661},{"id":56992,"n":"Sauce roquefort Ferial  120g","p":1.69,"u":"14,08 €/KG","img":"https://fd16-photos.leclercdrive.fr/image.ashx?id=2636245&use=l&cat=p&typeid=i","cat":284382},{"id":56996,"n":"Jus de fruit Jafaden  Pur jus multifruits - 2L","p":2.59,"u":"1,30 €/L","img":"https://fd16-photos.leclercdrive.fr/image.ashx?id=2920196&use=l&cat=p&typeid=i","cat":284917},{"id":57007,"n":"Fromage tartiflette Les Croisés 27%mg - 250g","p":2.88,"u":"11,52 €/KG","img":"https://fd16-photos.leclercdrive.fr/image.ashx?id=2793248&use=l&cat=p&typeid=i","cat":314037},{"id":57017,"n":"Friandises chat Catisfactions Poulet - 60g","p":1.06,"u":"17,67 €/KG","img":"https://fd16-photos.leclercdrive.fr/image.ashx?id=2914762&use=l&cat=p&typeid=i","cat":285285},{"id":57030,"n":"Fromage Morbier NRT AOP  250g","p":3.59,"u":"14,36 €/KG","img":"https://fd16-photos.leclercdrive.fr/image.ashx?id=2624034&use=l&cat=p&typeid=i","cat":329184},{"id":57035,"n":"Sacs poubelle 50L Poubel'sak x15","p":2.72,"u":"0,18 €/P","img":"https://fd16-photos.leclercdrive.fr/image.ashx?id=1886893&use=l&cat=p&typeid=i","cat":284707},{"id":57040,"n":"Bière blanche 1664 Blanc 5° - 6x25cl","p":4.69,"u":"3,13 €/L","img":"https://fd16-photos.leclercdrive.fr/image.ashx?id=2886699&use=l&cat=p&typeid=i","cat":334878},{"id":57041,"n":"Bière blonde 1664 5,5° - 6x33cl canettes","p":4.99,"pp":3.29,"u":"1,66 €/L","img":"https://fd16-photos.leclercdrive.fr/image.ashx?id=2887566&use=l&cat=p&typeid=i","cat":334853},{"id":57045,"n":"Bière blonde Kronenbourg 4,2° - 6x33cl canettes","p":3.96,"u":"2,00 €/L","img":"https://fd16-photos.leclercdrive.fr/image.ashx?id=2212581&use=l&cat=p&typeid=i","cat":334853},{"id":57100,"n":"Yaourts aux fruits Délisse Abricot - 4x125g","p":1.68,"u":"3,36 €/KG","img":"https://fd16-photos.leclercdrive.fr/image.ashx?id=2586025&use=l&cat=p&typeid=i","cat":284410},{"id":57121,"n":"Nettoyant salle de bain 3en1 Briochin - Ecocert - 750mL","p":3.24,"u":"4,32 €/L","img":"https://fd16-photos.leclercdrive.fr/image.ashx?id=3011398&use=l&cat=p&typeid=i","cat":325357},{"id":57129,"n":"Pains au chocolat pur beurre  4x1P","p":2.6,"u":"0,65 €/P","img":"https://fd16-photos.leclercdrive.fr/image.ashx?id=2071046&use=l&cat=p&typeid=i","cat":284984},{"id":57162,"n":"Yaourt brassé fraise 4x125g","p":1.41,"u":"2,82 €/KG","img":"https://fd16-photos.leclercdrive.fr/image.ashx?id=2796532&use=l&cat=p&typeid=i","cat":284410},{"id":57163,"n":"Yaourts aux fruits quartiers 16x125g","p":4.39,"u":"2,20 €/KG","img":"https://fd16-photos.leclercdrive.fr/image.ashx?id=2482890&use=l&cat=p&typeid=i","cat":284410},{"id":57274,"n":"Boisson aux fruits Oasis Goût Pomme Cassis Framboise 1L","p":1.79,"u":"1,79 €/L","img":"https://fd16-photos.leclercdrive.fr/image.ashx?id=3011083&use=l&cat=p&typeid=i","cat":295018},{"id":57275,"n":"Boisson aux fruits Oasis Tropical - 1L","p":1.6,"u":"1,60 €/L","img":"https://fd16-photos.leclercdrive.fr/image.ashx?id=2666638&use=l&cat=p&typeid=i","cat":295018},{"id":57284,"n":"AOC Prosecco Riccadonna Extra Dry - 11° - 75cl","p":6.29,"u":"8,39 €/L","img":"https://fd16-photos.leclercdrive.fr/image.ashx?id=2666303&use=l&cat=p&typeid=i","cat":289461},{"id":57314,"n":"Risotto Fleury Michon Poulet et cèpes - 280g","p":3.15,"u":"11,25 €/KG","img":"https://fd16-photos.leclercdrive.fr/image.ashx?id=3003281&use=l&cat=p&typeid=i","cat":333665},{"id":57354,"n":"Duo de Sel & Poivre La Baleine Sel 50G - Poivre 18G","p":2.8,"u":"41,18 €/KG","img":"https://fd16-photos.leclercdrive.fr/image.ashx?id=1752097&use=l&cat=p&typeid=i","cat":284457},{"id":57410,"n":"Croissants Croustipâte x4 - 240g","p":1.59,"u":"6,63 €/KG","img":"https://fd16-photos.leclercdrive.fr/image.ashx?id=2886100&use=l&cat=p&typeid=i","cat":333681},{"id":57712,"n":"Vin de l'Union Européenne rosé Caves Vernaux Champlure - 75 cl","p":2.65,"u":"3,53 €/L","img":"https://fd16-photos.leclercdrive.fr/image.ashx?id=2964950&use=l&cat=p&typeid=i","cat":289558},{"id":57713,"n":"Vin Union européenne blanc Lichette Alouettes - 5L","p":13.42,"u":"2,68 €/L","img":"https://fd16-photos.leclercdrive.fr/image.ashx?id=2859194&use=l&cat=p&typeid=i","cat":289557},{"id":57742,"n":"Lait croissance Guigoz Gest 3e âge - dès 12 mois - 800g","p":12.42,"u":"15,53 €/KG","img":"https://fd16-photos.leclercdrive.fr/image.ashx?id=2895023&use=l&cat=p&typeid=i","cat":290219},{"id":57763,"n":"Pâtes Serpentini Panzani 3 Minutes - 500g","p":1.39,"u":"2,78 €/KG","img":"https://fd16-photos.leclercdrive.fr/image.ashx?id=2896078&use=l&cat=p&typeid=i","cat":284427},{"id":57767,"n":"Tablette de chocolat noir Lindt Framboise intense - 100g","p":2.32,"u":"23,20 €/KG","img":"https://fd16-photos.leclercdrive.fr/image.ashx?id=2689484&use=l&cat=p&typeid=i","cat":318654},{"id":57768,"n":"Tablette de chocolat noir Lindt Sésame grillé - 100g","p":2.35,"u":"23,50 €/KG","img":"https://fd16-photos.leclercdrive.fr/image.ashx?id=2689490&use=l&cat=p&typeid=i","cat":284956},{"id":57775,"n":"Chocolat au lait Eco+ Noisette - 4x100g","p":3.08,"u":"7,70 €/KG","img":"https://fd16-photos.leclercdrive.fr/image.ashx?id=2775463&use=l&cat=p&typeid=i","cat":284497},{"id":57776,"n":"Chocolat au lait Eco+ Céréales - 4x100g","p":2.76,"u":"6,90 €/KG","img":"https://fd16-photos.leclercdrive.fr/image.ashx?id=2835187&use=l&cat=p&typeid=i","cat":284497},{"id":57779,"n":"Capsules café Plantation Espresso n°5 - x16 - 92g","p":2.69,"u":"29,24 €/KG","img":"https://fd16-photos.leclercdrive.fr/image.ashx?id=2649729&use=l&cat=p&typeid=i","cat":293239},{"id":57782,"n":"Capsules café Plantation Cappuccino - 2x8 - 166g","p":3.45,"u":"20,78 €/KG","img":"https://fd16-photos.leclercdrive.fr/image.ashx?id=2856558&use=l&cat=p&typeid=i","cat":293239},{"id":57783,"n":"Capsules café Plantation Espresso forte n°7 - x16 - 105g","p":2.99,"u":"28,48 €/KG","img":"https://fd16-photos.leclercdrive.fr/image.ashx?id=2649732&use=l&cat=p&typeid=i","cat":293239},{"id":57785,"n":"Capsules café Plantation Lungo n°6 - x16 - 99.2g","p":2.69,"u":"27,17 €/KG","img":"https://fd16-photos.leclercdrive.fr/image.ashx?id=2649735&use=l&cat=p&typeid=i","cat":293239},{"id":57796,"n":"Bonbons KINDER Schoko-Bons Chocolat au lait - 300G","p":5.0,"u":"16,67 €/KG","img":"https://fd16-photos.leclercdrive.fr/image.ashx?id=2439692&use=l&cat=p&typeid=i","cat":304238},{"id":57804,"n":"Tomato Ketchup Heinz - 570g","p":2.25,"u":"3,95 €/KG","img":"https://fd16-photos.leclercdrive.fr/image.ashx?id=2924944&use=l&cat=p&typeid=i","cat":284455},{"id":57812,"n":"Petits pots bébé P'TITE RECETTE Couscous 8M+ - 2x200g","p":1.77,"u":"4,43 €/KG","img":"https://fd16-photos.leclercdrive.fr/image.ashx?id=2525696&use=l&cat=p&typeid=i","cat":312236},{"id":57813,"n":"Petits pots bébé P'TITE RECETTE Poulet Basquais 15M+ - 2 x 200g","p":2.18,"u":"5,45 €/KG","img":"https://fd16-photos.leclercdrive.fr/image.ashx?id=2737042&use=l&cat=p&typeid=i","cat":312238},{"id":57814,"n":"Petits pots bébé P'TITE RECETTE Hachis Parmentier 8M+ - 2x200g","p":1.86,"u":"4,65 €/KG","img":"https://fd16-photos.leclercdrive.fr/image.ashx?id=2629689&use=l&cat=p&typeid=i","cat":312236},{"id":57815,"n":"Petits pots bébé P'TITE RECETTE Spaghetti bolognaise 8m -2x200g","p":1.84,"u":"4,60 €/KG","img":"https://fd16-photos.leclercdrive.fr/image.ashx?id=2629683&use=l&cat=p&typeid=i","cat":312236},{"id":57821,"n":"Petits pots bébé PTIT SOUPER pâtes courgettes 6M+ - 2x200g","p":2.05,"u":"5,13 €/KG","img":"https://fd16-photos.leclercdrive.fr/image.ashx?id=2526523&use=l&cat=p&typeid=i","cat":312239},{"id":57823,"n":"Petits pots bébé P'TIT SOUPER Carottes semoule 6M+ - 2x200g","p":1.88,"u":"4,70 €/KG","img":"https://fd16-photos.leclercdrive.fr/image.ashx?id=2527109&use=l&cat=p&typeid=i","cat":312239},{"id":57824,"n":"Petits pots bébé P'TIT SOUPER Risotto carottes 12M+ - 2x200g","p":2.72,"u":"6,80 €/KG","img":"https://fd16-photos.leclercdrive.fr/image.ashx?id=2526526&use=l&cat=p&typeid=i","cat":312239},{"id":57883,"n":"Petits pots bébé P'TITE RECETTE  riz dinde 12M+ - 2x200g","p":1.84,"u":"4,60 €/KG","img":"https://fd16-photos.leclercdrive.fr/image.ashx?id=2629686&use=l&cat=p&typeid=i","cat":312237},{"id":57953,"n":"Papier cuisson Albal x16 feuilles","p":2.7,"pp":1.78,"img":"https://fd16-photos.leclercdrive.fr/image.ashx?id=2551447&use=l&cat=p&typeid=i","cat":334134},{"id":57956,"n":"Serviettes fuites urinaires  TENA Discreet - Mini - x20","p":3.62,"u":"0,18 €/P","img":"https://fd16-photos.leclercdrive.fr/image.ashx?id=2597241&use=l&cat=p&typeid=i","cat":284628},{"id":57957,"n":"Serviette Tena Lady Discreet - Normal - x12","p":3.68,"u":"0,31 €/P","img":"https://fd16-photos.leclercdrive.fr/image.ashx?id=2597235&use=l&cat=p&typeid=i","cat":284628},{"id":57958,"n":"Eau de toilette Alix De Faure Nature de feu - 100ml","p":4.55,"u":"45,50 €/L","img":"https://fd16-photos.leclercdrive.fr/image.ashx?id=2741300&use=l&cat=p&typeid=i","cat":287740},{"id":57959,"n":"Eau de toilette Alix de Faure Nature boisée - 100ml","p":4.55,"u":"45,50 €/L","img":"https://fd16-photos.leclercdrive.fr/image.ashx?id=2741297&use=l&cat=p&typeid=i","cat":287740},{"id":57962,"n":"Eau de toilette Alix de Faure Sao Paulo - 100ml","p":4.99,"u":"49,90 €/L","img":"https://fd16-photos.leclercdrive.fr/image.ashx?id=2251537&use=l&cat=p&typeid=i","cat":291525},{"id":57963,"n":"Eau de toilette Alix de Faure Budapest - 100ml","p":4.4,"u":"44,00 €/L","img":"https://fd16-photos.leclercdrive.fr/image.ashx?id=2251531&use=l&cat=p&typeid=i","cat":291525},{"id":57977,"n":"Gel nettoyant canalisations Destop Pin intense - 750ml","p":2.37,"u":"3,16 €/L","img":"https://fd16-photos.leclercdrive.fr/image.ashx?id=2730310&use=l&cat=p&typeid=i","cat":284908},{"id":57983,"n":"Râpe Électrique Velvet Smooth Exfoliante et Contour des Pieds","p":23.9,"u":"Dont 0,17 € d'éco-part.","img":"https://fd16-photos.leclercdrive.fr/image.ashx?id=2465143&use=l&cat=p&typeid=i","cat":325354},{"id":58125,"n":"flan dany chocolat 4x100g","p":1.5,"u":"3,75 €/KG","img":"https://fd16-photos.leclercdrive.fr/image.ashx?id=2132316&use=l&cat=p&typeid=i","cat":284414},{"id":58142,"n":"Confiture extra bio Bio Village Cassis - 370g","p":2.59,"u":"7,00 €/KG","img":"https://fd16-photos.leclercdrive.fr/image.ashx?id=2459587&use=l&cat=p&typeid=i","cat":284480},{"id":58202,"n":"Désodorisant Bien Air Floral - 300ml","p":1.09,"u":"3,63 €/L","img":"https://fd16-photos.leclercdrive.fr/image.ashx?id=2614573&use=l&cat=p&typeid=i","cat":311626},{"id":58203,"n":"Désodorisant Bien Air  Fruits rouges - 300ml","p":1.35,"u":"4,50 €/L","img":"https://fd16-photos.leclercdrive.fr/image.ashx?id=2613723&use=l&cat=p&typeid=i","cat":311626},{"id":58205,"n":"Désodorisant Bien Air Vanille - 300ml","p":1.09,"u":"3,63 €/L","img":"https://fd16-photos.leclercdrive.fr/image.ashx?id=2613726&use=l&cat=p&typeid=i","cat":311626},{"id":58206,"n":"Désodorisant Bien Air Agrume, anti-tabac - 300ml","p":1.15,"u":"3,83 €/L","img":"https://fd16-photos.leclercdrive.fr/image.ashx?id=2613729&use=l&cat=p&typeid=i","cat":311626},{"id":58214,"n":"Carré gourmand Garden Gourmet Tomates et mozzarella 160g","p":2.36,"u":"14,75 €/KG","img":"https://fd16-photos.leclercdrive.fr/image.ashx?id=3009107&use=l&cat=p&typeid=i","cat":316036},{"id":58221,"n":"Feuilles de filo Tablier Blanc 250g","p":1.91,"u":"7,64 €/KG","img":"https://fd16-photos.leclercdrive.fr/image.ashx?id=1938591&use=l&cat=p&typeid=i","cat":333681},{"id":58232,"n":"Pâte feuilletée Tablier Blanc Rectangulaire - 230g","p":1.14,"u":"4,96 €/KG","img":"https://fd16-photos.leclercdrive.fr/image.ashx?id=2635931&use=l&cat=p&typeid=i","cat":333681},{"id":58338,"n":"Préfou au camembert 300g","p":4.5,"u":"15,00 €/KG","img":"https://fd16-photos.leclercdrive.fr/image.ashx?id=2803844&use=l&cat=p&typeid=i","cat":316003},{"id":58365,"n":"Tartelettes Chocolat P'tit Déli Fourrées au lait - 225g","p":1.39,"u":"6,18 €/KG","img":"https://fd16-photos.leclercdrive.fr/image.ashx?id=2523715&use=l&cat=p&typeid=i","cat":284488},{"id":58428,"n":"Sachet fraicheur chat Sheba Boeuf poulet en sauce - 6x50g","p":2.6,"u":"8,67 €/KG","img":"https://fd16-photos.leclercdrive.fr/image.ashx?id=2895927&use=l&cat=p&typeid=i","cat":285286},{"id":58444,"n":"Cacahuètes Benenuts-Twinuts Nature format familial - 260g","p":1.92,"u":"7,38 €/KG","img":"https://fd16-photos.leclercdrive.fr/image.ashx?id=2967744&use=l&cat=p&typeid=i","cat":284448},{"id":58450,"n":"Tomates pelées entières D'aucy 476g","p":1.62,"u":"3,40 €/KG","img":"https://fd16-photos.leclercdrive.fr/image.ashx?id=2751996&use=l&cat=p&typeid=i","cat":312608},{"id":58451,"n":"Sachets repas chats Gourmet Mon Petit - Poisson - 6x50g","p":2.48,"u":"8,27 €/KG","img":"https://fd16-photos.leclercdrive.fr/image.ashx?id=2899686&use=l&cat=p&typeid=i","cat":285286},{"id":58453,"n":"Sachets repas chats Gourmet Mon Petit - Volaille - 6x50g","p":2.48,"u":"8,27 €/KG","img":"https://fd16-photos.leclercdrive.fr/image.ashx?id=2899689&use=l&cat=p&typeid=i","cat":285286},{"id":58457,"n":"Sachet repas chats Gourmet 12x85g","p":6.81,"u":"6,68 €/KG","img":"https://fd16-photos.leclercdrive.fr/image.ashx?id=2901124&use=l&cat=p&typeid=i","cat":285286},{"id":58459,"n":"Croquettes chat Purina One Adulte - Boeuf/Céréales - 1.5Kg","p":6.77,"u":"4,51 €/KG","img":"https://fd16-photos.leclercdrive.fr/image.ashx?id=2433548&use=l&cat=p&typeid=i","cat":284680},{"id":58460,"n":"Croquettes chat Purina One Boules de poils - Poulet -1.5Kg","p":8.09,"u":"5,39 €/KG","img":"https://fd16-photos.leclercdrive.fr/image.ashx?id=2868527&use=l&cat=p&typeid=i","cat":284680},{"id":58463,"n":"Gâche tranchée La Fournée Dorée 500g","p":2.17,"u":"4,34 €/KG","img":"https://fd16-photos.leclercdrive.fr/image.ashx?id=2277956&use=l&cat=p&typeid=i","cat":284478},{"id":58488,"n":"Boîte chat Whiskas Sauce carte du boucher - 4x400g","p":5.4,"u":"3,38 €/KG","img":"https://fd16-photos.leclercdrive.fr/image.ashx?id=2619986&use=l&cat=p&typeid=i","cat":285601},{"id":58490,"n":"Sauce Béchamel Maggi 350ml","p":1.56,"u":"4,46 €/L","img":"https://fd16-photos.leclercdrive.fr/image.ashx?id=2977726&use=l&cat=p&typeid=i","cat":288381},{"id":58491,"n":"Briochettes Navettes La Fournée dorée x8 - 400g","p":2.44,"u":"6,10 €/KG","img":"https://fd16-photos.leclercdrive.fr/image.ashx?id=2842777&use=l&cat=p&typeid=i","cat":284478},{"id":58496,"n":"Bière blonde Heineken 6x33cl","p":7.34,"u":"3,71 €/L","img":"https://fd16-photos.leclercdrive.fr/image.ashx?id=3008107&use=l&cat=p&typeid=i","cat":334873},{"id":58505,"n":"Bière blonde Heineken Sans alcool - 6x25cl","p":4.32,"u":"2,88 €/L","img":"https://fd16-photos.leclercdrive.fr/image.ashx?id=2948528&use=l&cat=p&typeid=i","cat":334877},{"id":58511,"n":"Salami Danois fumé Eco+ 20 tranches - 200g","p":1.09,"u":"5,45 €/KG","img":"https://fd16-photos.leclercdrive.fr/image.ashx?id=2573713&use=l&cat=p&typeid=i","cat":316007},{"id":58513,"n":"Croque monsieur Eco+ x2 - 260g","p":1.37,"u":"5,27 €/KG","img":"https://fd16-photos.leclercdrive.fr/image.ashx?id=2758496&use=l&cat=p&typeid=i","cat":333671},{"id":58514,"n":"Croissant au Jambon Eco+ 2x140g","p":1.67,"u":"5,96 €/KG","img":"https://fd16-photos.leclercdrive.fr/image.ashx?id=2783815&use=l&cat=p&typeid=i","cat":333671},{"id":58518,"n":"Tortellini à la viande Eco+ 500g","p":1.74,"u":"3,48 €/KG","img":"https://fd16-photos.leclercdrive.fr/image.ashx?id=2606795&use=l&cat=p&typeid=i","cat":333682},{"id":58526,"n":"Salade cervelas Menu fraîcheur 300g","p":2.57,"u":"8,57 €/KG","img":"https://fd16-photos.leclercdrive.fr/image.ashx?id=2645957&use=l&cat=p&typeid=i","cat":333657},{"id":58547,"n":"Duo de raisins moelleux Couleurs Vives - 250g","p":2.25,"u":"9,00 €/KG","img":"https://fd16-photos.leclercdrive.fr/image.ashx?id=2659262&use=l&cat=p&typeid=i","cat":284357},{"id":58548,"n":"Sachets repas chats Purina One Sauce boeuf poulet x4 - 340g","p":2.0,"u":"5,88 €/KG","img":"https://fd16-photos.leclercdrive.fr/image.ashx?id=2468239&use=l&cat=p&typeid=i","cat":285286},{"id":58570,"n":"Friandises chien Pedigree  Récompense bœuf volaille - 155g","p":1.75,"u":"11,29 €/KG","img":"https://fd16-photos.leclercdrive.fr/image.ashx?id=2924779&use=l&cat=p&typeid=i","cat":294527},{"id":58577,"n":"Dessert bébé lacté Blédina 6m Abricot - 6x55g","p":2.18,"u":"6,61 €/KG","img":"https://fd16-photos.leclercdrive.fr/image.ashx?id=2952448&use=l&cat=p&typeid=i","cat":312392},{"id":58578,"n":"Dessert bébé lacté Blédina 6m Fraise - 6x55g","p":2.33,"u":"7,06 €/KG","img":"https://fd16-photos.leclercdrive.fr/image.ashx?id=2952451&use=l&cat=p&typeid=i","cat":312392},{"id":58610,"n":"Brocolis cuits Notre Jardin 750g","p":1.79,"u":"2,39 €/KG","img":"https://fd16-photos.leclercdrive.fr/image.ashx?id=2873153&use=l&cat=p&typeid=i","cat":319805},{"id":58613,"n":"Haricots verts Gillet  Extra fins, bocal - 345g","p":3.5,"u":"10,14 €/KG","img":"https://fd16-photos.leclercdrive.fr/image.ashx?id=1867183&use=l&cat=p&typeid=i","cat":312606},{"id":58625,"n":"Cœurs de palmiers Géant Vert - 220g","p":3.56,"u":"16,18 €/KG","img":"https://fd16-photos.leclercdrive.fr/image.ashx?id=2840560&use=l&cat=p&typeid=i","cat":312611},{"id":58630,"n":"Tablette chocolat Bio Côte d'Or Chocolat noir - 90g","p":2.49,"u":"27,67 €/KG","img":"https://fd16-photos.leclercdrive.fr/image.ashx?id=2985579&use=l&cat=p&typeid=i","cat":284956},{"id":58635,"n":"Soupe Douceur automne Knorr Crème fraîche - 1L","p":2.88,"u":"2,88 €/L","img":"https://fd16-photos.leclercdrive.fr/image.ashx?id=2212824&use=l&cat=p&typeid=i","cat":284462},{"id":58646,"n":"Fromage AOP Comté Jura Flore 9 mois - 200g","p":4.1,"u":"20,50 €/KG","img":"https://fd16-photos.leclercdrive.fr/image.ashx?id=2765243&use=l&cat=p&typeid=i","cat":314036},{"id":58648,"n":"Comté AOP  15 mois - 200g","p":4.94,"u":"24,70 €/KG","img":"https://fd16-photos.leclercdrive.fr/image.ashx?id=2692575&use=l&cat=p&typeid=i","cat":314034},{"id":58651,"n":"Pizza bords fourrés au fromage  Turini 3 fromages - 450g","p":4.15,"u":"9,22 €/KG","img":"https://fd16-photos.leclercdrive.fr/image.ashx?id=2816582&use=l&cat=p&typeid=i","cat":284256},{"id":58676,"n":"Saucisses fumées Férial x4 - 360g","p":3.99,"u":"11,08 €/KG","img":"https://fd16-photos.leclercdrive.fr/image.ashx?id=2693156&use=l&cat=p&typeid=i","cat":316012},{"id":58685,"n":"Jambon Speck Saint Azay 100g","p":2.39,"u":"23,90 €/KG","img":"https://fd16-photos.leclercdrive.fr/image.ashx?id=2856739&use=l&cat=p&typeid=i","cat":316007},{"id":58693,"n":"Galettes de pommes de terre NRT à l'Alsacienne - 670g","p":2.99,"u":"4,46 €/KG","img":"https://fd16-photos.leclercdrive.fr/image.ashx?id=2699822&use=l&cat=p&typeid=i","cat":319792},{"id":58715,"n":"Mini croque monsieur Côté Table x20 - 240g","p":4.64,"u":"19,33 €/KG","img":"https://fd16-photos.leclercdrive.fr/image.ashx?id=2217167&use=l&cat=p&typeid=i","cat":319774},{"id":58716,"n":"Duo de Courgettes Notre Jardin Tomates - 900g","p":2.45,"u":"2,72 €/KG","img":"https://fd16-photos.leclercdrive.fr/image.ashx?id=2404290&use=l&cat=p&typeid=i","cat":319823},{"id":58740,"n":"Haché à cuisiner Charal Happy Family - 600g","p":7.46,"u":"12,43 €/KG","img":"https://fd16-photos.leclercdrive.fr/image.ashx?id=2977330&use=l&cat=p&typeid=i","cat":319779},{"id":58952,"n":"Yaourts à boire Actimel framboise fruit rouge - 12x100g","p":5.06,"u":"4,22 €/KG","img":"https://fd16-photos.leclercdrive.fr/image.ashx?id=2996476&use=l&cat=p&typeid=i","cat":284415},{"id":58966,"n":"Allume-feu Flam'Up x72 + 24 offerts","p":2.29,"u":"0,02 €/P","img":"https://fd16-photos.leclercdrive.fr/image.ashx?id=2086915&use=l&cat=p&typeid=i","cat":300578},{"id":59038,"n":"Café moulu L'Or Intense 100% Arabica - 2x250g","p":8.7,"u":"17,40 €/KG","img":"https://fd16-photos.leclercdrive.fr/image.ashx?id=2020062&use=l&cat=p&typeid=i","cat":284750},{"id":59041,"n":"Céréales Extra Kellogg's Chocolat au lait - 800g","p":5.0,"u":"6,25 €/KG","img":"https://fd16-photos.leclercdrive.fr/image.ashx?id=2694941&use=l&cat=p&typeid=i","cat":309512},{"id":59043,"n":"Lait en poudre Régilait Entier - 300g","p":2.73,"u":"9,10 €/KG","img":"https://fd16-photos.leclercdrive.fr/image.ashx?id=2110074&use=l&cat=p&typeid=i","cat":293236},{"id":59105,"n":"Pâtes Grand'Mère Torsades - 3x250g","p":2.38,"u":"3,17 €/KG","img":"https://fd16-photos.leclercdrive.fr/image.ashx?id=2303621&use=l&cat=p&typeid=i","cat":284427},{"id":59235,"n":"Café dosettes Tassimo L'Or Café Long Classique x24","p":6.68,"u":"42,82 €/KG","img":"https://fd16-photos.leclercdrive.fr/image.ashx?id=2100356&use=l&cat=p&typeid=i","cat":293240},{"id":59252,"n":"Café dosettes Tassimo Maxwell House - caramel x8","p":5.5,"u":"20,52 €/KG","img":"https://fd16-photos.leclercdrive.fr/image.ashx?id=2100254&use=l&cat=p&typeid=i","cat":293240},{"id":59257,"n":"Café dosettes Tassimo Grand-mère - petit déjeuner x16","p":3.52,"u":"26,47 €/KG","img":"https://fd16-photos.leclercdrive.fr/image.ashx?id=2100359&use=l&cat=p&typeid=i","cat":293240},{"id":59284,"n":"Maoam Mixx Haribo Sachet bonbons - 250g","p":1.88,"u":"7,52 €/KG","img":"https://fd16-photos.leclercdrive.fr/image.ashx?id=2876956&use=l&cat=p&typeid=i","cat":304250},{"id":59287,"n":"Cornichons Rustica 6 épices - 360g","p":2.31,"u":"6,42 €/KG","img":"https://fd16-photos.leclercdrive.fr/image.ashx?id=2916710&use=l&cat=p&typeid=i","cat":284458},{"id":59292,"n":"Œufs au plat Haribo Sachet bonbons - 300g","p":1.59,"u":"5,30 €/KG","img":"https://fd16-photos.leclercdrive.fr/image.ashx?id=2984892&use=l&cat=p&typeid=i","cat":304250},{"id":59299,"n":"Bonbons KINDER Schoko-Bons Chocolat au lait - 225G","p":3.47,"u":"15,42 €/KG","img":"https://fd16-photos.leclercdrive.fr/image.ashx?id=2679633&use=l&cat=p&typeid=i","cat":304238},{"id":59305,"n":"Sauce American Burger Heinz - 230g","p":1.75,"u":"7,61 €/KG","img":"https://fd16-photos.leclercdrive.fr/image.ashx?id=2973354&use=l&cat=p&typeid=i","cat":318431},{"id":59307,"n":"Miami Pik Haribo Sachet bonbons acidulés - 200g","p":1.48,"u":"7,40 €/KG","img":"https://fd16-photos.leclercdrive.fr/image.ashx?id=2984895&use=l&cat=p&typeid=i","cat":304250},{"id":59336,"n":"Barquette chien Cesar Terrine poulet - 300g","p":1.63,"u":"5,43 €/KG","img":"https://fd16-photos.leclercdrive.fr/image.ashx?id=2091323&use=l&cat=p&typeid=i","cat":284673},{"id":59339,"n":"Barquette chien sénior Cesar Terrine en gelée - 4x150g","p":3.63,"u":"6,05 €/KG","img":"https://fd16-photos.leclercdrive.fr/image.ashx?id=2091320&use=l&cat=p&typeid=i","cat":284673},{"id":59340,"n":"Barquette chien Cesar Terrine cœur légumes - 4x150g","p":4.23,"u":"7,05 €/KG","img":"https://fd16-photos.leclercdrive.fr/image.ashx?id=2091317&use=l&cat=p&typeid=i","cat":284673},{"id":59397,"n":"Captain Morgan Original Spiced Boisson à base de rhum- 1,5L","p":26.95,"pp":23.95,"u":"15,97 €/L","img":"https://fd16-photos.leclercdrive.fr/image.ashx?id=2586486&use=l&cat=p&typeid=i","cat":284551},{"id":59398,"n":"Café moulu L'Or Intense 100% Arabica - 3x250g","p":13.43,"u":"17,91 €/KG","img":"https://fd16-photos.leclercdrive.fr/image.ashx?id=2802377&use=l&cat=p&typeid=i","cat":284750},{"id":59494,"n":"Bière Anosteke Blonde 75cl","p":4.61,"u":"6,15 €/L","img":"https://fd16-photos.leclercdrive.fr/image.ashx?id=2433136&use=l&cat=p&typeid=i","cat":334872},{"id":59495,"n":"Bière Anosteke Prestige Ambrée - 75cl","p":4.65,"u":"6,20 €/L","img":"https://fd16-photos.leclercdrive.fr/image.ashx?id=1758772&use=l&cat=p&typeid=i","cat":334872},{"id":59497,"n":"Bière Paix Dieu Blonde - 75cl","p":5.03,"u":"6,71 €/L","img":"https://fd16-photos.leclercdrive.fr/image.ashx?id=1554802&use=l&cat=p&typeid=i","cat":334872},{"id":59499,"n":"Bière Chouffe Blonde 75cl","p":4.78,"u":"6,37 €/L","img":"https://fd16-photos.leclercdrive.fr/image.ashx?id=2959199&use=l&cat=p&typeid=i","cat":334872},{"id":59501,"n":"Bière Chimay Grande Réserve 75cl","p":4.95,"u":"6,60 €/L","img":"https://fd16-photos.leclercdrive.fr/image.ashx?id=1758852&use=l&cat=p&typeid=i","cat":334872},{"id":59508,"n":"Bière Delirium Tremens Blonde 75cl","p":5.34,"u":"7,12 €/L","img":"https://fd16-photos.leclercdrive.fr/image.ashx?id=1868263&use=l&cat=p&typeid=i","cat":334872},{"id":59539,"n":"Pêches Douceur du Verger Sirop léger - 230 g","p":1.26,"u":"5,48 €/KG","img":"https://fd16-photos.leclercdrive.fr/image.ashx?id=2666468&use=l&cat=p&typeid=i","cat":284507},{"id":59553,"n":"Croustilles  Belin  Emmental - 138g","p":1.23,"u":"8,91 €/KG","img":"https://fd16-photos.leclercdrive.fr/image.ashx?id=3002267&use=l&cat=p&typeid=i","cat":284449},{"id":59556,"n":"Croustilles Belin Cacahuète - 138g","p":1.32,"u":"9,57 €/KG","img":"https://fd16-photos.leclercdrive.fr/image.ashx?id=3002270&use=l&cat=p&typeid=i","cat":284449},{"id":59565,"n":"Pâte à tartiner Nustikao 1kg","p":4.25,"u":"4,25 €/KG","img":"https://fd16-photos.leclercdrive.fr/image.ashx?id=3012860&use=l&cat=p&typeid=i","cat":284481},{"id":59589,"n":"Boisson base vodka Eristoff Red 18° - 70cl","p":12.3,"u":"17,57 €/L","img":"https://fd16-photos.leclercdrive.fr/image.ashx?id=2858258&use=l&cat=p&typeid=i","cat":284550},{"id":59601,"n":"Bière blonde 3 Monts 6x33cl","p":7.35,"u":"3,71 €/L","img":"https://fd16-photos.leclercdrive.fr/image.ashx?id=2548189&use=l&cat=p&typeid=i","cat":334852},{"id":59655,"n":"Dentifrice Email Diamant Rouge - 75ml","p":3.84,"u":"51,20 €/L","img":"https://fd16-photos.leclercdrive.fr/image.ashx?id=1781297&use=l&cat=p&typeid=i","cat":284612},{"id":59714,"n":"Cacahuètes Tokapi  Grillées à sec - 200g","p":0.78,"u":"3,90 €/KG","img":"https://fd16-photos.leclercdrive.fr/image.ashx?id=2799781&use=l&cat=p&typeid=i","cat":284448},{"id":59722,"n":"Crème légère semi-épaisse  Bridélice 18%mg - 3x20cl","p":2.51,"u":"4,18 €/L","img":"https://fd16-photos.leclercdrive.fr/image.ashx?id=2904733&use=l&cat=p&typeid=i","cat":284381},{"id":59725,"n":"Bâtonnets Surimi Saveur Coraya  x12 - 180g","p":2.1,"u":"11,67 €/KG","img":"https://fd16-photos.leclercdrive.fr/image.ashx?id=2962677&use=l&cat=p&typeid=i","cat":285189},{"id":59732,"n":"Bâtonnets surimi Fleury Michon -25% sel  x14 - 230g","p":2.99,"u":"299,00 €/L","img":"https://fd16-photos.leclercdrive.fr/image.ashx?id=2936941&use=l&cat=p&typeid=i","cat":285189},{"id":59779,"n":"Tablette chocolat Côte d'Or Chocolat noir/pistaches - 180g","p":3.33,"u":"18,50 €/KG","img":"https://fd16-photos.leclercdrive.fr/image.ashx?id=1885680&use=l&cat=p&typeid=i","cat":284497},{"id":59832,"n":"Secret de crème Président Semi-épaisse 25%mg - 3x20cl","p":4.11,"u":"6,85 €/L","img":"https://fd16-photos.leclercdrive.fr/image.ashx?id=2699861&use=l&cat=p&typeid=i","cat":284381},{"id":60015,"n":"Pancakes Pasquier x10 - 350g","p":1.98,"u":"5,66 €/KG","img":"https://fd16-photos.leclercdrive.fr/image.ashx?id=2688878&use=l&cat=p&typeid=i","cat":284495},{"id":60028,"n":"Lait bouteille demi-écrémé Faire France - 6x1L","p":8.1,"u":"1,35 €/L","img":"https://fd16-photos.leclercdrive.fr/image.ashx?id=2506005&use=l&cat=p&typeid=i","cat":284377},{"id":60029,"n":"Brioche Harrys Mini Tressée Nature au sucre perlé - 210g","p":2.01,"u":"9,57 €/KG","img":"https://fd16-photos.leclercdrive.fr/image.ashx?id=2667742&use=l&cat=p&typeid=i","cat":284478},{"id":60120,"n":"Yaourts Lait de chèvre Vrai Bio Nature - 2x125g","p":1.48,"u":"5,92 €/KG","img":"https://fd16-photos.leclercdrive.fr/image.ashx?id=2516284&use=l&cat=p&typeid=i","cat":314998},{"id":60175,"n":"Madeleines St Michel  Oeuf en plein air - 1kg","p":3.94,"u":"3,94 €/KG","img":"https://fd16-photos.leclercdrive.fr/image.ashx?id=2936194&use=l&cat=p&typeid=i","cat":284492},{"id":60258,"n":"AOP Côteaux Varois en Provence Rosé Estandon Lumière - 75cl","p":7.01,"u":"9,35 €/L","img":"https://fd16-photos.leclercdrive.fr/image.ashx?id=2889460&use=l&cat=p&typeid=i","cat":289558},{"id":60262,"n":"Jus de pomme 1L","p":2.8,"u":"2,80 €/L","img":"https://fd16-photos.leclercdrive.fr/image.ashx?id=2359888&use=l&cat=p&typeid=i","cat":284522},{"id":60263,"n":"Jus de pomme poire Fruits des Weppes - 1L","p":2.49,"u":"2,49 €/L","img":"https://fd16-photos.leclercdrive.fr/image.ashx?id=2360875&use=l&cat=p&typeid=i","cat":284522},{"id":60266,"n":"Jus de pomme cassis 1L","p":2.89,"u":"2,89 €/L","img":"https://fd16-photos.leclercdrive.fr/image.ashx?id=2360878&use=l&cat=p&typeid=i","cat":284522},{"id":60276,"n":"Champagne Canard Duchêne Réserve Brut - 75cl","p":25.99,"u":"34,65 €/L","img":"https://fd16-photos.leclercdrive.fr/image.ashx?id=2757256&use=l&cat=p&typeid=i","cat":284542},{"id":60313,"n":"Fromage frais Délisse  Vanille de Madagascar - 500g","p":2.29,"u":"4,58 €/KG","img":"https://fd16-photos.leclercdrive.fr/image.ashx?id=3012851&use=l&cat=p&typeid=i","cat":284409},{"id":60480,"n":"Anosteke saison  75cl","p":4.44,"u":"5,92 €/L","img":"https://fd16-photos.leclercdrive.fr/image.ashx?id=2736163&use=l&cat=p&typeid=i","cat":334872},{"id":60588,"n":"Emmental Président 250g","p":2.81,"u":"11,24 €/KG","img":"https://fd16-photos.leclercdrive.fr/image.ashx?id=2752942&use=l&cat=p&typeid=i","cat":314034},{"id":60637,"n":"Matière grasse St Hubert 41 à tartiner - 38% MG - 500g","p":3.77,"u":"7,54 €/KG","img":"https://fd16-photos.leclercdrive.fr/image.ashx?id=2734147&use=l&cat=p&typeid=i","cat":315229},{"id":60692,"n":"Bêtises de Cambrai NRT  200g","p":2.49,"u":"12,45 €/KG","img":"https://fd16-photos.leclercdrive.fr/image.ashx?id=2771414&use=l&cat=p&typeid=i","cat":304250},{"id":60774,"n":"Bière blonde Leffe 6,6% - 6x25cl","p":4.9,"u":"3,27 €/L","img":"https://fd16-photos.leclercdrive.fr/image.ashx?id=2995421&use=l&cat=p&typeid=i","cat":334852},{"id":60890,"n":"Chaussée aux moines 340g","p":2.89,"u":"8,50 €/KG","img":"https://fd16-photos.leclercdrive.fr/image.ashx?id=2830030&use=l&cat=p&typeid=i","cat":329184},{"id":60891,"n":"Camembert Président 250g","p":1.8,"u":"7,20 €/KG","img":"https://fd16-photos.leclercdrive.fr/image.ashx?id=2878873&use=l&cat=p&typeid=i","cat":314033},{"id":60892,"n":"Emmental râpé fondant Président 200g","p":2.05,"u":"10,25 €/KG","img":"https://fd16-photos.leclercdrive.fr/image.ashx?id=2488455&use=l&cat=p&typeid=i","cat":314035},{"id":60957,"n":"Boisson énergisante Red Bull Goût Myrtille, 250ml","p":1.2,"u":"4,80 €/L","img":"https://fd16-photos.leclercdrive.fr/image.ashx?id=2174528&use=l&cat=p&typeid=i","cat":284533},{"id":60978,"n":"Roquefort AOP Société Fromage de brebis - 150g","p":2.93,"u":"19,53 €/KG","img":"https://fd16-photos.leclercdrive.fr/image.ashx?id=2729713&use=l&cat=p&typeid=i","cat":314032},{"id":61019,"n":"Camembert de Campagne Président 250g","p":2.46,"u":"9,84 €/KG","img":"https://fd16-photos.leclercdrive.fr/image.ashx?id=2892559&use=l&cat=p&typeid=i","cat":314033},{"id":61021,"n":"Risotto champignon poulet Marie 900g","p":4.57,"u":"5,08 €/KG","img":"https://fd16-photos.leclercdrive.fr/image.ashx?id=2996755&use=l&cat=p&typeid=i","cat":284254},{"id":61167,"n":"Crème légère épaisse Bridélice 15%mg - 497g","p":1.91,"u":"3,84 €/KG","img":"https://fd16-photos.leclercdrive.fr/image.ashx?id=2996578&use=l&cat=p&typeid=i","cat":284381},{"id":61169,"n":"Petit suisse NESQUIK Chocolat 6x60g","p":1.56,"u":"4,33 €/KG","img":"https://fd16-photos.leclercdrive.fr/image.ashx?id=3007933&use=l&cat=p&typeid=i","cat":284414},{"id":61293,"n":"Boisson Jafaden Orange carotte citron - 1L","p":1.89,"u":"1,89 €/L","img":"https://fd16-photos.leclercdrive.fr/image.ashx?id=2956753&use=l&cat=p&typeid=i","cat":284917},{"id":61594,"n":"Tomato Ketchup Heinz - 910g","p":2.84,"u":"3,12 €/KG","img":"https://fd16-photos.leclercdrive.fr/image.ashx?id=2923420&use=l&cat=p&typeid=i","cat":284455},{"id":61596,"n":"Sauce au poivre Rustica Pot - 245g","p":1.13,"u":"4,61 €/KG","img":"https://fd16-photos.leclercdrive.fr/image.ashx?id=2954373&use=l&cat=p&typeid=i","cat":318430},{"id":61597,"n":"Sauce bourguignonne Rustica Pot - 250g","p":1.01,"u":"4,04 €/KG","img":"https://fd16-photos.leclercdrive.fr/image.ashx?id=2954376&use=l&cat=p&typeid=i","cat":318430},{"id":61605,"n":"Sauce barbecue Rustica Flacon souple - 280g","p":1.39,"u":"4,96 €/KG","img":"https://fd16-photos.leclercdrive.fr/image.ashx?id=2559704&use=l&cat=p&typeid=i","cat":318431},{"id":61607,"n":"Sauce andalousie Rustica Flacon souple - 249g","p":1.68,"u":"6,75 €/KG","img":"https://fd16-photos.leclercdrive.fr/image.ashx?id=2459153&use=l&cat=p&typeid=i","cat":318431},{"id":61609,"n":"Sauce Aïoli Bénédicta - 260g","p":1.45,"u":"5,58 €/KG","img":"https://fd16-photos.leclercdrive.fr/image.ashx?id=2689934&use=l&cat=p&typeid=i","cat":318430},{"id":61613,"n":"Sauce Pommes frites  Amora 448g","p":2.4,"u":"5,36 €/KG","img":"https://fd16-photos.leclercdrive.fr/image.ashx?id=2738227&use=l&cat=p&typeid=i","cat":318431},{"id":61628,"n":"Fruits au sirop St Mamet Pêches - 245g","p":1.85,"u":"7,55 €/KG","img":"https://fd16-photos.leclercdrive.fr/image.ashx?id=2628428&use=l&cat=p&typeid=i","cat":284507},{"id":61634,"n":"Poires Douceur du Verger Sirop léger - 455 g","p":1.95,"u":"4,29 €/KG","img":"https://fd16-photos.leclercdrive.fr/image.ashx?id=2783020&use=l&cat=p&typeid=i","cat":284507},{"id":61638,"n":"Lentilles Préparées Cassegrain Tendres et Fondantes 460g","p":2.44,"u":"5,30 €/KG","img":"https://fd16-photos.leclercdrive.fr/image.ashx?id=3011047&use=l&cat=p&typeid=i","cat":312609},{"id":61697,"n":"Eponges Spontex Multicolore - x3","p":1.32,"u":"0,44 €/P","img":"https://fd16-photos.leclercdrive.fr/image.ashx?id=2972847&use=l&cat=p&typeid=i","cat":284667},{"id":61874,"n":"Gel shampooing douche Fa Men Perfect wave flacon - 250ml","p":1.71,"u":"6,84 €/L","img":"https://fd16-photos.leclercdrive.fr/image.ashx?id=2995091&use=l&cat=p&typeid=i","cat":284619},{"id":61983,"n":"Sachet repas Gourmet  Terrine coffret - 4x85g","p":1.99,"u":"5,85 €/KG","img":"https://fd16-photos.leclercdrive.fr/image.ashx?id=2901118&use=l&cat=p&typeid=i","cat":285286},{"id":61984,"n":"Sachet repas chat Gourmet  Perle duo de la mer - 4x85g","p":2.51,"u":"7,38 €/KG","img":"https://fd16-photos.leclercdrive.fr/image.ashx?id=2859866&use=l&cat=p&typeid=i","cat":285286},{"id":62004,"n":"Cornichons Maille  Mini classique - 370g","p":4.06,"u":"10,97 €/KG","img":"https://fd16-photos.leclercdrive.fr/image.ashx?id=2916567&use=l&cat=p&typeid=i","cat":284458},{"id":62042,"n":"Haricots rouges D'aucy  500g","p":2.02,"u":"4,04 €/KG","img":"https://fd16-photos.leclercdrive.fr/image.ashx?id=2491190&use=l&cat=p&typeid=i","cat":312606},{"id":62055,"n":"Aubergines Cuisinées Cassegrain à la Provençale 185g","p":2.34,"u":"12,65 €/KG","img":"https://fd16-photos.leclercdrive.fr/image.ashx?id=2913019&use=l&cat=p&typeid=i","cat":312612},{"id":62057,"n":"Champignons Eco+ Entiers - 230g","p":1.11,"u":"4,83 €/KG","img":"https://fd16-photos.leclercdrive.fr/image.ashx?id=2782999&use=l&cat=p&typeid=i","cat":312610},{"id":62066,"n":"Lentilles cuisinées façon Sud-Ouest Cassegrain 410g","p":2.2,"u":"5,37 €/KG","img":"https://fd16-photos.leclercdrive.fr/image.ashx?id=2862131&use=l&cat=p&typeid=i","cat":312609},{"id":62067,"n":"Flageolets Préparés Cassegrain Extra Fins 130g","p":1.11,"u":"8,54 €/KG","img":"https://fd16-photos.leclercdrive.fr/image.ashx?id=2912980&use=l&cat=p&typeid=i","cat":312606},{"id":62083,"n":"Soda Schweppes Saveur Agrumes - 1L","p":1.59,"u":"1,59 €/L","img":"https://fd16-photos.leclercdrive.fr/image.ashx?id=2852414&use=l&cat=p&typeid=i","cat":284532},{"id":62094,"n":"Sauce fajitas Old El Paso à cuisiner doux - 395g","p":2.23,"u":"5,65 €/KG","img":"https://fd16-photos.leclercdrive.fr/image.ashx?id=2950852&use=l&cat=p&typeid=i","cat":288993},{"id":62095,"n":"Chips Tortilla Old El Paso Fajita - 185g","p":2.29,"u":"12,38 €/KG","img":"https://fd16-photos.leclercdrive.fr/image.ashx?id=2444522&use=l&cat=p&typeid=i","cat":288993},{"id":62112,"n":"Compotes Pom'Potes Gourdes  Pomme Nature - 12x90g","p":4.9,"u":"4,54 €/KG","img":"https://fd16-photos.leclercdrive.fr/image.ashx?id=3010927&use=l&cat=p&typeid=i","cat":284508},{"id":62120,"n":"Cookies Choco Sensation Milka Chocolat au lait - 312g","p":3.97,"u":"12,72 €/KG","img":"https://fd16-photos.leclercdrive.fr/image.ashx?id=3002279&use=l&cat=p&typeid=i","cat":325066},{"id":62130,"n":"Cookies extra moelleux Granola Pépites de chocolat - 312g","p":3.48,"u":"11,15 €/KG","img":"https://fd16-photos.leclercdrive.fr/image.ashx?id=2306723&use=l&cat=p&typeid=i","cat":325066},{"id":62142,"n":"Biscottes Braisor Heudebert  Nature - 500g","p":3.47,"u":"6,94 €/KG","img":"https://fd16-photos.leclercdrive.fr/image.ashx?id=2680176&use=l&cat=p&typeid=i","cat":284479},{"id":62146,"n":"Brioche La Fournée Dorée Tranchée crème fraiche - 500g","p":2.27,"u":"4,54 €/KG","img":"https://fd16-photos.leclercdrive.fr/image.ashx?id=2415365&use=l&cat=p&typeid=i","cat":284478},{"id":62162,"n":"Donuts Curly 100g","p":1.13,"u":"11,30 €/KG","img":"https://fd16-photos.leclercdrive.fr/image.ashx?id=2446836&use=l&cat=p&typeid=i","cat":284449},{"id":62173,"n":"Friandises chat Catisfactions  Canard - 60g","p":1.2,"u":"20,00 €/KG","img":"https://fd16-photos.leclercdrive.fr/image.ashx?id=2912611&use=l&cat=p&typeid=i","cat":285285},{"id":62238,"n":"Bière blonde Grimbergen Triple d'Abbaye -8° - 6x25cl","p":5.61,"u":"3,74 €/L","img":"https://fd16-photos.leclercdrive.fr/image.ashx?id=2317363&use=l&cat=p&typeid=i","cat":334852},{"id":62417,"n":"Jus de pamplemousse rose pressé Andros - 1L","p":3.2,"u":"3,20 €/L","img":"https://fd16-photos.leclercdrive.fr/image.ashx?id=2928423&use=l&cat=p&typeid=i","cat":285435},{"id":62418,"n":"Jus d'oranges douces Andros 1L","p":3.47,"u":"3,47 €/L","img":"https://fd16-photos.leclercdrive.fr/image.ashx?id=2882638&use=l&cat=p&typeid=i","cat":285435},{"id":62481,"n":"Coton disque Bio Bionaïa x70","p":0.97,"u":"0,01 €/P","img":"https://fd16-photos.leclercdrive.fr/image.ashx?id=2434942&use=l&cat=p&typeid=i","cat":285593},{"id":62482,"n":"Coton-tige Bio Bionaïa x200 bâtonnets ouatés","p":0.86,"img":"https://fd16-photos.leclercdrive.fr/image.ashx?id=2598704&use=l&cat=p&typeid=i","cat":285593},{"id":62486,"n":"Quiche lorraine 400g","p":1.99,"u":"4,98 €/KG","img":"https://fd16-photos.leclercdrive.fr/image.ashx?id=2798421&use=l&cat=p&typeid=i","cat":333680},{"id":62496,"n":"Biscuit bébé Blédina 12 mois Petit beurre - 133g","p":2.1,"u":"15,79 €/KG","img":"https://fd16-photos.leclercdrive.fr/image.ashx?id=2974288&use=l&cat=p&typeid=i","cat":312227},{"id":62497,"n":"Biscuit bébé Blédina 12 mois  Petit beurre pépites choco-133g","p":2.15,"u":"16,17 €/KG","img":"https://fd16-photos.leclercdrive.fr/image.ashx?id=2639344&use=l&cat=p&typeid=i","cat":312227},{"id":62561,"n":"Rasoirs jetables Carré Homme 3 lames - x8","p":2.66,"u":"0,33 €/P","img":"https://fd16-photos.leclercdrive.fr/image.ashx?id=2869859&use=l&cat=p&typeid=i","cat":284616},{"id":62567,"n":"Papier toilette Mimosa Humide x50","p":1.29,"u":"0,03 €/P","img":"https://fd16-photos.leclercdrive.fr/image.ashx?id=2823126&use=l&cat=p&typeid=i","cat":284634},{"id":62568,"n":"Papier toilette Mimosa Humide douceur x50","p":1.29,"u":"0,03 €/P","img":"https://fd16-photos.leclercdrive.fr/image.ashx?id=3013615&use=l&cat=p&typeid=i","cat":284634},{"id":62571,"n":"Soda à l'orange Orangina 1L","p":1.7,"u":"1,70 €/L","img":"https://fd16-photos.leclercdrive.fr/image.ashx?id=2668413&use=l&cat=p&typeid=i","cat":284532},{"id":62572,"n":"Lime soda Sprink's Citron zero - 1.5L","p":1.08,"u":"0,72 €/L","img":"https://fd16-photos.leclercdrive.fr/image.ashx?id=2913742&use=l&cat=p&typeid=i","cat":284531},{"id":62574,"n":"Bière ambrée Grimbergen 6,5° - 6x25cl","p":5.8,"u":"3,87 €/L","img":"https://fd16-photos.leclercdrive.fr/image.ashx?id=2293483&use=l&cat=p&typeid=i","cat":334852},{"id":62575,"n":"Coton disque Inell Rond confort x70","p":0.61,"u":"0,01 €/P","img":"https://fd16-photos.leclercdrive.fr/image.ashx?id=2169171&use=l&cat=p&typeid=i","cat":285593},{"id":62576,"n":"Bière blanche Grimbergen 6° - 6x25cl","p":5.24,"u":"3,49 €/L","img":"https://fd16-photos.leclercdrive.fr/image.ashx?id=2294375&use=l&cat=p&typeid=i","cat":334878},{"id":62578,"n":"Bière brune Leffe 6,5% - 6x25cl","p":5.9,"u":"3,93 €/L","img":"https://fd16-photos.leclercdrive.fr/image.ashx?id=2548279&use=l&cat=p&typeid=i","cat":334852},{"id":62581,"n":"Bière aromatisée Grimbergen Cerise 5,5° - 6x25cl","p":5.81,"u":"3,87 €/L","img":"https://fd16-photos.leclercdrive.fr/image.ashx?id=2312798&use=l&cat=p&typeid=i","cat":334878},{"id":62668,"n":"Brosse à dents Sensodyne Extra souple x1","p":2.07,"pp":1.45,"img":"https://fd16-photos.leclercdrive.fr/image.ashx?id=2923633&use=l&cat=p&typeid=i","cat":284614},{"id":62681,"n":"Eau de javel Clair Parfum citron - 2L","p":0.98,"u":"0,49 €/L","img":"https://fd16-photos.leclercdrive.fr/image.ashx?id=2949206&use=l&cat=p&typeid=i","cat":284661},{"id":62682,"n":"Javel en gel Clair  Citron vert - 750ml","p":1.18,"u":"1,57 €/L","img":"https://fd16-photos.leclercdrive.fr/image.ashx?id=2843881&use=l&cat=p&typeid=i","cat":284661},{"id":62687,"n":"Spray nasal Primoplast 100% eau de mer - 150ml","p":4.45,"u":"29,67 €/L","img":"https://fd16-photos.leclercdrive.fr/image.ashx?id=2955758&use=l&cat=p&typeid=i","cat":284630},{"id":62697,"n":"Nappe damassée Homeside Blanche - 8m","p":1.61,"img":"https://fd16-photos.leclercdrive.fr/image.ashx?id=1659708&use=l&cat=p&typeid=i","cat":334134},{"id":62723,"n":"Biscuits fourrés Prince Multi céréales - 293g","p":1.52,"u":"5,19 €/KG","img":"https://fd16-photos.leclercdrive.fr/image.ashx?id=2350993&use=l&cat=p&typeid=i","cat":284488},{"id":62724,"n":"Biscuits Double Crème Oreo Vanille - 157g","p":1.29,"u":"8,22 €/KG","img":"https://fd16-photos.leclercdrive.fr/image.ashx?id=2160198&use=l&cat=p&typeid=i","cat":284488},{"id":62725,"n":"Saucisson sec Saint-Azay  Maxi format - 600g","p":7.35,"u":"12,25 €/KG","img":"https://fd16-photos.leclercdrive.fr/image.ashx?id=2943686&use=l&cat=p&typeid=i","cat":316006},{"id":62731,"n":"Abricots Douceur du Verger Sirop léger - 475 g","p":2.42,"u":"5,09 €/KG","img":"https://fd16-photos.leclercdrive.fr/image.ashx?id=2618235&use=l&cat=p&typeid=i","cat":284507},{"id":62858,"n":"Biscuit Nature GERBLE  sans sucres ajoutés - 132g","p":2.07,"u":"15,68 €/KG","img":"https://fd16-photos.leclercdrive.fr/image.ashx?id=2662835&use=l&cat=p&typeid=i","cat":318653},{"id":62875,"n":"Confiture fraise Gerblé Sans sucres ajoutés - 320g","p":2.35,"u":"7,34 €/KG","img":"https://fd16-photos.leclercdrive.fr/image.ashx?id=2676678&use=l&cat=p&typeid=i","cat":318653},{"id":63170,"n":"Sucre de canne Daddy Petits morceaux - 1kg","p":2.55,"u":"2,55 €/KG","img":"https://fd16-photos.leclercdrive.fr/image.ashx?id=2276420&use=l&cat=p&typeid=i","cat":284502},{"id":63248,"n":"Biscuits fourrés Prince Maxi Chocolat - 2X250g","p":3.35,"u":"6,70 €/KG","img":"https://fd16-photos.leclercdrive.fr/image.ashx?id=2347308&use=l&cat=p&typeid=i","cat":284488},{"id":63284,"n":"AOP Champagne Canard Duchêne Charles VII Brut - 75cl","p":29.5,"pp":26.55,"u":"35,40 €/L","img":"https://fd16-photos.leclercdrive.fr/image.ashx?id=2174390&use=l&cat=p&typeid=i","cat":284542},{"id":63306,"n":"Pizza Crust Sodebo Buffalo boeuf poivrons - 600g","p":5.8,"u":"9,67 €/KG","img":"https://fd16-photos.leclercdrive.fr/image.ashx?id=3011197&use=l&cat=p&typeid=i","cat":333679},{"id":63320,"n":"Rhum Vieux Agricole AOC  Martinique 40%vol - 70cl","p":20.28,"u":"28,97 €/L","img":"https://fd16-photos.leclercdrive.fr/image.ashx?id=2731075&use=l&cat=p&typeid=i","cat":284550},{"id":63520,"n":"Pizza crust Sodebo Cheesy 4 fromages - 580g","p":4.84,"u":"8,34 €/KG","img":"https://fd16-photos.leclercdrive.fr/image.ashx?id=2912098&use=l&cat=p&typeid=i","cat":333679},{"id":63521,"n":"Penne au saumon Marie Crème d'épinard - 280g","p":3.15,"u":"11,25 €/KG","img":"https://fd16-photos.leclercdrive.fr/image.ashx?id=2317519&use=l&cat=p&typeid=i","cat":333665},{"id":63528,"n":"Boisson énergisante Crazy Tiger Canette - 50cl","p":0.99,"u":"1,98 €/L","img":"https://fd16-photos.leclercdrive.fr/image.ashx?id=2859641&use=l&cat=p&typeid=i","cat":284533},{"id":63540,"n":"Sauce barbecue Rustica 280g","p":1.38,"u":"4,93 €/KG","img":"https://fd16-photos.leclercdrive.fr/image.ashx?id=2954370&use=l&cat=p&typeid=i","cat":318431},{"id":63541,"n":"Sauce barbecue Rustica 560g","p":1.78,"u":"3,18 €/KG","img":"https://fd16-photos.leclercdrive.fr/image.ashx?id=2092948&use=l&cat=p&typeid=i","cat":318431},{"id":63622,"n":"Sandwich XXL Daunat Pain suédois - jambon/cheddar","p":2.69,"u":"11,70 €/KG","img":"https://fd16-photos.leclercdrive.fr/image.ashx?id=2857383&use=l&cat=p&typeid=i","cat":333658},{"id":63631,"n":"Tartinade tomates confites  à l'origan Sud & Sol - 150g","p":2.39,"pp":1.58,"u":"10,53 €/KG","img":"https://fd16-photos.leclercdrive.fr/image.ashx?id=2937307&use=l&cat=p&typeid=i","cat":315999},{"id":63632,"n":"Tartinade de poivrons confits Sud & Sol - 150g","p":2.39,"pp":1.58,"u":"10,53 €/KG","img":"https://fd16-photos.leclercdrive.fr/image.ashx?id=2986642&use=l&cat=p&typeid=i","cat":315999},{"id":63634,"n":"Tartinade tomates cerise  confites Sud & Sol - 150g","p":2.39,"pp":1.58,"u":"10,53 €/KG","img":"https://fd16-photos.leclercdrive.fr/image.ashx?id=2937334&use=l&cat=p&typeid=i","cat":315999},{"id":63639,"n":"Biscuits Oréo Duo Vanille - 2x220g","p":3.39,"u":"7,70 €/KG","img":"https://fd16-photos.leclercdrive.fr/image.ashx?id=2207475&use=l&cat=p&typeid=i","cat":284488},{"id":63648,"n":"Biscuits cacaotés Oréo Fourrés goût Vanille - 3x154g","p":3.19,"u":"6,90 €/KG","img":"https://fd16-photos.leclercdrive.fr/image.ashx?id=2192949&use=l&cat=p&typeid=i","cat":284488},{"id":63712,"n":"AOC Martinique Rhum blanc  Agricole HSE 40° - 1L","p":15.78,"u":"15,78 €/L","img":"https://fd16-photos.leclercdrive.fr/image.ashx?id=2902019&use=l&cat=p&typeid=i","cat":284550},{"id":63716,"n":"AOC Martinique Rhum blanc Agricole HSE 55° - 1L","p":19.77,"u":"19,77 €/L","img":"https://fd16-photos.leclercdrive.fr/image.ashx?id=2021451&use=l&cat=p&typeid=i","cat":284550},{"id":63722,"n":"Liqueur Herbes Jagermeister 35° - 70cl","p":18.61,"u":"26,59 €/L","img":"https://fd16-photos.leclercdrive.fr/image.ashx?id=2474740&use=l&cat=p&typeid=i","cat":286032},{"id":63759,"n":"Pur Jus Jafaden Mutlifruits - 2L","p":2.75,"u":"1,38 €/L","img":"https://fd16-photos.leclercdrive.fr/image.ashx?id=2762955&use=l&cat=p&typeid=i","cat":284917},{"id":63762,"n":"Boisson aux fruits Oasis Tropical - 6x33cl","p":3.57,"u":"1,80 €/L","img":"https://fd16-photos.leclercdrive.fr/image.ashx?id=2900812&use=l&cat=p&typeid=i","cat":295018},{"id":63765,"n":"Boisson aux fruits Oasis Orange - 6x33cl","p":4.07,"u":"2,06 €/L","img":"https://fd16-photos.leclercdrive.fr/image.ashx?id=2681718&use=l&cat=p&typeid=i","cat":295018},{"id":63768,"n":"Boisson aux fruits Oasis Pomme Cassis Framboise - 6x33cl","p":4.01,"u":"2,03 €/L","img":"https://fd16-photos.leclercdrive.fr/image.ashx?id=3014449&use=l&cat=p&typeid=i","cat":295018},{"id":63776,"n":"Sirop Moulin de Valdonne Fraise des bois - 70cl","p":3.55,"u":"5,07 €/L","img":"https://fd16-photos.leclercdrive.fr/image.ashx?id=2170589&use=l&cat=p&typeid=i","cat":295020},{"id":63795,"n":"Soda Schweppes Indian Tonic - 6x33cl","p":3.65,"u":"1,84 €/L","img":"https://fd16-photos.leclercdrive.fr/image.ashx?id=2852423&use=l&cat=p&typeid=i","cat":284531},{"id":63797,"n":"Soda Schweppes Saveur Agrumes - 6x33cl","p":3.52,"u":"1,78 €/L","img":"https://fd16-photos.leclercdrive.fr/image.ashx?id=2852737&use=l&cat=p&typeid=i","cat":284532},{"id":63798,"n":"Soda Schweppes Saveur Agrumes Zero - 6x33cl","p":3.08,"u":"1,56 €/L","img":"https://fd16-photos.leclercdrive.fr/image.ashx?id=2852740&use=l&cat=p&typeid=i","cat":284532},{"id":63824,"n":"Soda Coca-Cola Zéro Sans caféine - 1.25L","p":1.52,"u":"1,22 €/L","img":"https://fd16-photos.leclercdrive.fr/image.ashx?id=3009059&use=l&cat=p&typeid=i","cat":284530},{"id":63828,"n":"Concentré à diluer Pulco Citron Vert Menthe - 70cl","p":2.73,"u":"3,90 €/L","img":"https://fd16-photos.leclercdrive.fr/image.ashx?id=2687791&use=l&cat=p&typeid=i","cat":295020},{"id":63837,"n":"Champignons Eco+ Pieds et morceaux - 230g","p":0.82,"u":"3,57 €/KG","img":"https://fd16-photos.leclercdrive.fr/image.ashx?id=2783002&use=l&cat=p&typeid=i","cat":312610},{"id":63892,"n":"Capsules café L'Or Espresso Forza N°9 x10","p":3.16,"u":"60,77 €/KG","img":"https://fd16-photos.leclercdrive.fr/image.ashx?id=2393753&use=l&cat=p&typeid=i","cat":284749},{"id":63959,"n":"Burger le Charolais Côté Snack 180g","p":2.49,"u":"13,83 €/KG","img":"https://fd16-photos.leclercdrive.fr/image.ashx?id=2776292&use=l&cat=p&typeid=i","cat":333671},{"id":63960,"n":"Baguette Tradition  3x250g + 1 offerte","p":3.0,"u":"3,00 €/KG","img":"https://fd16-photos.leclercdrive.fr/image.ashx?id=2442057&use=l&cat=p&typeid=i","cat":284359},{"id":63961,"n":"Burger le campagnard Côté Snack Poulet emmental - 180g","p":2.49,"u":"13,83 €/KG","img":"https://fd16-photos.leclercdrive.fr/image.ashx?id=2898251&use=l&cat=p&typeid=i","cat":333671},{"id":63971,"n":"Escalope cordon bleu Père dodu Poulet x4 - 400g - Familial","p":4.09,"u":"10,23 €/KG","img":"https://fd16-photos.leclercdrive.fr/image.ashx?id=2957173&use=l&cat=p&typeid=i","cat":333683},{"id":63973,"n":"Cordon Bleu Père Dodu  Poulet x8 - 800g - Maxi Format","p":7.52,"u":"9,40 €/KG","img":"https://fd16-photos.leclercdrive.fr/image.ashx?id=2957176&use=l&cat=p&typeid=i","cat":333683},{"id":64023,"n":"Soda cerise Sprink's 1.5L","p":1.69,"u":"1,13 €/L","img":"https://fd16-photos.leclercdrive.fr/image.ashx?id=2913751&use=l&cat=p&typeid=i","cat":284532},{"id":64024,"n":"Soda pomme Sprink's 1.5L","p":1.48,"u":"0,99 €/L","img":"https://fd16-photos.leclercdrive.fr/image.ashx?id=2913748&use=l&cat=p&typeid=i","cat":284532},{"id":64109,"n":"Fromage blanc Délisse 3.2%mg 12x100g","p":2.69,"u":"2,24 €/KG","img":"https://fd16-photos.leclercdrive.fr/image.ashx?id=3012848&use=l&cat=p&typeid=i","cat":284409},{"id":64170,"n":"Surimi Petits Coraya Sauce mayonnaise  x21 - 210g","p":2.78,"u":"13,24 €/KG","img":"https://fd16-photos.leclercdrive.fr/image.ashx?id=2968880&use=l&cat=p&typeid=i","cat":285189},{"id":64278,"n":"Matière grasse St Hubert 41 Demi-sel - 38%MG - 500g","p":4.1,"u":"8,20 €/KG","img":"https://fd16-photos.leclercdrive.fr/image.ashx?id=2734150&use=l&cat=p&typeid=i","cat":315229},{"id":64281,"n":"Matière grasse St Hubert 41 à tartiner - 38% MG - 250g","p":2.41,"u":"9,64 €/KG","img":"https://fd16-photos.leclercdrive.fr/image.ashx?id=2734141&use=l&cat=p&typeid=i","cat":315229},{"id":64630,"n":"Coquilles Saint Jacques Tipiak Fond de poireaux - 4x90g","p":7.15,"u":"19,86 €/KG","img":"https://fd16-photos.leclercdrive.fr/image.ashx?id=2560978&use=l&cat=p&typeid=i","cat":319775},{"id":64666,"n":"Gâteaux moelleux Kinder Délice Coeur lait enrobé Cacao - x10","p":3.32,"u":"8,51 €/KG","img":"https://fd16-photos.leclercdrive.fr/image.ashx?id=2832476&use=l&cat=p&typeid=i","cat":284495},{"id":64680,"n":"Soupe liquide Liebig Potiron Kiri Brique - 2x30cl","p":2.38,"u":"3,97 €/L","img":"https://fd16-photos.leclercdrive.fr/image.ashx?id=2892136&use=l&cat=p&typeid=i","cat":284462},{"id":64684,"n":"Soupe liquide brique Liebig  Légumes façon Poêlée - 2x30cl","p":2.32,"u":"3,87 €/L","img":"https://fd16-photos.leclercdrive.fr/image.ashx?id=2598073&use=l&cat=p&typeid=i","cat":284462},{"id":64686,"n":"Soupe liquide brique Liebig  Velouté légumes soleil - 2x30cl","p":1.89,"u":"3,15 €/L","img":"https://fd16-photos.leclercdrive.fr/image.ashx?id=2203382&use=l&cat=p&typeid=i","cat":284462},{"id":64934,"n":"Collants Body Touch Dim Voile noir - Taille 2","p":6.95,"img":"https://fd16-photos.leclercdrive.fr/image.ashx?id=3008041&use=l&cat=p&typeid=i","cat":334130},{"id":64935,"n":"Collants Body Touch Dim Voile noir - Taille 3","p":6.95,"img":"https://fd16-photos.leclercdrive.fr/image.ashx?id=3008044&use=l&cat=p&typeid=i","cat":334130},{"id":64936,"n":"Collants Body Touch Dim Voile noir - Taille 4","p":6.95,"img":"https://fd16-photos.leclercdrive.fr/image.ashx?id=2876086&use=l&cat=p&typeid=i","cat":334130},{"id":64941,"n":"Collants Sublim brillant Dim Gazelle - Taille 2","p":5.4,"img":"https://fd16-photos.leclercdrive.fr/image.ashx?id=2183440&use=l&cat=p&typeid=i","cat":334130},{"id":64942,"n":"Colllants Sublim brillant Dim Gazelle - Taille 3","p":5.4,"img":"https://fd16-photos.leclercdrive.fr/image.ashx?id=2183443&use=l&cat=p&typeid=i","cat":334130},{"id":64943,"n":"Collants Sublim brillant Dim Gazelle - Taille 4","p":5.4,"img":"https://fd16-photos.leclercdrive.fr/image.ashx?id=2183446&use=l&cat=p&typeid=i","cat":334130},{"id":64944,"n":"Collants Sublim brillant Dim Gazelle - Taille 5","p":5.4,"img":"https://fd16-photos.leclercdrive.fr/image.ashx?id=2176638&use=l&cat=p&typeid=i","cat":334130},{"id":64945,"n":"Collants Sublim brillant Dim Gazelle - Taille 6","p":5.4,"img":"https://fd16-photos.leclercdrive.fr/image.ashx?id=2176641&use=l&cat=p&typeid=i","cat":334130},{"id":64947,"n":"Collants Diam's Dim Voile galbe Noir - Taille 2","p":6.2,"img":"https://fd16-photos.leclercdrive.fr/image.ashx?id=2497079&use=l&cat=p&typeid=i","cat":334130},{"id":64948,"n":"Collants Diam's Dim Voile galbe Noir - Taille 3","p":6.2,"img":"https://fd16-photos.leclercdrive.fr/image.ashx?id=2497082&use=l&cat=p&typeid=i","cat":334130},{"id":64964,"n":"Eau minérale gazeuse Quezac 6x1.15L","p":2.81,"u":"0,41 €/L","img":"https://fd16-photos.leclercdrive.fr/image.ashx?id=2975341&use=l&cat=p&typeid=i","cat":284536},{"id":65003,"n":"Panais  1P","p":0.65,"img":"https://fd16-photos.leclercdrive.fr/image.ashx?id=1632713&use=l&cat=p&typeid=i","cat":284352},{"id":65013,"n":"AIRWICK Spray Désodorisant  Pure Rafraichissant - 250ml","p":3.97,"u":"15,88 €/L","img":"https://fd16-photos.leclercdrive.fr/image.ashx?id=2962011&use=l&cat=p&typeid=i","cat":311626},{"id":65044,"n":"Biscuits petit déjeuner Belvita Miel & pépites chocolat - 435g","p":2.71,"u":"6,23 €/KG","img":"https://fd16-photos.leclercdrive.fr/image.ashx?id=2989441&use=l&cat=p&typeid=i","cat":284491},{"id":65061,"n":"Eau aromatisée Volvic zest  citron vert citron - 1,5L","p":1.1,"u":"0,73 €/L","img":"https://fd16-photos.leclercdrive.fr/image.ashx?id=2730259&use=l&cat=p&typeid=i","cat":284537},{"id":65293,"n":"Collants Well Elastivoile Affinant Ibiza  T2","p":5.5,"img":"https://fd16-photos.leclercdrive.fr/image.ashx?id=2056458&use=l&cat=p&typeid=i","cat":334130},{"id":65336,"n":"Café dosettes Tassimo L'Or Espresso Splendente x16","p":4.87,"u":"43,48 €/KG","img":"https://fd16-photos.leclercdrive.fr/image.ashx?id=2853404&use=l&cat=p&typeid=i","cat":293240},{"id":65337,"n":"Epices pour fajitas Old El Paso doux - 30g","p":1.3,"u":"43,33 €/KG","img":"https://fd16-photos.leclercdrive.fr/image.ashx?id=2737702&use=l&cat=p&typeid=i","cat":288993},{"id":65342,"n":"Bonbons LUTTI Surffizz Piquants Fruits - 200g","p":1.16,"u":"5,80 €/KG","img":"https://fd16-photos.leclercdrive.fr/image.ashx?id=2806144&use=l&cat=p&typeid=i","cat":304250},{"id":65366,"n":"Bière blonde Affligem Pack 6.7% vol. - 20x25cl","p":14.62,"u":"2,92 €/L","img":"https://fd16-photos.leclercdrive.fr/image.ashx?id=2774274&use=l&cat=p&typeid=i","cat":334852},{"id":65424,"n":"Olives entières Croc Frais A la provençale - 550g","p":4.99,"u":"9,07 €/KG","img":"https://fd16-photos.leclercdrive.fr/image.ashx?id=2589425&use=l&cat=p&typeid=i","cat":316002},{"id":65426,"n":"Olives dénoyautées Croc Frais Méditerranéenne - 500g","p":4.45,"u":"8,90 €/KG","img":"https://fd16-photos.leclercdrive.fr/image.ashx?id=2589416&use=l&cat=p&typeid=i","cat":316002},{"id":65427,"n":"Olives dénoyautées Croc Frais A l'orientale - 500g","p":4.61,"u":"9,22 €/KG","img":"https://fd16-photos.leclercdrive.fr/image.ashx?id=2589419&use=l&cat=p&typeid=i","cat":316002},{"id":65904,"n":"Liniment Mots d'Enfants 500ml","p":3.9,"u":"7,80 €/L","img":"https://fd16-photos.leclercdrive.fr/image.ashx?id=2290721&use=l&cat=p&typeid=i","cat":284741},{"id":65950,"n":"Gel toilette intime Doulys 200ml","p":2.47,"u":"12,35 €/L","img":"https://fd16-photos.leclercdrive.fr/image.ashx?id=1703245&use=l&cat=p&typeid=i","cat":284627},{"id":65970,"n":"Crème légère fluide Bridélice 12%MG - 3x20cl","p":2.54,"u":"4,23 €/L","img":"https://fd16-photos.leclercdrive.fr/image.ashx?id=2904736&use=l&cat=p&typeid=i","cat":284381},{"id":65972,"n":"Poires Douceur du Verger Sirop léger - 225 g","p":1.32,"u":"5,87 €/KG","img":"https://fd16-photos.leclercdrive.fr/image.ashx?id=2531292&use=l&cat=p&typeid=i","cat":284507},{"id":65973,"n":"Abricots Douceur du Verger Sirop léger - 235 g","p":1.44,"u":"6,13 €/KG","img":"https://fd16-photos.leclercdrive.fr/image.ashx?id=2622891&use=l&cat=p&typeid=i","cat":284507},{"id":66266,"n":"Brioche tranchée Pasquier Tranches gourmandes - 450g","p":2.18,"u":"4,84 €/KG","img":"https://fd16-photos.leclercdrive.fr/image.ashx?id=2850940&use=l&cat=p&typeid=i","cat":284478},{"id":66279,"n":"Roquefort AOP Les croisés - 32%mg - 100g","p":2.15,"u":"21,50 €/KG","img":"https://fd16-photos.leclercdrive.fr/image.ashx?id=2562885&use=l&cat=p&typeid=i","cat":314032},{"id":66282,"n":"Bresaola Saint-Azay 7 tranches - 70g","p":2.99,"u":"42,71 €/KG","img":"https://fd16-photos.leclercdrive.fr/image.ashx?id=2946460&use=l&cat=p&typeid=i","cat":316007},{"id":66284,"n":"Saucisson sec Saint-Azay 30 tranches - 100g","p":1.43,"u":"14,30 €/KG","img":"https://fd16-photos.leclercdrive.fr/image.ashx?id=2907213&use=l&cat=p&typeid=i","cat":316007},{"id":66289,"n":"Barre Chocolat Noisettes Nuts x6 barres - 252g","p":3.48,"u":"13,81 €/KG","img":"https://fd16-photos.leclercdrive.fr/image.ashx?id=2991006&use=l&cat=p&typeid=i","cat":284498},{"id":66293,"n":"Eau aromatisée Volvic juicy jus de fraise - 6x50cl","p":3.97,"u":"1,32 €/L","img":"https://fd16-photos.leclercdrive.fr/image.ashx?id=2961996&use=l&cat=p&typeid=i","cat":284537},{"id":66356,"n":"Café Soluble Nescafé  Cappuccino Classique - 280g","p":4.34,"u":"15,50 €/KG","img":"https://fd16-photos.leclercdrive.fr/image.ashx?id=2918044&use=l&cat=p&typeid=i","cat":284843},{"id":66366,"n":"Déodorant compressé Sanex  Zéro % Extra control - 100ml","p":3.52,"u":"35,20 €/L","img":"https://fd16-photos.leclercdrive.fr/image.ashx?id=2664274&use=l&cat=p&typeid=i","cat":284618},{"id":66369,"n":"Déodorant Nivea Fresh natural - 150ml","p":2.48,"u":"16,53 €/L","img":"https://fd16-photos.leclercdrive.fr/image.ashx?id=3005221&use=l&cat=p&typeid=i","cat":284618},{"id":66417,"n":"Biscuits Mikado LU Chocolat au lait - 300g","p":4.91,"u":"16,37 €/KG","img":"https://fd16-photos.leclercdrive.fr/image.ashx?id=2347284&use=l&cat=p&typeid=i","cat":284488},{"id":66651,"n":"Doonuts nappés St Michel 180g","p":1.76,"u":"9,78 €/KG","img":"https://fd16-photos.leclercdrive.fr/image.ashx?id=2928495&use=l&cat=p&typeid=i","cat":284495},{"id":66739,"n":"Petits Pots  - P'tite Recette  Paëlla - dès 12 mois - 2x200g","p":2.39,"u":"5,98 €/KG","img":"https://fd16-photos.leclercdrive.fr/image.ashx?id=2525693&use=l&cat=p&typeid=i","cat":312237},{"id":66746,"n":"Tomme de brebis Lou Pérac Fromage de brebis - 200g","p":4.15,"u":"20,75 €/KG","img":"https://fd16-photos.leclercdrive.fr/image.ashx?id=2758840&use=l&cat=p&typeid=i","cat":329184},{"id":66747,"n":"Ma Crème anglaise Bridélice UHT - 50cl","p":1.84,"u":"3,68 €/L","img":"https://fd16-photos.leclercdrive.fr/image.ashx?id=2643086&use=l&cat=p&typeid=i","cat":284382},{"id":66751,"n":"Boisson à l'amande Végé 1L Végé - 200g","p":1.85,"u":"1,85 €/L","img":"https://fd16-photos.leclercdrive.fr/image.ashx?id=2874699&use=l&cat=p&typeid=i","cat":316067},{"id":66755,"n":"Boisson à la noisette Végé 1L Végé - 200g","p":1.79,"u":"1,79 €/L","img":"https://fd16-photos.leclercdrive.fr/image.ashx?id=2869504&use=l&cat=p&typeid=i","cat":316067},{"id":66758,"n":"Crèpes moelleuse sucrée Bio Bio Village x8 - 200g","p":2.59,"u":"12,95 €/KG","img":"https://fd16-photos.leclercdrive.fr/image.ashx?id=2907264&use=l&cat=p&typeid=i","cat":284494},{"id":66787,"n":"Biscuits Nat&Vie  Chocolat - 200g","p":1.07,"u":"5,35 €/KG","img":"https://fd16-photos.leclercdrive.fr/image.ashx?id=2460616&use=l&cat=p&typeid=i","cat":318651},{"id":66792,"n":"Cheddar râpé Délices d'Amélie  200g","p":3.25,"u":"16,25 €/KG","img":"https://fd16-photos.leclercdrive.fr/image.ashx?id=2855082&use=l&cat=p&typeid=i","cat":314035},{"id":66803,"n":"Biscuits Nutella B-ready Cacao noisettes - 330g","p":3.99,"u":"12,09 €/KG","img":"https://fd16-photos.leclercdrive.fr/image.ashx?id=2770599&use=l&cat=p&typeid=i","cat":284488},{"id":66804,"n":"Biscuits Nutella B-ready Cacao Noisettes - 220g","p":2.75,"u":"12,50 €/KG","img":"https://fd16-photos.leclercdrive.fr/image.ashx?id=2630784&use=l&cat=p&typeid=i","cat":284488},{"id":66823,"n":"Biscuits petit déjeuner Belvita Miel & pépites chocolat - 650g","p":3.85,"u":"5,92 €/KG","img":"https://fd16-photos.leclercdrive.fr/image.ashx?id=2345487&use=l&cat=p&typeid=i","cat":284491},{"id":66834,"n":"Gel coiffant Vitanove Fixation extrême - 250ml","p":1.62,"u":"6,48 €/L","img":"https://fd16-photos.leclercdrive.fr/image.ashx?id=2824704&use=l&cat=p&typeid=i","cat":284609},{"id":66837,"n":"Gel coiffant Vitanove  Fixation extra forte - 250ml","p":1.29,"u":"5,16 €/L","img":"https://fd16-photos.leclercdrive.fr/image.ashx?id=2836325&use=l&cat=p&typeid=i","cat":284609},{"id":66838,"n":"Gel coiffant Vitanove  Fixation béton - 250ml","p":1.61,"u":"6,44 €/L","img":"https://fd16-photos.leclercdrive.fr/image.ashx?id=2823087&use=l&cat=p&typeid=i","cat":284609},{"id":66841,"n":"Déodorant bille Manava Grenade - 50ml","p":0.99,"u":"19,80 €/L","img":"https://fd16-photos.leclercdrive.fr/image.ashx?id=2481234&use=l&cat=p&typeid=i","cat":284595},{"id":66843,"n":"Bandes de cire froide Siliss Visage - x32","p":2.19,"u":"0,07 €/P","img":"https://fd16-photos.leclercdrive.fr/image.ashx?id=2699708&use=l&cat=p&typeid=i","cat":325351},{"id":66844,"n":"Bandes de cire froide Siliss Jambes - x20","p":2.3,"u":"0,12 €/P","img":"https://fd16-photos.leclercdrive.fr/image.ashx?id=2699705&use=l&cat=p&typeid=i","cat":325351},{"id":66849,"n":"Dessert bébé lacté Blédina 6m Banane - 6x55g","p":2.07,"u":"6,27 €/KG","img":"https://fd16-photos.leclercdrive.fr/image.ashx?id=2952454&use=l&cat=p&typeid=i","cat":312392},{"id":66965,"n":"Matière grasse Primevere Oméga 3 - 55% - 500g","p":2.96,"u":"5,92 €/KG","img":"https://fd16-photos.leclercdrive.fr/image.ashx?id=2939328&use=l&cat=p&typeid=i","cat":315229},{"id":66967,"n":"Matière grasse Primevere 63%MG - oméga 3 - 500g","p":3.3,"u":"6,60 €/KG","img":"https://fd16-photos.leclercdrive.fr/image.ashx?id=2936044&use=l&cat=p&typeid=i","cat":315229},{"id":66968,"n":"Beurre tendre Président Doux - 82% MG - 250g","p":3.14,"u":"12,56 €/KG","img":"https://fd16-photos.leclercdrive.fr/image.ashx?id=2811944&use=l&cat=p&typeid=i","cat":284379},{"id":66969,"n":"Pommes de terre Notre Jardin En lamelle - 500g","p":1.38,"u":"2,76 €/KG","img":"https://fd16-photos.leclercdrive.fr/image.ashx?id=2670335&use=l&cat=p&typeid=i","cat":284352},{"id":66985,"n":"Roulés au fromage Côté Table x2 - 260g","p":2.32,"u":"8,92 €/KG","img":"https://fd16-photos.leclercdrive.fr/image.ashx?id=2794838&use=l&cat=p&typeid=i","cat":333671},{"id":66990,"n":"Yaourt bifidus Activia céréales muesli - 4x120g","p":2.05,"u":"4,27 €/KG","img":"https://fd16-photos.leclercdrive.fr/image.ashx?id=2901620&use=l&cat=p&typeid=i","cat":315000},{"id":67150,"n":"Croustilles Belin Emmental - 4x138g","p":4.35,"u":"7,88 €/KG","img":"https://fd16-photos.leclercdrive.fr/image.ashx?id=2539025&use=l&cat=p&typeid=i","cat":284449},{"id":67168,"n":"Yaourt à boire Actimel fruits pêche gelée royale - 12x100g","p":5.05,"u":"4,21 €/KG","img":"https://fd16-photos.leclercdrive.fr/image.ashx?id=2996473&use=l&cat=p&typeid=i","cat":284415},{"id":67378,"n":"Sirop Eco+ Grenadine - 1L","p":1.71,"u":"1,71 €/L","img":"https://fd16-photos.leclercdrive.fr/image.ashx?id=2901419&use=l&cat=p&typeid=i","cat":295020},{"id":67392,"n":"Boisson aux fruits gazeuses Pulpe orange - 1,5L","p":1.17,"u":"0,78 €/L","img":"https://fd16-photos.leclercdrive.fr/image.ashx?id=2754198&use=l&cat=p&typeid=i","cat":284532},{"id":67393,"n":"Beurre gastronomique Président Doux - 82% MG - 250g","p":2.75,"u":"11,00 €/KG","img":"https://fd16-photos.leclercdrive.fr/image.ashx?id=3011104&use=l&cat=p&typeid=i","cat":284379},{"id":67425,"n":"yaourt bifidus activia céréales quinoa noisette - 4x120g","p":2.22,"u":"4,63 €/KG","img":"https://fd16-photos.leclercdrive.fr/image.ashx?id=2901626&use=l&cat=p&typeid=i","cat":315000},{"id":67440,"n":"Fromage Pavé d'Affinois Secret - 6x25g + 1offert","p":2.49,"u":"14,23 €/KG","img":"https://fd16-photos.leclercdrive.fr/image.ashx?id=2469668&use=l&cat=p&typeid=i","cat":314033},{"id":67459,"n":"Haricots blancs Eco+ 530g","p":0.95,"u":"1,79 €/KG","img":"https://fd16-photos.leclercdrive.fr/image.ashx?id=3003717&use=l&cat=p&typeid=i","cat":312606},{"id":67460,"n":"Champignons Pieds morceaux - 460g","p":1.42,"u":"3,09 €/KG","img":"https://fd16-photos.leclercdrive.fr/image.ashx?id=2783005&use=l&cat=p&typeid=i","cat":312610},{"id":67522,"n":"Chili con carne Côté Table Au piment de Cayenne - 400g","p":1.65,"u":"4,13 €/KG","img":"https://fd16-photos.leclercdrive.fr/image.ashx?id=2977174&use=l&cat=p&typeid=i","cat":325094},{"id":67568,"n":"Curry moulu Rustica 42g","p":0.55,"u":"13,10 €/KG","img":"https://fd16-photos.leclercdrive.fr/image.ashx?id=2772975&use=l&cat=p&typeid=i","cat":298297},{"id":67570,"n":"Poivre noir moulu Rustica Indonésie - 38g","p":0.81,"u":"21,32 €/KG","img":"https://fd16-photos.leclercdrive.fr/image.ashx?id=2797793&use=l&cat=p&typeid=i","cat":284457},{"id":67571,"n":"Poivre noir Rustica Moulin - 28g","p":1.22,"u":"43,57 €/KG","img":"https://fd16-photos.leclercdrive.fr/image.ashx?id=2932674&use=l&cat=p&typeid=i","cat":284457},{"id":67573,"n":"Cumin moulu Rustica 32g","p":0.59,"u":"18,44 €/KG","img":"https://fd16-photos.leclercdrive.fr/image.ashx?id=2772963&use=l&cat=p&typeid=i","cat":298297},{"id":67620,"n":"Persil Rustica 5g","p":0.39,"u":"78,00 €/KG","img":"https://fd16-photos.leclercdrive.fr/image.ashx?id=2772969&use=l&cat=p&typeid=i","cat":298297},{"id":67621,"n":"Paprika doux moulu Rustica  40g","p":0.49,"u":"12,25 €/KG","img":"https://fd16-photos.leclercdrive.fr/image.ashx?id=2772966&use=l&cat=p&typeid=i","cat":298297},{"id":67622,"n":"Thym Rustica 14g","p":0.4,"u":"28,57 €/KG","img":"https://fd16-photos.leclercdrive.fr/image.ashx?id=2797784&use=l&cat=p&typeid=i","cat":298297},{"id":67651,"n":"Poivre Noir moulu Bio Village Bio  - 38g","p":1.99,"u":"52,37 €/KG","img":"https://fd16-photos.leclercdrive.fr/image.ashx?id=2706538&use=l&cat=p&typeid=i","cat":284457},{"id":67652,"n":"Poivre gris moulu Flacon - 36g","p":1.11,"u":"30,83 €/KG","img":"https://fd16-photos.leclercdrive.fr/image.ashx?id=2797778&use=l&cat=p&typeid=i","cat":284457},{"id":67653,"n":"Gingembre moulu Rustica 27g","p":1.19,"u":"44,07 €/KG","img":"https://fd16-photos.leclercdrive.fr/image.ashx?id=2797796&use=l&cat=p&typeid=i","cat":298297},{"id":67667,"n":"Purée de tomate Panzani Tomacouli nature - 500g","p":0.93,"u":"1,86 €/KG","img":"https://fd16-photos.leclercdrive.fr/image.ashx?id=2979623&use=l&cat=p&typeid=i","cat":288384},{"id":67678,"n":"Curcuma moulu Rustica 37g","p":0.66,"u":"17,84 €/KG","img":"https://fd16-photos.leclercdrive.fr/image.ashx?id=2772981&use=l&cat=p&typeid=i","cat":298297},{"id":67679,"n":"Estragon Rustica 7g","p":0.79,"u":"112,86 €/KG","img":"https://fd16-photos.leclercdrive.fr/image.ashx?id=2772993&use=l&cat=p&typeid=i","cat":298297},{"id":67680,"n":"Herbes de provence Rustica 120g","p":2.6,"u":"21,67 €/KG","img":"https://fd16-photos.leclercdrive.fr/image.ashx?id=2907228&use=l&cat=p&typeid=i","cat":298297},{"id":67681,"n":"Herbes de Provence Rustica 18g","p":0.41,"u":"22,78 €/KG","img":"https://fd16-photos.leclercdrive.fr/image.ashx?id=2772972&use=l&cat=p&typeid=i","cat":298297},{"id":67693,"n":"Piment de Cayenne Rustica 38g","p":1.09,"u":"28,68 €/KG","img":"https://fd16-photos.leclercdrive.fr/image.ashx?id=1210404&use=l&cat=p&typeid=i","cat":298297},{"id":67712,"n":"Yaourts nature Délisse Au lait chèvre - 4x125g","p":1.84,"u":"3,68 €/KG","img":"https://fd16-photos.leclercdrive.fr/image.ashx?id=1847192&use=l&cat=p&typeid=i","cat":314998},{"id":67715,"n":"Liégeois Délisse Pistache - 4x100g","p":1.62,"u":"4,05 €/KG","img":"https://fd16-photos.leclercdrive.fr/image.ashx?id=2652514&use=l&cat=p&typeid=i","cat":285042},{"id":67807,"n":"Nettoyant spray Clair Javel - Cuisine - 750ml","p":1.73,"u":"2,31 €/L","img":"https://fd16-photos.leclercdrive.fr/image.ashx?id=2840479&use=l&cat=p&typeid=i","cat":325357},{"id":67875,"n":"The Pik Box Haribo Boîte bonbons acidulés - 550g","p":4.83,"u":"8,78 €/KG","img":"https://fd16-photos.leclercdrive.fr/image.ashx?id=2805219&use=l&cat=p&typeid=i","cat":304250},{"id":67885,"n":"Crème fraîche épaisse Président Entière 30%mg - 45cl","p":2.27,"u":"5,04 €/L","img":"https://fd16-photos.leclercdrive.fr/image.ashx?id=2971948&use=l&cat=p&typeid=i","cat":284381},{"id":67896,"n":"Gel Douche Le Petit Marseillais  Pin et criste marine - 250ml","p":1.47,"u":"5,88 €/L","img":"https://fd16-photos.leclercdrive.fr/image.ashx?id=2676452&use=l&cat=p&typeid=i","cat":284594},{"id":68090,"n":"Champignons Bio Village Bio Emincés - 170g","p":2.25,"u":"13,24 €/KG","img":"https://fd16-photos.leclercdrive.fr/image.ashx?id=2401201&use=l&cat=p&typeid=i","cat":312610},{"id":68093,"n":"Champignons Paris Notre Jardin Entiers - 2x115g","p":1.85,"u":"8,04 €/KG","img":"https://fd16-photos.leclercdrive.fr/image.ashx?id=2724699&use=l&cat=p&typeid=i","cat":312610},{"id":68094,"n":"Poivre blanc Rustica Moulu - 36g","p":1.89,"u":"52,50 €/KG","img":"https://fd16-photos.leclercdrive.fr/image.ashx?id=2772987&use=l&cat=p&typeid=i","cat":284457},{"id":68095,"n":"Yaourt à la grecque YAOS Nature lit de fraises 4x125g","p":2.56,"u":"5,12 €/KG","img":"https://fd16-photos.leclercdrive.fr/image.ashx?id=2729734&use=l&cat=p&typeid=i","cat":314999},{"id":68097,"n":"Yaourt à la grecque YAOS Citron - 4x125g","p":2.68,"u":"5,36 €/KG","img":"https://fd16-photos.leclercdrive.fr/image.ashx?id=2578672&use=l&cat=p&typeid=i","cat":314999},{"id":68214,"n":"Biscuits Petits Cœurs LU Chocolat - 125g","p":1.15,"u":"9,20 €/KG","img":"https://fd16-photos.leclercdrive.fr/image.ashx?id=3002021&use=l&cat=p&typeid=i","cat":284488},{"id":68217,"n":"Biscuits Croc Sablé Pépito  Chocolat - 294g","p":1.26,"u":"4,29 €/KG","img":"https://fd16-photos.leclercdrive.fr/image.ashx?id=2347254&use=l&cat=p&typeid=i","cat":284488},{"id":68275,"n":"Déodorant Carré homme Musc séduction - 100ml","p":1.12,"u":"11,20 €/L","img":"https://fd16-photos.leclercdrive.fr/image.ashx?id=2440745&use=l&cat=p&typeid=i","cat":284618},{"id":68276,"n":"Déodorant Carré Homme Marine Ice boost - 100ml","p":1.12,"u":"11,20 €/L","img":"https://fd16-photos.leclercdrive.fr/image.ashx?id=2440748&use=l&cat=p&typeid=i","cat":284618},{"id":68277,"n":"Déodorant Carré Homme Anti-transpirant - 100ml","p":1.12,"u":"11,20 €/L","img":"https://fd16-photos.leclercdrive.fr/image.ashx?id=2618232&use=l&cat=p&typeid=i","cat":284618},{"id":68278,"n":"Recharge gel lavant Manava Hypoallergénique - 250ml","p":0.66,"u":"2,64 €/L","img":"https://fd16-photos.leclercdrive.fr/image.ashx?id=2935537&use=l&cat=p&typeid=i","cat":284597},{"id":68425,"n":"Papier toilette Lotus XXL blanc - x6","p":4.02,"u":"0,67 €/P","img":"https://fd16-photos.leclercdrive.fr/image.ashx?id=2843968&use=l&cat=p&typeid=i","cat":284634},{"id":68432,"n":"Gel WC Syphon Activ'Effect Fraîcheur pin - 750ml","p":0.74,"u":"0,99 €/L","img":"https://fd16-photos.leclercdrive.fr/image.ashx?id=2388382&use=l&cat=p&typeid=i","cat":284662},{"id":68433,"n":"Destructeur d'odeurs Bien air Escapade forêt - 250ml","p":2.42,"u":"9,68 €/L","img":"https://fd16-photos.leclercdrive.fr/image.ashx?id=2593465&use=l&cat=p&typeid=i","cat":311626},{"id":68434,"n":"Destructeur d'odeurs Bien air Printemps Japon - 250ml","p":2.42,"u":"9,68 €/L","img":"https://fd16-photos.leclercdrive.fr/image.ashx?id=2593468&use=l&cat=p&typeid=i","cat":311626},{"id":68445,"n":"Recharge crème lavante Manava Framboise pivoine - 250ml","p":0.57,"u":"2,28 €/L","img":"https://fd16-photos.leclercdrive.fr/image.ashx?id=2935510&use=l&cat=p&typeid=i","cat":284597},{"id":68449,"n":"Perles désodorisantes Bien Air Japon","p":2.25,"img":"https://fd16-photos.leclercdrive.fr/image.ashx?id=2568798&use=l&cat=p&typeid=i","cat":311628},{"id":68450,"n":"Lingettes Clair Dépoussiérantes - x40","p":3.94,"u":"0,10 €/P","img":"https://fd16-photos.leclercdrive.fr/image.ashx?id=2863039&use=l&cat=p&typeid=i","cat":325364},{"id":68451,"n":"Lingettes Inell Rafraichissantes - x10","p":1.08,"u":"0,11 €/P","img":"https://fd16-photos.leclercdrive.fr/image.ashx?id=2658132&use=l&cat=p&typeid=i","cat":284603},{"id":68452,"n":"Lingettes hygiène intime Doulys Individuelles - x16","p":1.59,"u":"0,10 €/P","img":"https://fd16-photos.leclercdrive.fr/image.ashx?id=2671825&use=l&cat=p&typeid=i","cat":284627},{"id":68453,"n":"Gel lavant Manava Hypoallergénique - 300ml","p":1.05,"u":"3,50 €/L","img":"https://fd16-photos.leclercdrive.fr/image.ashx?id=2935528&use=l&cat=p&typeid=i","cat":284597},{"id":68454,"n":"Savon noir Clair Mou - 1kg","p":4.3,"u":"4,30 €/KG","img":"https://fd16-photos.leclercdrive.fr/image.ashx?id=2874383&use=l&cat=p&typeid=i","cat":284907},{"id":68455,"n":"Gel nettoyant Syphon Entretien menthe - 1L","p":2.89,"u":"2,89 €/L","img":"https://fd16-photos.leclercdrive.fr/image.ashx?id=2943659&use=l&cat=p&typeid=i","cat":284908},{"id":68459,"n":"Nettoyant Clair Parquets classiques - 1L","p":2.45,"u":"2,45 €/L","img":"https://fd16-photos.leclercdrive.fr/image.ashx?id=2652912&use=l&cat=p&typeid=i","cat":284907},{"id":68475,"n":"Culotte Chorys Médium nuit - x12","p":8.56,"u":"0,71 €/P","img":"https://fd16-photos.leclercdrive.fr/image.ashx?id=2716009&use=l&cat=p&typeid=i","cat":284628},{"id":68476,"n":"Culotte Chorys Absorption plus large nuit x10","p":7.14,"u":"0,71 €/P","img":"https://fd16-photos.leclercdrive.fr/image.ashx?id=2704490&use=l&cat=p&typeid=i","cat":284628},{"id":68479,"n":"Couches de bain Mots d'Enfants Baby Swim - Taille S - x12","p":6.1,"img":"https://fd16-photos.leclercdrive.fr/image.ashx?id=2533202&use=l&cat=p&typeid=i","cat":290634},{"id":68482,"n":"Couches de bain Mots d'Enfants Baby Swim - Taille M - x11","p":5.89,"u":"0,54 €/P","img":"https://fd16-photos.leclercdrive.fr/image.ashx?id=2533205&use=l&cat=p&typeid=i","cat":290634},{"id":68486,"n":"Tampon Nett  Digital normal boite - x24","p":2.42,"u":"0,10 €/P","img":"https://fd16-photos.leclercdrive.fr/image.ashx?id=2359657&use=l&cat=p&typeid=i","cat":284626},{"id":68844,"n":"Mini crackers Tokapi 75g","p":0.95,"u":"12,67 €/KG","img":"https://fd16-photos.leclercdrive.fr/image.ashx?id=2096458&use=l&cat=p&typeid=i","cat":297000},{"id":68862,"n":"Pâte à tartiner Nustikao 600g","p":2.73,"u":"4,55 €/KG","img":"https://fd16-photos.leclercdrive.fr/image.ashx?id=2814869&use=l&cat=p&typeid=i","cat":284481},{"id":68863,"n":"Compote Douceur du Verger Gourdes Pomme - 12x90g","p":2.95,"u":"2,73 €/KG","img":"https://fd16-photos.leclercdrive.fr/image.ashx?id=2843794&use=l&cat=p&typeid=i","cat":284508},{"id":68864,"n":"Compote Douceur du Verger Bocal pomme poire - 710g","p":1.75,"u":"2,46 €/KG","img":"https://fd16-photos.leclercdrive.fr/image.ashx?id=2663539&use=l&cat=p&typeid=i","cat":284508},{"id":68865,"n":"Compote Douceur du Verger Bocal pomme vanille - 710g","p":1.57,"u":"2,21 €/KG","img":"https://fd16-photos.leclercdrive.fr/image.ashx?id=2663542&use=l&cat=p&typeid=i","cat":284508},{"id":68866,"n":"Compote Douceur du Verger Bocal pomme - 710g","p":1.27,"u":"1,79 €/KG","img":"https://fd16-photos.leclercdrive.fr/image.ashx?id=2663536&use=l&cat=p&typeid=i","cat":284508},{"id":68868,"n":"Riz long Bio Village Bio semi complet - 500g","p":2.25,"u":"4,50 €/KG","img":"https://fd16-photos.leclercdrive.fr/image.ashx?id=2441513&use=l&cat=p&typeid=i","cat":284428},{"id":68881,"n":"Litchis Douceur du Verger Sirop léger - 250g","p":2.74,"u":"10,96 €/KG","img":"https://fd16-photos.leclercdrive.fr/image.ashx?id=2485089&use=l&cat=p&typeid=i","cat":284507},{"id":68902,"n":"Crackers Tokapi 100g","p":0.46,"u":"4,60 €/KG","img":"https://fd16-photos.leclercdrive.fr/image.ashx?id=2661073&use=l&cat=p&typeid=i","cat":297000},{"id":68913,"n":"Purificateur d'air Sanytol Désinfectant - 300ml","p":3.82,"u":"12,73 €/L","img":"https://fd16-photos.leclercdrive.fr/image.ashx?id=2901659&use=l&cat=p&typeid=i","cat":311626},{"id":68914,"n":"Riz Basmati Comptoir du grain Variété Traditionelle - 1kg","p":3.56,"u":"3,56 €/KG","img":"https://fd16-photos.leclercdrive.fr/image.ashx?id=2583271&use=l&cat=p&typeid=i","cat":284428},{"id":68921,"n":"Boisson lactée Tous mes amis pour chats stérilisé - 3x200ml","p":2.45,"u":"4,08 €/L","img":"https://fd16-photos.leclercdrive.fr/image.ashx?id=2313476&use=l&cat=p&typeid=i","cat":285285},{"id":68935,"n":"Soupe Régal Soupe Poule pot vermicelles - 1L","p":2.02,"u":"2,02 €/L","img":"https://fd16-photos.leclercdrive.fr/image.ashx?id=2983817&use=l&cat=p&typeid=i","cat":284462},{"id":68951,"n":"Crème dessert La Laitière  Velours de crème caramel 4x85g","p":1.99,"u":"5,85 €/KG","img":"https://fd16-photos.leclercdrive.fr/image.ashx?id=3007930&use=l&cat=p&typeid=i","cat":285041},{"id":68952,"n":"Crème dessert La Laitière Velours de crème chocolat 4x85g","p":2.19,"u":"6,44 €/KG","img":"https://fd16-photos.leclercdrive.fr/image.ashx?id=2633824&use=l&cat=p&typeid=i","cat":285041},{"id":68953,"n":"Crème dessert La Laitière Chocolat Caramel - 4x85g","p":2.19,"u":"6,44 €/KG","img":"https://fd16-photos.leclercdrive.fr/image.ashx?id=2633827&use=l&cat=p&typeid=i","cat":285041},{"id":68986,"n":"Lait d'amande Bio Village Sans sucre bio - 1L","p":1.41,"u":"1,41 €/L","img":"https://fd16-photos.leclercdrive.fr/image.ashx?id=2499109&use=l&cat=p&typeid=i","cat":316067},{"id":69003,"n":"Galettes maïs Bio Village Chocolat noir bio - 100g","p":1.89,"u":"18,90 €/KG","img":"https://fd16-photos.leclercdrive.fr/image.ashx?id=2559399&use=l&cat=p&typeid=i","cat":318651},{"id":69016,"n":"Sauce au Bleu Bénédicta Gamme Gourmet - 260g","p":1.68,"u":"6,46 €/KG","img":"https://fd16-photos.leclercdrive.fr/image.ashx?id=2616177&use=l&cat=p&typeid=i","cat":318430},{"id":69057,"n":"Yaourts nature Bio Village Bio - 4x125g","p":2.28,"u":"4,56 €/KG","img":"https://fd16-photos.leclercdrive.fr/image.ashx?id=2822775&use=l&cat=p&typeid=i","cat":284409},{"id":69061,"n":"Yaourt nature Danone 4x125g","p":0.93,"u":"1,86 €/KG","img":"https://fd16-photos.leclercdrive.fr/image.ashx?id=2911184&use=l&cat=p&typeid=i","cat":284409},{"id":69068,"n":"Crème dessert Délisse Saveur Brownie - 4x125g","p":1.55,"u":"3,10 €/KG","img":"https://fd16-photos.leclercdrive.fr/image.ashx?id=2441411&use=l&cat=p&typeid=i","cat":285041},{"id":69070,"n":"Yaourts brassés velouté Danone Nature - 16x125g","p":4.24,"u":"2,12 €/KG","img":"https://fd16-photos.leclercdrive.fr/image.ashx?id=2865584&use=l&cat=p&typeid=i","cat":284409},{"id":69120,"n":"Eau de toilette Alix de Faure Vanille - 110ml","p":3.2,"u":"29,09 €/L","img":"https://fd16-photos.leclercdrive.fr/image.ashx?id=2675768&use=l&cat=p&typeid=i","cat":291525},{"id":69141,"n":"Papier cuisson Elembal Rouleau 8m","p":1.08,"u":"0,14 €/MT","img":"https://fd16-photos.leclercdrive.fr/image.ashx?id=2824955&use=l&cat=p&typeid=i","cat":334134},{"id":69145,"n":"Crème lavante Manava Framboise pivoine - 300ml","p":1.28,"u":"4,27 €/L","img":"https://fd16-photos.leclercdrive.fr/image.ashx?id=2935507&use=l&cat=p&typeid=i","cat":284597},{"id":69150,"n":"Nettoyant multi surfaces Clair Citron - 1.5L","p":1.7,"u":"1,13 €/L","img":"https://fd16-photos.leclercdrive.fr/image.ashx?id=2534211&use=l&cat=p&typeid=i","cat":284907},{"id":69151,"n":"Nettoyant multi surfaces Clair Pins - 1.5L","p":1.7,"u":"1,13 €/L","img":"https://fd16-photos.leclercdrive.fr/image.ashx?id=2369164&use=l&cat=p&typeid=i","cat":284907},{"id":69152,"n":"Nettoyant multi surfaces Clair Fleurs - 1.5L","p":1.7,"u":"1,13 €/L","img":"https://fd16-photos.leclercdrive.fr/image.ashx?id=2381556&use=l&cat=p&typeid=i","cat":284907},{"id":69153,"n":"Nettoyant multi surfaces Clair Fraîcheur pure - 1.5L","p":1.7,"u":"1,13 €/L","img":"https://fd16-photos.leclercdrive.fr/image.ashx?id=2373263&use=l&cat=p&typeid=i","cat":284907},{"id":69154,"n":"Nettoyant multi surfaces Clair Savon de Marseille - 1.5L","p":1.7,"u":"1,13 €/L","img":"https://fd16-photos.leclercdrive.fr/image.ashx?id=2858845&use=l&cat=p&typeid=i","cat":284907},{"id":69155,"n":"Nettoyant multi surfaces Clair Savon noir - 1.5L","p":1.7,"u":"1,13 €/L","img":"https://fd16-photos.leclercdrive.fr/image.ashx?id=2849584&use=l&cat=p&typeid=i","cat":284907},{"id":69215,"n":"Pains wrap Epi d'Or Nature x6 - 383g","p":1.95,"u":"5,09 €/KG","img":"https://fd16-photos.leclercdrive.fr/image.ashx?id=2998883&use=l&cat=p&typeid=i","cat":284985},{"id":69227,"n":"Huile vierge Bio Village Coco bio - 200ml","p":2.28,"u":"11,40 €/L","img":"https://fd16-photos.leclercdrive.fr/image.ashx?id=1974311&use=l&cat=p&typeid=i","cat":284453},{"id":69256,"n":"Dessert panaché Andros Panaché - 16x100g","p":5.41,"u":"3,38 €/KG","img":"https://fd16-photos.leclercdrive.fr/image.ashx?id=2875114&use=l&cat=p&typeid=i","cat":284416},{"id":69273,"n":"Eau de toilette Alix de Faure Fruits rouges - 110ml","p":3.2,"u":"29,09 €/L","img":"https://fd16-photos.leclercdrive.fr/image.ashx?id=2675762&use=l&cat=p&typeid=i","cat":291525},{"id":69274,"n":"Eau de toilette Alix de Faure Patchouli - 110ml","p":3.2,"u":"29,09 €/L","img":"https://fd16-photos.leclercdrive.fr/image.ashx?id=2675765&use=l&cat=p&typeid=i","cat":291525},{"id":69280,"n":"Couches bébé Mots d'enfants Midi T3 4/9kg - x50 changes","p":6.35,"u":"0,13 €/P","img":"https://fd16-photos.leclercdrive.fr/image.ashx?id=2699717&use=l&cat=p&typeid=i","cat":284737},{"id":69281,"n":"Couches bébé Mots d'enfants Ultra confort T4 7/18kg - x44","p":6.35,"u":"0,14 €/P","img":"https://fd16-photos.leclercdrive.fr/image.ashx?id=2699720&use=l&cat=p&typeid=i","cat":284737},{"id":69282,"n":"Couches bébé Mots d'enfants Ultra confort T4+  9/20kg - x41","p":6.35,"u":"0,15 €/P","img":"https://fd16-photos.leclercdrive.fr/image.ashx?id=2699723&use=l&cat=p&typeid=i","cat":284737},{"id":69283,"n":"Couches bébé Mots d'enfants Ultra confort T5 11/25kg - x39","p":6.35,"u":"0,16 €/P","img":"https://fd16-photos.leclercdrive.fr/image.ashx?id=2699726&use=l&cat=p&typeid=i","cat":284737},{"id":69315,"n":"Sirop saveur mojito Frucci 75cl","p":3.25,"u":"4,33 €/L","img":"https://fd16-photos.leclercdrive.fr/image.ashx?id=2557884&use=l&cat=p&typeid=i","cat":295020},{"id":69316,"n":"Pur jus Jafaden Orange mangue citron - 1L","p":2.39,"u":"2,39 €/L","img":"https://fd16-photos.leclercdrive.fr/image.ashx?id=2956759&use=l&cat=p&typeid=i","cat":284917},{"id":69317,"n":"Eau minérale naturelle Vittel 6x1.5L","p":2.94,"u":"0,33 €/L","img":"https://fd16-photos.leclercdrive.fr/image.ashx?id=3000441&use=l&cat=p&typeid=i","cat":284535},{"id":69319,"n":"Pur jus Jafaden Pomme goyave citron - 1L","p":2.15,"u":"2,15 €/L","img":"https://fd16-photos.leclercdrive.fr/image.ashx?id=2956765&use=l&cat=p&typeid=i","cat":284917},{"id":69396,"n":"Fromage à Raclette RichesMonts  Sans croûte 18 Tranches - 420g","p":5.37,"u":"12,79 €/KG","img":"https://fd16-photos.leclercdrive.fr/image.ashx?id=2960765&use=l&cat=p&typeid=i","cat":314037},{"id":69432,"n":"Trio de terrines Label Rouge Nos Régions Ont Du Talent -270g","p":3.7,"u":"13,70 €/KG","img":"https://fd16-photos.leclercdrive.fr/image.ashx?id=2560521&use=l&cat=p&typeid=i","cat":305149},{"id":69441,"n":"Toile de réparation Scotch Lot de 2 rouleaux","p":11.4,"img":"https://fd16-photos.leclercdrive.fr/image.ashx?id=2688830&use=l&cat=p&typeid=i","cat":300576},{"id":69679,"n":"Yaourt à la grecque YAOS Nature lit de myrtilles 4x125g","p":2.75,"u":"5,50 €/KG","img":"https://fd16-photos.leclercdrive.fr/image.ashx?id=2614933&use=l&cat=p&typeid=i","cat":314999},{"id":69680,"n":"Yaourt à la grecque YAOS Nature lit de pêches 4x125g","p":2.75,"u":"5,50 €/KG","img":"https://fd16-photos.leclercdrive.fr/image.ashx?id=2539533&use=l&cat=p&typeid=i","cat":314999},{"id":69705,"n":"Coleslaw moutarde Bonduelle 320g","p":1.81,"u":"5,66 €/KG","img":"https://fd16-photos.leclercdrive.fr/image.ashx?id=2894185&use=l&cat=p&typeid=i","cat":333657},{"id":69739,"n":"Mini feuilletés Côté Table Apéritifs - x30 - 360g","p":3.72,"u":"10,33 €/KG","img":"https://fd16-photos.leclercdrive.fr/image.ashx?id=2212509&use=l&cat=p&typeid=i","cat":319774},{"id":69803,"n":"Riz provençale Bonduelle Thon - 320g","p":1.93,"u":"6,03 €/KG","img":"https://fd16-photos.leclercdrive.fr/image.ashx?id=2907905&use=l&cat=p&typeid=i","cat":333657},{"id":69910,"n":"Origan Rustica 11g","p":0.45,"u":"40,91 €/KG","img":"https://fd16-photos.leclercdrive.fr/image.ashx?id=2991443&use=l&cat=p&typeid=i","cat":298297},{"id":70114,"n":"Biscuits p'tit dèj BN Extra céréales complètes - 200g","p":1.7,"u":"8,50 €/KG","img":"https://fd16-photos.leclercdrive.fr/image.ashx?id=2603471&use=l&cat=p&typeid=i","cat":284491},{"id":70117,"n":"Biscuits Mc Vitie's Original - 400g","p":1.69,"u":"4,23 €/KG","img":"https://fd16-photos.leclercdrive.fr/image.ashx?id=2310182&use=l&cat=p&typeid=i","cat":284487},{"id":70126,"n":"Fromage blanc Danone Nature 3%MG - 4x100g","p":1.66,"u":"4,15 €/KG","img":"https://fd16-photos.leclercdrive.fr/image.ashx?id=2833225&use=l&cat=p&typeid=i","cat":284409},{"id":70334,"n":"Kasteel rouge  8° 75cl","p":4.95,"u":"6,60 €/L","img":"https://fd16-photos.leclercdrive.fr/image.ashx?id=2981325&use=l&cat=p&typeid=i","cat":334872},{"id":70335,"n":"Kasteel blonde  11° - 75cl","p":4.89,"u":"6,52 €/L","img":"https://fd16-photos.leclercdrive.fr/image.ashx?id=2483218&use=l&cat=p&typeid=i","cat":334872},{"id":70344,"n":"Triple Secret des Moines 8%  - 75cl","p":3.88,"u":"5,17 €/L","img":"https://fd16-photos.leclercdrive.fr/image.ashx?id=2947991&use=l&cat=p&typeid=i","cat":334872},{"id":70346,"n":"Bière Maredsous Blonde - 6%vol - 75cl","p":4.1,"u":"5,47 €/L","img":"https://fd16-photos.leclercdrive.fr/image.ashx?id=2368096&use=l&cat=p&typeid=i","cat":334872},{"id":70389,"n":"Café dosettes Tassimo L'Or Cappuccino x8","p":4.89,"u":"18,31 €/KG","img":"https://fd16-photos.leclercdrive.fr/image.ashx?id=2100305&use=l&cat=p&typeid=i","cat":293240},{"id":70480,"n":"Chocolats Ferrero Collection Assortiments x24 - 269g","p":9.98,"u":"37,10 €/KG","img":"https://fd16-photos.leclercdrive.fr/image.ashx?id=2871181&use=l&cat=p&typeid=i","cat":327595},{"id":70579,"n":"Fromage Caprice des Dieux  200g","p":2.9,"u":"14,50 €/KG","img":"https://fd16-photos.leclercdrive.fr/image.ashx?id=2762438&use=l&cat=p&typeid=i","cat":314033},{"id":70634,"n":"Lentilles Notre Jardin Graisse d'oie - 400g","p":1.05,"u":"2,63 €/KG","img":"https://fd16-photos.leclercdrive.fr/image.ashx?id=3002620&use=l&cat=p&typeid=i","cat":312609},{"id":70640,"n":"Mayonnaise Rustica Ma recette - 235g","p":1.38,"u":"5,87 €/KG","img":"https://fd16-photos.leclercdrive.fr/image.ashx?id=2443185&use=l&cat=p&typeid=i","cat":298295},{"id":70914,"n":"Poivre noir grains Rustica 90g","p":2.32,"u":"25,78 €/KG","img":"https://fd16-photos.leclercdrive.fr/image.ashx?id=2870047&use=l&cat=p&typeid=i","cat":284457},{"id":70980,"n":"Crousty chicken Le Gaulois L'original - 400g","p":5.35,"u":"13,38 €/KG","img":"https://fd16-photos.leclercdrive.fr/image.ashx?id=2967765&use=l&cat=p&typeid=i","cat":333684},{"id":70993,"n":"Coulommiers Président  350g","p":2.77,"u":"7,91 €/KG","img":"https://fd16-photos.leclercdrive.fr/image.ashx?id=2029862&use=l&cat=p&typeid=i","cat":314033},{"id":71075,"n":"Vinaigrette biphase Rustica Tomate/ Balsamique - 50cl","p":2.72,"u":"5,44 €/L","img":"https://fd16-photos.leclercdrive.fr/image.ashx?id=1972937&use=l&cat=p&typeid=i","cat":284456},{"id":71076,"n":"Vinaigrette Rustica Moutarde ancienne - 1L","p":1.78,"u":"1,78 €/L","img":"https://fd16-photos.leclercdrive.fr/image.ashx?id=1957767&use=l&cat=p&typeid=i","cat":284456},{"id":71077,"n":"Vinaigrette biphase Rustica Ciboulette/Echalote - 50cl","p":2.79,"u":"5,58 €/L","img":"https://fd16-photos.leclercdrive.fr/image.ashx?id=1943241&use=l&cat=p&typeid=i","cat":284456},{"id":71102,"n":"Bière Desperados 65cl","p":2.54,"u":"3,91 €/L","img":"https://fd16-photos.leclercdrive.fr/image.ashx?id=2977960&use=l&cat=p&typeid=i","cat":334878},{"id":71106,"n":"Ail semoule Rustica 110g","p":1.39,"u":"12,64 €/KG","img":"https://fd16-photos.leclercdrive.fr/image.ashx?id=2870038&use=l&cat=p&typeid=i","cat":298297},{"id":71155,"n":"Ail semoule Rustica Flacon - 60g","p":0.99,"u":"16,50 €/KG","img":"https://fd16-photos.leclercdrive.fr/image.ashx?id=1239500&use=l&cat=p&typeid=i","cat":298297},{"id":71156,"n":"Moulin 5 baies Rustica Flacon - 24g","p":1.19,"u":"49,58 €/KG","img":"https://fd16-photos.leclercdrive.fr/image.ashx?id=2907231&use=l&cat=p&typeid=i","cat":284457},{"id":71157,"n":"Herbe de provence haché Rustica 40g","p":0.88,"u":"22,00 €/KG","img":"https://fd16-photos.leclercdrive.fr/image.ashx?id=2935226&use=l&cat=p&typeid=i","cat":298297},{"id":71158,"n":"Poivre gris moulu Rustica Boite - 90g","p":2.29,"u":"25,44 €/KG","img":"https://fd16-photos.leclercdrive.fr/image.ashx?id=2907204&use=l&cat=p&typeid=i","cat":284457},{"id":71162,"n":"Assortiment crackers Tokapi 85g","p":0.69,"u":"8,12 €/KG","img":"https://fd16-photos.leclercdrive.fr/image.ashx?id=2705037&use=l&cat=p&typeid=i","cat":297000},{"id":71320,"n":"Whisky japonais Togouchi Premium - 40%vol - 70cl","p":35.75,"pp":30.75,"u":"43,93 €/L","img":"https://fd16-photos.leclercdrive.fr/image.ashx?id=2685291&use=l&cat=p&typeid=i","cat":284547},{"id":71327,"n":"Whisky Aberlour Triple Cask Single Malt Scotch 40% vol 70cl","p":37.72,"u":"53,89 €/L","img":"https://fd16-photos.leclercdrive.fr/image.ashx?id=2860514&use=l&cat=p&typeid=i","cat":284547},{"id":71351,"n":"Cocktail Pêche Océan Fruits de mer - 500g","p":4.94,"u":"9,88 €/KG","img":"https://fd16-photos.leclercdrive.fr/image.ashx?id=2686347&use=l&cat=p&typeid=i","cat":319787},{"id":71412,"n":"Déodorant Manava Cologne - 100ml","p":1.39,"u":"13,90 €/L","img":"https://fd16-photos.leclercdrive.fr/image.ashx?id=2666572&use=l&cat=p&typeid=i","cat":284595},{"id":71413,"n":"Déodorant Manava Freesia Orchidée - 100ml","p":1.36,"u":"13,60 €/L","img":"https://fd16-photos.leclercdrive.fr/image.ashx?id=2656451&use=l&cat=p&typeid=i","cat":284595},{"id":71417,"n":"Petits pois très fins Eco  560g","p":1.15,"u":"2,05 €/KG","img":"https://fd16-photos.leclercdrive.fr/image.ashx?id=3003711&use=l&cat=p&typeid=i","cat":312607},{"id":71419,"n":"Petits pois carottes Eco  530g","p":1.12,"u":"2,11 €/KG","img":"https://fd16-photos.leclercdrive.fr/image.ashx?id=3003714&use=l&cat=p&typeid=i","cat":312607},{"id":71422,"n":"Macedoine de legumes Eco  530g","p":1.11,"u":"2,09 €/KG","img":"https://fd16-photos.leclercdrive.fr/image.ashx?id=2729245&use=l&cat=p&typeid=i","cat":312612},{"id":71423,"n":"Flageolets verts fins Eco  530g","p":1.19,"u":"2,25 €/KG","img":"https://fd16-photos.leclercdrive.fr/image.ashx?id=2720012&use=l&cat=p&typeid=i","cat":312606},{"id":71426,"n":"Lentilles Eco+ 530g","p":1.02,"u":"1,92 €/KG","img":"https://fd16-photos.leclercdrive.fr/image.ashx?id=2699087&use=l&cat=p&typeid=i","cat":312609},{"id":71429,"n":"Haricots verts extra fins Eco  440g","p":1.04,"u":"2,36 €/KG","img":"https://fd16-photos.leclercdrive.fr/image.ashx?id=3003726&use=l&cat=p&typeid=i","cat":312606},{"id":71431,"n":"Tomates entières pelées Eco+ - 480g","p":1.1,"u":"2,29 €/KG","img":"https://fd16-photos.leclercdrive.fr/image.ashx?id=3003729&use=l&cat=p&typeid=i","cat":312608},{"id":71433,"n":"Choux-fleurs Eco+ 1kg","p":1.31,"u":"1,31 €/KG","img":"https://fd16-photos.leclercdrive.fr/image.ashx?id=2729254&use=l&cat=p&typeid=i","cat":319805},{"id":71439,"n":"Filets de colin d'Alaska Eco+ 10x100g","p":5.3,"u":"5,30 €/KG","img":"https://fd16-photos.leclercdrive.fr/image.ashx?id=1668300&use=l&cat=p&typeid=i","cat":319786},{"id":71442,"n":"Cassoulet Eco+ 840g","p":1.97,"u":"2,35 €/KG","img":"https://fd16-photos.leclercdrive.fr/image.ashx?id=2847937&use=l&cat=p&typeid=i","cat":284440},{"id":71444,"n":"Galettes au beurre Eco+ x16 - 125g","p":0.64,"u":"5,12 €/KG","img":"https://fd16-photos.leclercdrive.fr/image.ashx?id=2746781&use=l&cat=p&typeid=i","cat":284487},{"id":71448,"n":"Raviolis à la sauce tomate Eco+ 800g","p":1.69,"u":"2,11 €/KG","img":"https://fd16-photos.leclercdrive.fr/image.ashx?id=2688288&use=l&cat=p&typeid=i","cat":284442},{"id":71451,"n":"Serviettes maxi nuit Eco+ x10","p":0.64,"u":"0,06 €/P","img":"https://fd16-photos.leclercdrive.fr/image.ashx?id=2824739&use=l&cat=p&typeid=i","cat":284624},{"id":71468,"n":"Spécialité au soja Nat&Vie Café - 4x100g","p":1.45,"u":"3,63 €/KG","img":"https://fd16-photos.leclercdrive.fr/image.ashx?id=2901470&use=l&cat=p&typeid=i","cat":316071},{"id":71473,"n":"Vin d'Espagne blanc Chardonnay Adrien Champaud - BIB 5L","p":11.99,"u":"2,40 €/L","img":"https://fd16-photos.leclercdrive.fr/image.ashx?id=2959617&use=l&cat=p&typeid=i","cat":289557},{"id":71479,"n":"Cookies P'tit Déli Paillettes muticolores - 150g","p":1.45,"u":"9,67 €/KG","img":"https://fd16-photos.leclercdrive.fr/image.ashx?id=2939064&use=l&cat=p&typeid=i","cat":325066},{"id":71488,"n":"Mini chinois Epi d'Or Pepites de chocolat x6 - 300g","p":1.85,"u":"6,17 €/KG","img":"https://fd16-photos.leclercdrive.fr/image.ashx?id=2867916&use=l&cat=p&typeid=i","cat":296366},{"id":71489,"n":"Croissants Epi d'Or x8 - 320g","p":1.64,"u":"5,13 €/KG","img":"https://fd16-photos.leclercdrive.fr/image.ashx?id=2860766&use=l&cat=p&typeid=i","cat":296366},{"id":71496,"n":"Tartelette P'tit Déli Chocolat au lait caramel - 127g","p":1.49,"u":"11,73 €/KG","img":"https://fd16-photos.leclercdrive.fr/image.ashx?id=2722820&use=l&cat=p&typeid=i","cat":284488},{"id":71497,"n":"Tartelette P'tit Déli Fraise - 127g","p":1.42,"u":"11,18 €/KG","img":"https://fd16-photos.leclercdrive.fr/image.ashx?id=2888640&use=l&cat=p&typeid=i","cat":284489},{"id":71498,"n":"Lait concentré Délisse Non sucré x10  - 75g","p":0.44,"u":"5,87 €/KG","img":"https://fd16-photos.leclercdrive.fr/image.ashx?id=2671822&use=l&cat=p&typeid=i","cat":299162},{"id":71499,"n":"Gaufrette roulée P'tit Déli Chocolat noir - 125g","p":1.29,"u":"10,32 €/KG","img":"https://fd16-photos.leclercdrive.fr/image.ashx?id=2399859&use=l&cat=p&typeid=i","cat":284490},{"id":71514,"n":"Sablé pur beurre P'tit Déli Caramel - 100g","p":1.18,"u":"11,80 €/KG","img":"https://fd16-photos.leclercdrive.fr/image.ashx?id=2660574&use=l&cat=p&typeid=i","cat":284487},{"id":71523,"n":"Sablés pur beurre P'tit Déli Coco - 100g","p":1.89,"u":"18,90 €/KG","img":"https://fd16-photos.leclercdrive.fr/image.ashx?id=2709704&use=l&cat=p&typeid=i","cat":284487},{"id":71524,"n":"Goûter rectangle P'tit Déli Fourré chocolat - 125g","p":1.19,"u":"9,52 €/KG","img":"https://fd16-photos.leclercdrive.fr/image.ashx?id=2619725&use=l&cat=p&typeid=i","cat":284488},{"id":71535,"n":"Pommes de terre NRT à l'échirlète - 600g","p":3.55,"u":"5,92 €/KG","img":"https://fd16-photos.leclercdrive.fr/image.ashx?id=2699855&use=l&cat=p&typeid=i","cat":319792},{"id":71546,"n":"Gaufrettes P'tit Déli Vanille - 110g","p":1.01,"u":"9,18 €/KG","img":"https://fd16-photos.leclercdrive.fr/image.ashx?id=2436023&use=l&cat=p&typeid=i","cat":284487},{"id":71553,"n":"Déodorant Manava Freesia Orchidée - 200ml","p":1.34,"u":"6,70 €/L","img":"https://fd16-photos.leclercdrive.fr/image.ashx?id=2656454&use=l&cat=p&typeid=i","cat":284595},{"id":71561,"n":"Palets P'tit Déli A la madeleine - 125g","p":1.15,"u":"9,20 €/KG","img":"https://fd16-photos.leclercdrive.fr/image.ashx?id=2693138&use=l&cat=p&typeid=i","cat":284487},{"id":71563,"n":"Mayonnaise Rustica A la moutarde de Dijon - 720g","p":2.45,"u":"3,40 €/KG","img":"https://fd16-photos.leclercdrive.fr/image.ashx?id=2954379&use=l&cat=p&typeid=i","cat":298295},{"id":71566,"n":"Sauce Soja Tables Du Monde 125ml","p":0.83,"u":"6,64 €/L","img":"https://fd16-photos.leclercdrive.fr/image.ashx?id=2679765&use=l&cat=p&typeid=i","cat":288992},{"id":71568,"n":"Sauce soja sucrée Table du monde - 125ml","p":0.83,"u":"6,64 €/L","img":"https://fd16-photos.leclercdrive.fr/image.ashx?id=2679762&use=l&cat=p&typeid=i","cat":288992},{"id":71570,"n":"Palmiers P'tit Déli Zestes Citron - 100g","p":0.86,"u":"8,60 €/KG","img":"https://fd16-photos.leclercdrive.fr/image.ashx?id=2331321&use=l&cat=p&typeid=i","cat":284487},{"id":71574,"n":"Gaufrettes P'tit Déli Chocolat noisette - 160g","p":1.54,"u":"9,63 €/KG","img":"https://fd16-photos.leclercdrive.fr/image.ashx?id=2915302&use=l&cat=p&typeid=i","cat":284488},{"id":71575,"n":"Test de grossesse Primoplast x1","p":0.74,"img":"https://fd16-photos.leclercdrive.fr/image.ashx?id=2832975&use=l&cat=p&typeid=i","cat":324482},{"id":71579,"n":"Recharge crème lavante Manava Surgras - 250ml","p":0.66,"u":"2,64 €/L","img":"https://fd16-photos.leclercdrive.fr/image.ashx?id=2935516&use=l&cat=p&typeid=i","cat":284597},{"id":71599,"n":"Bicarbonate de soude Clair 500g","p":1.5,"u":"3,00 €/KG","img":"https://fd16-photos.leclercdrive.fr/image.ashx?id=2822129&use=l&cat=p&typeid=i","cat":325365},{"id":71600,"n":"Champignons Notre Jardin Emincés, épais - 230g","p":1.43,"u":"6,22 €/KG","img":"https://fd16-photos.leclercdrive.fr/image.ashx?id=2553917&use=l&cat=p&typeid=i","cat":312610},{"id":71602,"n":"Change bébé Mots d'Enfants Nouveau né - T1 - 2/5kg - x23","p":2.36,"u":"0,10 €/P","img":"https://fd16-photos.leclercdrive.fr/image.ashx?id=2907225&use=l&cat=p&typeid=i","cat":284737},{"id":71627,"n":"Boisson végétale Bio Village Soja chocolat bio - 1l","p":1.5,"u":"1,50 €/L","img":"https://fd16-photos.leclercdrive.fr/image.ashx?id=2352240&use=l&cat=p&typeid=i","cat":316067},{"id":71649,"n":"Herbe Provence bio Bio Village 14g","p":0.79,"u":"56,43 €/KG","img":"https://fd16-photos.leclercdrive.fr/image.ashx?id=2555949&use=l&cat=p&typeid=i","cat":298297},{"id":71698,"n":"Nappe damassée Homeside Jaune - 7m","p":2.96,"u":"0,42 €/MT","img":"https://fd16-photos.leclercdrive.fr/image.ashx?id=1419626&use=l&cat=p&typeid=i","cat":334134},{"id":71700,"n":"Nappe damassée Homeside Rouge - 7m","p":2.96,"u":"0,42 €/MT","img":"https://fd16-photos.leclercdrive.fr/image.ashx?id=1659747&use=l&cat=p&typeid=i","cat":334134},{"id":71702,"n":"Nappe damassée Ardence Olive - 7m","p":2.96,"u":"0,42 €/MT","img":"https://fd16-photos.leclercdrive.fr/image.ashx?id=2726071&use=l&cat=p&typeid=i","cat":334134},{"id":72458,"n":"Poulet rôti  1P","p":6.95,"img":"https://fd16-photos.leclercdrive.fr/image.ashx?id=1648962&use=l&cat=p&typeid=i","cat":284336},{"id":72731,"n":"Chocolat Pâtissier Nestlé Dessert : Noir 70% - 170g","p":3.31,"u":"19,47 €/KG","img":"https://fd16-photos.leclercdrive.fr/image.ashx?id=2902358&use=l&cat=p&typeid=i","cat":285562},{"id":72734,"n":"Pain de mie Schär - Céréales Sans gluten - 300g","p":3.49,"u":"11,63 €/KG","img":"https://fd16-photos.leclercdrive.fr/image.ashx?id=2659421&use=l&cat=p&typeid=i","cat":318654},{"id":72750,"n":"Piccalilli Crown's 350g","p":1.8,"u":"5,14 €/KG","img":"https://fd16-photos.leclercdrive.fr/image.ashx?id=1568911&use=l&cat=p&typeid=i","cat":298298},{"id":72759,"n":"Riz au lait Délisse Au lait de brebis - 2x140g","p":1.65,"u":"5,89 €/KG","img":"https://fd16-photos.leclercdrive.fr/image.ashx?id=1993595&use=l&cat=p&typeid=i","cat":314998},{"id":72791,"n":"Bière Desperados 3x33cl","p":4.35,"u":"4,39 €/L","img":"https://fd16-photos.leclercdrive.fr/image.ashx?id=2983120&use=l&cat=p&typeid=i","cat":334878},{"id":72932,"n":"Spaghetti bolognaise Côté Table 415g","p":2.03,"u":"4,89 €/KG","img":"https://fd16-photos.leclercdrive.fr/image.ashx?id=2977882&use=l&cat=p&typeid=i","cat":284442},{"id":72934,"n":"Sauce nuoc mam Tables du monde 125ml","p":0.91,"u":"7,28 €/L","img":"https://fd16-photos.leclercdrive.fr/image.ashx?id=2679771&use=l&cat=p&typeid=i","cat":288992},{"id":72976,"n":"Vaseline pure Mercurochrome 75ml","p":2.59,"u":"34,53 €/L","img":"https://fd16-photos.leclercdrive.fr/image.ashx?id=2663992&use=l&cat=p&typeid=i","cat":284630},{"id":72988,"n":"Eau Micellaire Biphase Garnier Maquillage Waterproof - 400ml","p":4.24,"u":"10,60 €/L","img":"https://fd16-photos.leclercdrive.fr/image.ashx?id=2286299&use=l&cat=p&typeid=i","cat":284603},{"id":73006,"n":"Sauce pour nems Tables du monde 125ml","p":0.99,"u":"7,92 €/L","img":"https://fd16-photos.leclercdrive.fr/image.ashx?id=2526306&use=l&cat=p&typeid=i","cat":288992},{"id":73084,"n":"Crème Hydratante Visage Mixa Peaux Sensibles - 100ml","p":2.78,"u":"27,80 €/L","img":"https://fd16-photos.leclercdrive.fr/image.ashx?id=2300749&use=l&cat=p&typeid=i","cat":325345},{"id":73697,"n":"Compote Allégée en sucres Eco+ Bocal pomme - 720g","p":0.85,"u":"1,18 €/KG","img":"https://fd16-photos.leclercdrive.fr/image.ashx?id=2953185&use=l&cat=p&typeid=i","cat":284508},{"id":73715,"n":"Vin blanc AOC Bourgogne Aligoté Couvent des Visitandines - 75cl","p":11.41,"u":"15,21 €/L","img":"https://fd16-photos.leclercdrive.fr/image.ashx?id=2955294&use=l&cat=p&typeid=i","cat":289557},{"id":73717,"n":"Pommes de terre Eco+ 530g","p":1.15,"u":"2,17 €/KG","img":"https://fd16-photos.leclercdrive.fr/image.ashx?id=2473186&use=l&cat=p&typeid=i","cat":312612},{"id":73727,"n":"Bouchées pour chats  Eco+ Boeuf poulet légumes - 410g","p":0.79,"u":"1,93 €/KG","img":"https://fd16-photos.leclercdrive.fr/image.ashx?id=2965786&use=l&cat=p&typeid=i","cat":285601},{"id":73729,"n":"Tartelettes à la fraise Eco+ x12 - 200g","p":0.8,"u":"4,00 €/KG","img":"https://fd16-photos.leclercdrive.fr/image.ashx?id=2869757&use=l&cat=p&typeid=i","cat":284489},{"id":73732,"n":"Gel WC javel Eco+ 750ml","p":0.57,"u":"0,76 €/L","img":"https://fd16-photos.leclercdrive.fr/image.ashx?id=2768074&use=l&cat=p&typeid=i","cat":284662},{"id":73793,"n":"Goûters ronds Eco+ Fourrés chocolat - 500g","p":1.35,"u":"2,70 €/KG","img":"https://fd16-photos.leclercdrive.fr/image.ashx?id=2222751&use=l&cat=p&typeid=i","cat":284488},{"id":73797,"n":"Pâtes Eco+ Macaroni - 1kg","p":0.99,"u":"0,99 €/KG","img":"https://fd16-photos.leclercdrive.fr/image.ashx?id=2887395&use=l&cat=p&typeid=i","cat":284427},{"id":73798,"n":"Pâtes Eco+ Coquillettes - 1kg","p":1.01,"u":"1,01 €/KG","img":"https://fd16-photos.leclercdrive.fr/image.ashx?id=2885723&use=l&cat=p&typeid=i","cat":284427},{"id":73799,"n":"Pâtes Eco+ Torsades - 1kg","p":1.0,"u":"1,00 €/KG","img":"https://fd16-photos.leclercdrive.fr/image.ashx?id=2885726&use=l&cat=p&typeid=i","cat":284427},{"id":73800,"n":"Dosettes café Eco+ 100% arabica - x48 - 336g","p":4.32,"u":"12,86 €/KG","img":"https://fd16-photos.leclercdrive.fr/image.ashx?id=2711586&use=l&cat=p&typeid=i","cat":293238},{"id":73801,"n":"Dosettes café Eco+ 100% Robusta - x48 - 336g","p":4.09,"u":"12,17 €/KG","img":"https://fd16-photos.leclercdrive.fr/image.ashx?id=2800222&use=l&cat=p&typeid=i","cat":293238},{"id":73802,"n":"Riz soufflé Eco+ Au chocolat au lait - 750g","p":2.71,"u":"3,61 €/KG","img":"https://fd16-photos.leclercdrive.fr/image.ashx?id=2693096&use=l&cat=p&typeid=i","cat":309513},{"id":73803,"n":"Shampooing aux oeufs Eco+ 750ml","p":0.52,"u":"0,69 €/L","img":"https://fd16-photos.leclercdrive.fr/image.ashx?id=2779178&use=l&cat=p&typeid=i","cat":284606},{"id":73804,"n":"Lingettes démaquillantes Eco+ x25","p":0.67,"u":"0,03 €/P","img":"https://fd16-photos.leclercdrive.fr/image.ashx?id=2282156&use=l&cat=p&typeid=i","cat":284603},{"id":73806,"n":"Eau de javel Eco+ 3x250ml","p":0.48,"u":"0,64 €/L","img":"https://fd16-photos.leclercdrive.fr/image.ashx?id=1320355&use=l&cat=p&typeid=i","cat":284661},{"id":73807,"n":"Carré coton bébé Eco+ x60","p":0.99,"u":"0,02 €/P","img":"https://fd16-photos.leclercdrive.fr/image.ashx?id=2987634&use=l&cat=p&typeid=i","cat":284739},{"id":73818,"n":"Mister Cocktail sans alcool Planteur créole - 75cl","p":3.87,"u":"5,16 €/L","img":"https://fd16-photos.leclercdrive.fr/image.ashx?id=2962230&use=l&cat=p&typeid=i","cat":284549},{"id":73819,"n":"Mister Cocktail sans alcool Rosé pamplemousse - 75cl","p":3.25,"u":"4,33 €/L","img":"https://fd16-photos.leclercdrive.fr/image.ashx?id=2962224&use=l&cat=p&typeid=i","cat":284549},{"id":73957,"n":"Essuie tout Original N°1 Okay Blanc - x6 rouleaux","p":4.43,"u":"0,74 €/P","img":"https://fd16-photos.leclercdrive.fr/image.ashx?id=2981346&use=l&cat=p&typeid=i","cat":284635},{"id":74047,"n":"Parmentier de porc Eco+ 1kg","p":2.6,"u":"2,60 €/KG","img":"https://fd16-photos.leclercdrive.fr/image.ashx?id=2774885&use=l&cat=p&typeid=i","cat":284254},{"id":74048,"n":"Lasagnes à la bolognaise Eco + 1kg","p":2.54,"u":"2,54 €/KG","img":"https://fd16-photos.leclercdrive.fr/image.ashx?id=2779166&use=l&cat=p&typeid=i","cat":284254},{"id":74091,"n":"Mozzarella Eco+ 18%mg - 125g","p":0.76,"u":"6,08 €/KG","img":"https://fd16-photos.leclercdrive.fr/image.ashx?id=2754868&use=l&cat=p&typeid=i","cat":314026},{"id":74101,"n":"Saucisson sec Eco+ 200g","p":1.73,"u":"8,65 €/KG","img":"https://fd16-photos.leclercdrive.fr/image.ashx?id=2859146&use=l&cat=p&typeid=i","cat":316006},{"id":74103,"n":"Saucisse sèche Eco+ Courbé - 300g","p":3.07,"u":"10,23 €/KG","img":"https://fd16-photos.leclercdrive.fr/image.ashx?id=2845134&use=l&cat=p&typeid=i","cat":316006},{"id":74105,"n":"Pur jus d'orange Eco  1.5L","p":2.46,"u":"1,64 €/L","img":"https://fd16-photos.leclercdrive.fr/image.ashx?id=2720136&use=l&cat=p&typeid=i","cat":284521},{"id":74110,"n":"Chorizo doux Eco+ 250g","p":1.66,"u":"6,64 €/KG","img":"https://fd16-photos.leclercdrive.fr/image.ashx?id=2849566&use=l&cat=p&typeid=i","cat":316006},{"id":74112,"n":"Pommes frites Eco+ 1kg","p":1.68,"u":"1,68 €/KG","img":"https://fd16-photos.leclercdrive.fr/image.ashx?id=2958302&use=l&cat=p&typeid=i","cat":319791},{"id":74115,"n":"Petit Brie Eco+ 32%mg - 500g","p":3.39,"u":"6,78 €/KG","img":"https://fd16-photos.leclercdrive.fr/image.ashx?id=2938403&use=l&cat=p&typeid=i","cat":314033},{"id":74116,"n":"Bière blonde de luxe 4% - 50cl","p":0.57,"u":"1,14 €/L","img":"https://fd16-photos.leclercdrive.fr/image.ashx?id=2955629&use=l&cat=p&typeid=i","cat":334853},{"id":74123,"n":"Citron jaune Rustica 200ml","p":0.79,"u":"3,95 €/L","img":"https://fd16-photos.leclercdrive.fr/image.ashx?id=2627652&use=l&cat=p&typeid=i","cat":288383},{"id":74133,"n":"Bâtonnets de Surimi Pêche Océan MSC - x18 bâtonnets - 300g","p":2.05,"u":"6,83 €/KG","img":"https://fd16-photos.leclercdrive.fr/image.ashx?id=3004633&use=l&cat=p&typeid=i","cat":285189},{"id":74157,"n":"Bâtonnet Savoureux Pêche Océan Ail et fines herbes x16 - 256g","p":2.39,"u":"9,34 €/KG","img":"https://fd16-photos.leclercdrive.fr/image.ashx?id=3012427&use=l&cat=p&typeid=i","cat":285189},{"id":74297,"n":"Tapenade verte Cruscana 150g","p":2.19,"u":"14,60 €/KG","img":"https://fd16-photos.leclercdrive.fr/image.ashx?id=2790627&use=l&cat=p&typeid=i","cat":315999},{"id":74298,"n":"Tapenade Tomate Aubergine Cruscana - 150g","p":2.19,"u":"14,60 €/KG","img":"https://fd16-photos.leclercdrive.fr/image.ashx?id=2790636&use=l&cat=p&typeid=i","cat":315999},{"id":74344,"n":"Shampooing Naturé Moi Nourrissant - 250ml","p":2.4,"u":"9,60 €/L","img":"https://fd16-photos.leclercdrive.fr/image.ashx?id=2741472&use=l&cat=p&typeid=i","cat":284606},{"id":74381,"n":"Mousse de canard Madrange Au porto - 180g","p":1.68,"u":"9,33 €/KG","img":"https://fd16-photos.leclercdrive.fr/image.ashx?id=2865704&use=l&cat=p&typeid=i","cat":316008},{"id":74697,"n":"Fondue aux 3 fromages Président 16%mg - 600g","p":6.55,"u":"10,92 €/KG","img":"https://fd16-photos.leclercdrive.fr/image.ashx?id=2632996&use=l&cat=p&typeid=i","cat":314037},{"id":74857,"n":"Gateaux P'tit Déli Tout chocolat x7 - 210g","p":2.2,"u":"10,48 €/KG","img":"https://fd16-photos.leclercdrive.fr/image.ashx?id=1947372&use=l&cat=p&typeid=i","cat":294776},{"id":74860,"n":"Champignons Notre Jardin A la grecque - 400g","p":1.56,"u":"3,90 €/KG","img":"https://fd16-photos.leclercdrive.fr/image.ashx?id=2531101&use=l&cat=p&typeid=i","cat":312610},{"id":75151,"n":"AOC Crémant de Bourgogne Rosé Couvent des Visitandines - 75cl","p":8.7,"pp":6.09,"u":"8,12 €/L","img":"https://fd16-photos.leclercdrive.fr/image.ashx?id=2549477&use=l&cat=p&typeid=i","cat":284544},{"id":75152,"n":"AOC Crémant de Bourgogne brut Couvent des Visitandines - 75cl","p":8.7,"pp":6.09,"u":"8,12 €/L","img":"https://fd16-photos.leclercdrive.fr/image.ashx?id=2553599&use=l&cat=p&typeid=i","cat":284544},{"id":75226,"n":"La Frite du Nord McCain 2,080kg","p":4.99,"u":"2,40 €/KG","img":"https://fd16-photos.leclercdrive.fr/image.ashx?id=2737912&use=l&cat=p&typeid=i","cat":319791},{"id":75229,"n":"Bière blonde Kronenbourg 20x25cl","p":10.2,"u":"2,04 €/L","img":"https://fd16-photos.leclercdrive.fr/image.ashx?id=2996515&use=l&cat=p&typeid=i","cat":334873},{"id":75539,"n":"Saucisse cockail Tradilege Bacon - 300g","p":2.82,"u":"9,40 €/KG","img":"https://fd16-photos.leclercdrive.fr/image.ashx?id=2930784&use=l&cat=p&typeid=i","cat":316012},{"id":75571,"n":"Île Flottante Délisse Nappage Mangue passion - 4x100g","p":2.55,"u":"6,38 €/KG","img":"https://fd16-photos.leclercdrive.fr/image.ashx?id=2843599&use=l&cat=p&typeid=i","cat":284419},{"id":75593,"n":"Ail blanc bio Bio Village 250g","p":3.79,"u":"15,16 €/KG","img":"https://fd16-photos.leclercdrive.fr/image.ashx?id=2922457&use=l&cat=p&typeid=i","cat":284352},{"id":75603,"n":"Effilés poissons Plénina Chat adulte - 4x85g","p":1.56,"u":"4,59 €/KG","img":"https://fd16-photos.leclercdrive.fr/image.ashx?id=2361119&use=l&cat=p&typeid=i","cat":285286},{"id":75604,"n":"Effilés viandes Plénima  Chat adulte - 4x85g","p":1.56,"u":"4,59 €/KG","img":"https://fd16-photos.leclercdrive.fr/image.ashx?id=2361122&use=l&cat=p&typeid=i","cat":285286},{"id":75605,"n":"Effilés chat adulte Plénima Viandes, Poissons - 12x85g","p":4.84,"u":"4,75 €/KG","img":"https://fd16-photos.leclercdrive.fr/image.ashx?id=2361125&use=l&cat=p&typeid=i","cat":285286},{"id":76018,"n":"Biscuit spéculoos Lotus  Biscoff Original 140g","p":1.1,"u":"7,86 €/KG","img":"https://fd16-photos.leclercdrive.fr/image.ashx?id=2696079&use=l&cat=p&typeid=i","cat":284487},{"id":76025,"n":"Cookies chocolat Eco+ Pépites de chocolat - 200g","p":0.97,"u":"4,85 €/KG","img":"https://fd16-photos.leclercdrive.fr/image.ashx?id=2821872&use=l&cat=p&typeid=i","cat":325066},{"id":76026,"n":"Biscuit tablette Eco+ Chocolat noir - 150g","p":1.07,"u":"7,13 €/KG","img":"https://fd16-photos.leclercdrive.fr/image.ashx?id=2698135&use=l&cat=p&typeid=i","cat":284488},{"id":76113,"n":"Fromage de Chèvre rapé  Les Croisés -  150g","p":2.69,"u":"17,93 €/KG","img":"https://fd16-photos.leclercdrive.fr/image.ashx?id=2897799&use=l&cat=p&typeid=i","cat":314035},{"id":76211,"n":"L'ours d'or Haribo Sachet bonbons - 300g","p":1.81,"u":"6,03 €/KG","img":"https://fd16-photos.leclercdrive.fr/image.ashx?id=2805201&use=l&cat=p&typeid=i","cat":304250},{"id":76212,"n":"Tutti Candi Haribo Sachet bonbons - 250g","p":1.9,"u":"7,60 €/KG","img":"https://fd16-photos.leclercdrive.fr/image.ashx?id=2984910&use=l&cat=p&typeid=i","cat":304250},{"id":76214,"n":"Chamallows Choco Haribo Sachet bonbons guimauve - 160g","p":2.05,"u":"12,81 €/KG","img":"https://fd16-photos.leclercdrive.fr/image.ashx?id=2984919&use=l&cat=p&typeid=i","cat":304250},{"id":76219,"n":"Cannelloni Côté Table 800g","p":2.99,"u":"3,74 €/KG","img":"https://fd16-photos.leclercdrive.fr/image.ashx?id=2977897&use=l&cat=p&typeid=i","cat":284442},{"id":76220,"n":"Raviolis Côté Table Aux 6 légumes - 800g","p":2.29,"u":"2,86 €/KG","img":"https://fd16-photos.leclercdrive.fr/image.ashx?id=2977903&use=l&cat=p&typeid=i","cat":284442},{"id":76221,"n":"Pur jus Bio Village Bio Citron Sicile - 25cl","p":1.29,"u":"5,16 €/L","img":"https://fd16-photos.leclercdrive.fr/image.ashx?id=3010446&use=l&cat=p&typeid=i","cat":288383},{"id":76224,"n":"Maoam Stripes Haribo Sachet bonbons - 250g","p":2.06,"u":"8,24 €/KG","img":"https://fd16-photos.leclercdrive.fr/image.ashx?id=2953561&use=l&cat=p&typeid=i","cat":304250},{"id":76226,"n":"Tartiflette Côté Table 800g","p":2.83,"u":"3,54 €/KG","img":"https://fd16-photos.leclercdrive.fr/image.ashx?id=2977879&use=l&cat=p&typeid=i","cat":284441},{"id":76272,"n":"Lasagnes bolognaises Côté Table Viande de boeuf français - 600g","p":2.99,"u":"4,98 €/KG","img":"https://fd16-photos.leclercdrive.fr/image.ashx?id=2597324&use=l&cat=p&typeid=i","cat":284254},{"id":76403,"n":"Tablette Chocolat Blanc Crunch 2x100g","p":3.32,"u":"16,60 €/KG","img":"https://fd16-photos.leclercdrive.fr/image.ashx?id=2899734&use=l&cat=p&typeid=i","cat":284957},{"id":76501,"n":"Chips Tortilla Old El Paso Nachips - 185g","p":2.26,"u":"12,22 €/KG","img":"https://fd16-photos.leclercdrive.fr/image.ashx?id=2444519&use=l&cat=p&typeid=i","cat":288993},{"id":76515,"n":"AOP Petit-Chablis blanc Union Vignerons - 75 cl","p":9.99,"u":"13,32 €/L","img":"https://fd16-photos.leclercdrive.fr/image.ashx?id=2417884&use=l&cat=p&typeid=i","cat":289557},{"id":76687,"n":"Citronnade pétillante Pulco Citron - 1L","p":1.99,"u":"1,99 €/L","img":"https://fd16-photos.leclercdrive.fr/image.ashx?id=2850482&use=l&cat=p&typeid=i","cat":284532},{"id":76732,"n":"Yaourt allégé Sveltesse  Chocolat - 4x125g","p":1.58,"u":"3,16 €/KG","img":"https://fd16-photos.leclercdrive.fr/image.ashx?id=2571020&use=l&cat=p&typeid=i","cat":315000},{"id":76802,"n":"Biscuits cacao Kinder Cards Au lait et au cacao x5 - 128g","p":1.88,"u":"14,69 €/KG","img":"https://fd16-photos.leclercdrive.fr/image.ashx?id=2673328&use=l&cat=p&typeid=i","cat":284488},{"id":76811,"n":"Camembert Coeur de Lion Grand cœur - 275g","p":2.6,"u":"9,45 €/KG","img":"https://fd16-photos.leclercdrive.fr/image.ashx?id=2923678&use=l&cat=p&typeid=i","cat":314033},{"id":76864,"n":"Gelée Bonne Maman Mûres - 370g","p":2.87,"u":"7,76 €/KG","img":"https://fd16-photos.leclercdrive.fr/image.ashx?id=2476305&use=l&cat=p&typeid=i","cat":284480},{"id":76870,"n":"Sachet fraîcheur chien Pedigree  Mixte en gelée - 12x100g","p":5.47,"u":"4,56 €/KG","img":"https://fd16-photos.leclercdrive.fr/image.ashx?id=2870239&use=l&cat=p&typeid=i","cat":284673},{"id":76875,"n":"Confiture Bonne Maman Fraise intense - 335g","p":1.95,"u":"5,82 €/KG","img":"https://fd16-photos.leclercdrive.fr/image.ashx?id=2341008&use=l&cat=p&typeid=i","cat":284480},{"id":76876,"n":"Confiture Bonne Maman Abricot intense - 335g","p":2.04,"u":"6,09 €/KG","img":"https://fd16-photos.leclercdrive.fr/image.ashx?id=2341011&use=l&cat=p&typeid=i","cat":284480},{"id":76877,"n":"Confiture Bonne Maman Framboise intense - 335g","p":2.61,"u":"7,79 €/KG","img":"https://fd16-photos.leclercdrive.fr/image.ashx?id=2341017&use=l&cat=p&typeid=i","cat":284480},{"id":76878,"n":"Confiture Bonne Maman Fruits rouges intense - 335g","p":2.16,"u":"6,45 €/KG","img":"https://fd16-photos.leclercdrive.fr/image.ashx?id=2900977&use=l&cat=p&typeid=i","cat":284480},{"id":76882,"n":"Sachet chat stérilisé Perfect Fit poulet boeuf sauce - 4x85g","p":2.73,"u":"8,03 €/KG","img":"https://fd16-photos.leclercdrive.fr/image.ashx?id=2759721&use=l&cat=p&typeid=i","cat":285286},{"id":76883,"n":"Sachet chat stérilisé Perfect Fit poissons sauce - 4x85g","p":2.7,"u":"7,94 €/KG","img":"https://fd16-photos.leclercdrive.fr/image.ashx?id=2759724&use=l&cat=p&typeid=i","cat":285286},{"id":76886,"n":"Sachet chat stérilisé Perfect  Fit poulet saumon sauce - 4x85g","p":2.75,"u":"8,09 €/KG","img":"https://fd16-photos.leclercdrive.fr/image.ashx?id=2759727&use=l&cat=p&typeid=i","cat":285286},{"id":76888,"n":"Compotes Pom'Potes Gourdes  Multivariétés - 12x90g","p":4.95,"u":"4,58 €/KG","img":"https://fd16-photos.leclercdrive.fr/image.ashx?id=2986143&use=l&cat=p&typeid=i","cat":284508},{"id":76889,"n":"Compotes Pom'Potes Gourdes  Pomme Nature - 20x90g","p":7.47,"u":"4,15 €/KG","img":"https://fd16-photos.leclercdrive.fr/image.ashx?id=2889220&use=l&cat=p&typeid=i","cat":284508},{"id":77005,"n":"Haricots verts Rochefontaine Extra fin bocal carré bio 180g","p":2.3,"u":"12,78 €/KG","img":"https://fd16-photos.leclercdrive.fr/image.ashx?id=2985102&use=l&cat=p&typeid=i","cat":312606},{"id":77008,"n":"Petits pains grillés Epi d'Or Briochés - 225g","p":1.45,"u":"6,44 €/KG","img":"https://fd16-photos.leclercdrive.fr/image.ashx?id=2496416&use=l&cat=p&typeid=i","cat":284479},{"id":77010,"n":"Lait concentré sucré Nestlé 8% MG - 397g","p":1.69,"u":"4,26 €/KG","img":"https://fd16-photos.leclercdrive.fr/image.ashx?id=2906832&use=l&cat=p&typeid=i","cat":299162},{"id":77017,"n":"Vinaigrette Maille Huile sésame/soja - 36cl","p":2.94,"u":"8,17 €/L","img":"https://fd16-photos.leclercdrive.fr/image.ashx?id=2985657&use=l&cat=p&typeid=i","cat":284456},{"id":77289,"n":"Friandises chats  Félix Poulet, foie, dinde  - 200g","p":2.43,"u":"12,15 €/KG","img":"https://fd16-photos.leclercdrive.fr/image.ashx?id=2740859&use=l&cat=p&typeid=i","cat":285285},{"id":77359,"n":"Ravioli pur boeuf Côté Table Sauce italienne - 800g","p":2.19,"u":"2,74 €/KG","img":"https://fd16-photos.leclercdrive.fr/image.ashx?id=3015102&use=l&cat=p&typeid=i","cat":284442},{"id":77360,"n":"Ravioli bolognaise Côté Table 800g","p":2.89,"u":"3,61 €/KG","img":"https://fd16-photos.leclercdrive.fr/image.ashx?id=3015099&use=l&cat=p&typeid=i","cat":284442},{"id":77557,"n":"Rhum blanc Charrette  40%vol - 2L","p":26.25,"pp":20.25,"u":"10,12 €/L","img":"https://fd16-photos.leclercdrive.fr/image.ashx?id=2811491&use=l&cat=p&typeid=i","cat":284550},{"id":77735,"n":"IGP Vinaigrette à l'orange Maille 36cl","p":2.48,"u":"6,89 €/L","img":"https://fd16-photos.leclercdrive.fr/image.ashx?id=2082855&use=l&cat=p&typeid=i","cat":284456},{"id":77739,"n":"Crème sans rinçage Elsève Cheveu Abimé, Cassant - 200ml","p":4.93,"u":"24,65 €/L","img":"https://fd16-photos.leclercdrive.fr/image.ashx?id=2948980&use=l&cat=p&typeid=i","cat":284608},{"id":77746,"n":"Sauce Gourmet Amora Burger - 188g","p":1.84,"u":"9,79 €/KG","img":"https://fd16-photos.leclercdrive.fr/image.ashx?id=2387879&use=l&cat=p&typeid=i","cat":318430},{"id":77754,"n":"Pain grillé Pelletier Goût brioche - 500g","p":3.33,"u":"6,66 €/KG","img":"https://fd16-photos.leclercdrive.fr/image.ashx?id=3002246&use=l&cat=p&typeid=i","cat":284479},{"id":77755,"n":"Vinaigrette Légère MAILLE Vin Rouge & Echalotes - 36cl","p":2.46,"u":"6,83 €/L","img":"https://fd16-photos.leclercdrive.fr/image.ashx?id=2788154&use=l&cat=p&typeid=i","cat":284456},{"id":77855,"n":"Huile à barbe L'Oréal Paris Men Expert bois de cèdre - 30ml","p":9.0,"u":"300,00 €/L","img":"https://fd16-photos.leclercdrive.fr/image.ashx?id=3008770&use=l&cat=p&typeid=i","cat":284622},{"id":77877,"n":"Fromage Holland Master  Gouda Vieux AOP - 200g","p":3.68,"u":"18,40 €/KG","img":"https://fd16-photos.leclercdrive.fr/image.ashx?id=1975748&use=l&cat=p&typeid=i","cat":314034},{"id":77885,"n":"Eau de bleuets Christian Lenart 200ml","p":3.82,"u":"19,10 €/L","img":"https://fd16-photos.leclercdrive.fr/image.ashx?id=2324807&use=l&cat=p&typeid=i","cat":325345},{"id":77946,"n":"Soin visage L'Oréal Paris Revitalift anti-âge - 50ml","p":13.65,"u":"273,00 €/L","img":"https://fd16-photos.leclercdrive.fr/image.ashx?id=2867527&use=l&cat=p&typeid=i","cat":325345},{"id":77976,"n":"Beurre Grand Fermage Doux - 82% MG - 250g","p":2.67,"u":"10,68 €/KG","img":"https://fd16-photos.leclercdrive.fr/image.ashx?id=2985207&use=l&cat=p&typeid=i","cat":284379},{"id":77989,"n":"Sauce au citron Labeyrie Pour saumon fumé - 100g","p":1.75,"u":"17,50 €/KG","img":"https://fd16-photos.leclercdrive.fr/image.ashx?id=2299133&use=l&cat=p&typeid=i","cat":315999},{"id":78083,"n":"Capsules café L'Or Espresso Lungo Profondo N°8 x10","p":3.65,"u":"70,19 €/KG","img":"https://fd16-photos.leclercdrive.fr/image.ashx?id=2100281&use=l&cat=p&typeid=i","cat":284749},{"id":78084,"n":"Café moulu Carte Noire Décaféiné - 2x250g","p":10.51,"u":"21,02 €/KG","img":"https://fd16-photos.leclercdrive.fr/image.ashx?id=1624998&use=l&cat=p&typeid=i","cat":284750},{"id":78087,"n":"Café solubleMaxwell House Qualité Filtre Jarre - 100g","p":5.3,"u":"53,00 €/KG","img":"https://fd16-photos.leclercdrive.fr/image.ashx?id=1793910&use=l&cat=p&typeid=i","cat":284843},{"id":78108,"n":"Capsules café L'Or Espresso Or Absolu N°9 x10","p":3.64,"u":"70,00 €/KG","img":"https://fd16-photos.leclercdrive.fr/image.ashx?id=2100287&use=l&cat=p&typeid=i","cat":284749},{"id":78138,"n":"Sablé de Retz Saint Michel Oter Bahlsen - 2x120g","p":1.64,"u":"6,83 €/KG","img":"https://fd16-photos.leclercdrive.fr/image.ashx?id=2935684&use=l&cat=p&typeid=i","cat":284487},{"id":78204,"n":"Biscuits Palmito LU 100g","p":0.83,"u":"8,30 €/KG","img":"https://fd16-photos.leclercdrive.fr/image.ashx?id=3001949&use=l&cat=p&typeid=i","cat":284487},{"id":78210,"n":"Biscuits Nutella B-ready 6x22g","p":1.9,"u":"14,39 €/KG","img":"https://fd16-photos.leclercdrive.fr/image.ashx?id=2770602&use=l&cat=p&typeid=i","cat":284488},{"id":78212,"n":"Biscuits Mini Prince Fourré chocolat - 160g","p":1.91,"u":"11,94 €/KG","img":"https://fd16-photos.leclercdrive.fr/image.ashx?id=1864026&use=l&cat=p&typeid=i","cat":284488},{"id":78214,"n":"Cookies mini Granola Pépites de chocolat - 160g","p":1.7,"u":"10,63 €/KG","img":"https://fd16-photos.leclercdrive.fr/image.ashx?id=3002252&use=l&cat=p&typeid=i","cat":325066},{"id":78231,"n":"Jus de pomme Andros 1L + 15% offert","p":2.19,"u":"1,90 €/L","img":"https://fd16-photos.leclercdrive.fr/image.ashx?id=2928852&use=l&cat=p&typeid=i","cat":285435},{"id":78448,"n":"Dosettes Café Carte Noire  Arabica Classique n5 x48 - 336g","p":7.69,"u":"22,89 €/KG","img":"https://fd16-photos.leclercdrive.fr/image.ashx?id=2919919&use=l&cat=p&typeid=i","cat":293238},{"id":78454,"n":"Biscuits petit déjeuner Belvita Chocolat - 600g","p":3.78,"u":"6,30 €/KG","img":"https://fd16-photos.leclercdrive.fr/image.ashx?id=2345484&use=l&cat=p&typeid=i","cat":284491},{"id":78496,"n":"Boudoirs Brossard x30 - 175g","p":1.71,"u":"9,77 €/KG","img":"https://fd16-photos.leclercdrive.fr/image.ashx?id=2964995&use=l&cat=p&typeid=i","cat":284487},{"id":78544,"n":"Ravioli pur boeuf Côté Table  400g","p":1.35,"u":"3,38 €/KG","img":"https://fd16-photos.leclercdrive.fr/image.ashx?id=3014281&use=l&cat=p&typeid=i","cat":284442},{"id":78546,"n":"Ravioli bolognaise Côté Table 400g","p":1.99,"u":"4,98 €/KG","img":"https://fd16-photos.leclercdrive.fr/image.ashx?id=3014275&use=l&cat=p&typeid=i","cat":284442},{"id":78574,"n":"Biscuits Choc'land Magie BN Chocolat au lait - 150g","p":1.88,"u":"12,53 €/KG","img":"https://fd16-photos.leclercdrive.fr/image.ashx?id=1739699&use=l&cat=p&typeid=i","cat":284488},{"id":78577,"n":"Gaufrettes Brun  Chocolat - 146g","p":0.92,"u":"6,30 €/KG","img":"https://fd16-photos.leclercdrive.fr/image.ashx?id=2842543&use=l&cat=p&typeid=i","cat":284487},{"id":78580,"n":"Gaufrettes Brun  Vanille - 146g","p":0.92,"u":"6,30 €/KG","img":"https://fd16-photos.leclercdrive.fr/image.ashx?id=2354320&use=l&cat=p&typeid=i","cat":284487},{"id":78586,"n":"Biscuits cuillers Brossard Pâtissier -300g","p":3.8,"u":"12,67 €/KG","img":"https://fd16-photos.leclercdrive.fr/image.ashx?id=2983384&use=l&cat=p&typeid=i","cat":284487},{"id":78614,"n":"Acetone Mieuxa 1L","p":4.7,"u":"4,70 €/L","img":"https://fd16-photos.leclercdrive.fr/image.ashx?id=2276996&use=l&cat=p&typeid=i","cat":300576},{"id":78618,"n":"Assiettes en carton Eco+ x100","p":2.97,"img":"https://fd16-photos.leclercdrive.fr/image.ashx?id=1307672&use=l&cat=p&typeid=i","cat":334134},{"id":78625,"n":"4 attaches adéhsives Eco+ Pour rideaux","p":1.29,"u":"0,32 €/P","img":"https://fd16-photos.leclercdrive.fr/image.ashx?id=1308197&use=l&cat=p&typeid=i","cat":335909},{"id":78634,"n":"Pétrole désaromatisé Mieuxa 1L","p":3.95,"u":"3,95 €/L","img":"https://fd16-photos.leclercdrive.fr/image.ashx?id=2277035&use=l&cat=p&typeid=i","cat":300576},{"id":78642,"n":"Nappe damassée Homeside Turquoise - 7m","p":2.96,"img":"https://fd16-photos.leclercdrive.fr/image.ashx?id=2713581&use=l&cat=p&typeid=i","cat":334134},{"id":78645,"n":"Nappe damassée Homeside Bleu ciel - 7m","p":2.96,"u":"0,42 €/MT","img":"https://fd16-photos.leclercdrive.fr/image.ashx?id=2693144&use=l&cat=p&typeid=i","cat":334134},{"id":78714,"n":"Mayonnaise Eco+ Flacon souple - 450g","p":1.27,"u":"2,82 €/KG","img":"https://fd16-photos.leclercdrive.fr/image.ashx?id=2954331&use=l&cat=p&typeid=i","cat":298295},{"id":78717,"n":"Brioche tranchée Eco+ Nature - 500g","p":1.19,"u":"2,38 €/KG","img":"https://fd16-photos.leclercdrive.fr/image.ashx?id=2605086&use=l&cat=p&typeid=i","cat":284478},{"id":78719,"n":"Goûter fourré rond Eco+ Vanille - 500g","p":1.43,"u":"2,86 €/KG","img":"https://fd16-photos.leclercdrive.fr/image.ashx?id=3014341&use=l&cat=p&typeid=i","cat":284489},{"id":78722,"n":"Tartelettes à l'abricot Eco+ x12 - 200g","p":0.8,"u":"4,00 €/KG","img":"https://fd16-photos.leclercdrive.fr/image.ashx?id=2869754&use=l&cat=p&typeid=i","cat":284489},{"id":78723,"n":"Petits beurre Eco+ x24 - 175g","p":0.58,"u":"3,31 €/KG","img":"https://fd16-photos.leclercdrive.fr/image.ashx?id=2758782&use=l&cat=p&typeid=i","cat":284487},{"id":78726,"n":"Biscuits petit déjeuner Eco+ x25 - 350g","p":0.73,"u":"2,09 €/KG","img":"https://fd16-photos.leclercdrive.fr/image.ashx?id=2550821&use=l&cat=p&typeid=i","cat":284491},{"id":78728,"n":"Goûter fourré Eco+ Chocolat - 300g","p":1.07,"u":"3,57 €/KG","img":"https://fd16-photos.leclercdrive.fr/image.ashx?id=2775884&use=l&cat=p&typeid=i","cat":284488},{"id":78732,"n":"Guacamole Old El Paso Doux - 320g","p":2.31,"u":"7,22 €/KG","img":"https://fd16-photos.leclercdrive.fr/image.ashx?id=2737612&use=l&cat=p&typeid=i","cat":288993},{"id":78734,"n":"Boisson gourmande PAGO Red ACE Orange sang carotte ctrn - 75cl","p":1.93,"u":"2,57 €/L","img":"https://fd16-photos.leclercdrive.fr/image.ashx?id=2861234&use=l&cat=p&typeid=i","cat":284915},{"id":78742,"n":"Pain campagnard Schar Aux graines sans gluten - 250g","p":3.54,"u":"14,16 €/KG","img":"https://fd16-photos.leclercdrive.fr/image.ashx?id=2139874&use=l&cat=p&typeid=i","cat":325069},{"id":78744,"n":"Pain de mie Schär - Classic Sans gluten - 300g","p":3.47,"u":"11,57 €/KG","img":"https://fd16-photos.leclercdrive.fr/image.ashx?id=2659418&use=l&cat=p&typeid=i","cat":318654},{"id":78773,"n":"Tablette de chocolat noir Lindt Noir 78% cacao - 100g","p":2.46,"u":"24,60 €/KG","img":"https://fd16-photos.leclercdrive.fr/image.ashx?id=2689481&use=l&cat=p&typeid=i","cat":284956},{"id":78837,"n":"Fromage blanc Danone Nature 3%MG - 825g","p":2.93,"u":"3,55 €/KG","img":"https://fd16-photos.leclercdrive.fr/image.ashx?id=2813878&use=l&cat=p&typeid=i","cat":284409},{"id":78937,"n":"Knacki végétal Herta x6 - 210g","p":2.32,"u":"11,05 €/KG","img":"https://fd16-photos.leclercdrive.fr/image.ashx?id=2992323&use=l&cat=p&typeid=i","cat":316036},{"id":78953,"n":"Savon solide Bionaïa Abricot bio - 100g","p":1.39,"u":"13,90 €/KG","img":"https://fd16-photos.leclercdrive.fr/image.ashx?id=2331324&use=l&cat=p&typeid=i","cat":284597},{"id":78965,"n":"Xtrem Box Sodebo Radiatori à la Bolognaise -400g","p":3.17,"u":"7,93 €/KG","img":"https://fd16-photos.leclercdrive.fr/image.ashx?id=2638760&use=l&cat=p&typeid=i","cat":334983},{"id":79181,"n":"Huile lavante Mots d'Enfants Bébé - 250ml","p":1.24,"u":"4,96 €/L","img":"https://fd16-photos.leclercdrive.fr/image.ashx?id=2485092&use=l&cat=p&typeid=i","cat":284741},{"id":79233,"n":"Petit pot bébé bio Blédina 4-6m Haricots pomme de terre -2x130g","p":2.1,"u":"8,08 €/KG","img":"https://fd16-photos.leclercdrive.fr/image.ashx?id=2831699&use=l&cat=p&typeid=i","cat":312234},{"id":79285,"n":"Couches Pampers Splashers Taille 3-4 - x12","p":8.02,"u":"0,67 €/P","img":"https://fd16-photos.leclercdrive.fr/image.ashx?id=2511092&use=l&cat=p&typeid=i","cat":290634},{"id":79402,"n":"Chorizo espagnol fort x30 - 150g","p":2.19,"u":"14,60 €/KG","img":"https://fd16-photos.leclercdrive.fr/image.ashx?id=1873728&use=l&cat=p&typeid=i","cat":316007},{"id":79406,"n":"P'tit max Délisse Framboise - 6x180g","p":2.03,"u":"1,88 €/KG","img":"https://fd16-photos.leclercdrive.fr/image.ashx?id=2757936&use=l&cat=p&typeid=i","cat":284415},{"id":79513,"n":"Soupe mouliné Knorr Légumes verts - 1L","p":2.36,"u":"2,36 €/L","img":"https://fd16-photos.leclercdrive.fr/image.ashx?id=2408270&use=l&cat=p&typeid=i","cat":284462},{"id":79528,"n":"Nouilles Tables du Monde Asiatiques Boeuf cup - 61.5g","p":0.74,"u":"11,94 €/KG","img":"https://fd16-photos.leclercdrive.fr/image.ashx?id=2920199&use=l&cat=p&typeid=i","cat":288992},{"id":79529,"n":"Nouille Tables du Monde Asiatique Poulet cup - 61.5g","p":0.74,"u":"11,94 €/KG","img":"https://fd16-photos.leclercdrive.fr/image.ashx?id=2920202&use=l&cat=p&typeid=i","cat":288992},{"id":79532,"n":"Nouilles Table du Monde Asiatiques Curry cup - 61.5g","p":0.79,"u":"12,74 €/KG","img":"https://fd16-photos.leclercdrive.fr/image.ashx?id=2920205&use=l&cat=p&typeid=i","cat":288992},{"id":79534,"n":"Nouilles Tables du Monde Asiatiques crevette cup - 61.5g","p":0.74,"u":"11,94 €/KG","img":"https://fd16-photos.leclercdrive.fr/image.ashx?id=1948586&use=l&cat=p&typeid=i","cat":288992},{"id":79545,"n":"Pâtes Collezione Barilla Tortellini jambon fromage -250g","p":2.6,"u":"10,40 €/KG","img":"https://fd16-photos.leclercdrive.fr/image.ashx?id=2588624&use=l&cat=p&typeid=i","cat":284427},{"id":79552,"n":"Pâtes Barilla Spaghettoni n°7 - 1kg","p":1.9,"u":"1,90 €/KG","img":"https://fd16-photos.leclercdrive.fr/image.ashx?id=2392233&use=l&cat=p&typeid=i","cat":284427},{"id":79556,"n":"Couscous parfumé Tipiak Epice - 510g","p":2.09,"u":"4,10 €/KG","img":"https://fd16-photos.leclercdrive.fr/image.ashx?id=2882866&use=l&cat=p&typeid=i","cat":284429},{"id":79623,"n":"Barre de céréales Nature Valley  Crunchy avoine miel X5-210g","p":2.25,"u":"10,71 €/KG","img":"https://fd16-photos.leclercdrive.fr/image.ashx?id=2844472&use=l&cat=p&typeid=i","cat":285869},{"id":79936,"n":"Jambon Tranché Fin Fleury Michon -25% de sel x4 - 120g","p":2.28,"u":"19,00 €/KG","img":"https://fd16-photos.leclercdrive.fr/image.ashx?id=2889295&use=l&cat=p&typeid=i","cat":316009},{"id":79942,"n":"Bière Amsterdam Black Rum 50cl","p":1.7,"u":"3,40 €/L","img":"https://fd16-photos.leclercdrive.fr/image.ashx?id=2191107&use=l&cat=p&typeid=i","cat":334853},{"id":79966,"n":"Joker Pur Jus Engagé Orange sans pulpe - 1,5L","p":3.6,"u":"2,40 €/L","img":"https://fd16-photos.leclercdrive.fr/image.ashx?id=3001290&use=l&cat=p&typeid=i","cat":284521},{"id":80186,"n":"Rhum tradition Rivière du Mat Blanc - 40%vol - 70cl","p":11.4,"u":"16,29 €/L","img":"https://fd16-photos.leclercdrive.fr/image.ashx?id=2616117&use=l&cat=p&typeid=i","cat":284550},{"id":80302,"n":"Eau minérale naturelle Volvic 6x1,5L","p":3.04,"u":"0,34 €/L","img":"https://fd16-photos.leclercdrive.fr/image.ashx?id=2730244&use=l&cat=p&typeid=i","cat":284535},{"id":80306,"n":"Soda Schweppes Saveur Agrumes -12x33cl","p":7.04,"u":"1,78 €/L","img":"https://fd16-photos.leclercdrive.fr/image.ashx?id=2852426&use=l&cat=p&typeid=i","cat":284532},{"id":80352,"n":"Cannelloni Côté Table  - 400g","p":2.07,"u":"5,18 €/KG","img":"https://fd16-photos.leclercdrive.fr/image.ashx?id=2977900&use=l&cat=p&typeid=i","cat":284442},{"id":80383,"n":"Tablette KINDER Chocolat Chocolat au Lait x12 - 150g","p":2.84,"u":"18,93 €/KG","img":"https://fd16-photos.leclercdrive.fr/image.ashx?id=1904474&use=l&cat=p&typeid=i","cat":284498},{"id":80385,"n":"Barres Chocolatées KINDER BUENO  Chocolat au Lait x5 - 215g","p":3.67,"u":"17,07 €/KG","img":"https://fd16-photos.leclercdrive.fr/image.ashx?id=2679621&use=l&cat=p&typeid=i","cat":284498},{"id":80386,"n":"Barres KINDER BUENO White  Chocolat Blanc x6 - 234g","p":4.2,"u":"17,95 €/KG","img":"https://fd16-photos.leclercdrive.fr/image.ashx?id=2679639&use=l&cat=p&typeid=i","cat":284498},{"id":80396,"n":"Eau Micellaire visage Nivea Peaux sèches - 400ml","p":3.62,"u":"9,05 €/L","img":"https://fd16-photos.leclercdrive.fr/image.ashx?id=3014599&use=l&cat=p&typeid=i","cat":284603},{"id":80398,"n":"Eau Micellaire visage Nivea Peaux sensibles - 400ml","p":3.3,"u":"8,25 €/L","img":"https://fd16-photos.leclercdrive.fr/image.ashx?id=2800965&use=l&cat=p&typeid=i","cat":284603},{"id":80479,"n":"Bières Blondes Chouffe 6x33cl","p":11.38,"u":"5,75 €/L","img":"https://fd16-photos.leclercdrive.fr/image.ashx?id=2877079&use=l&cat=p&typeid=i","cat":334872},{"id":80542,"n":"Cuisse de grenouille coupé Yoga 13/15L - Gimbert océan - 400g","p":7.9,"u":"19,75 €/KG","img":"https://fd16-photos.leclercdrive.fr/image.ashx?id=2142923&use=l&cat=p&typeid=i","cat":319787},{"id":80553,"n":"Pack de 3 cartouches Brita Filtrantes classic","p":18.99,"u":"6,33 €/P","img":"https://fd16-photos.leclercdrive.fr/image.ashx?id=2433259&use=l&cat=p&typeid=i","cat":334135},{"id":80617,"n":"Tétine en latex Mots d'enfants Bout rond - 2ème âge - x2","p":1.5,"img":"https://fd16-photos.leclercdrive.fr/image.ashx?id=1871134&use=l&cat=p&typeid=i","cat":284743},{"id":80620,"n":"Poulet rôti en Cocotte BORDEAU CHESNEL - 110g","p":1.6,"u":"14,55 €/KG","img":"https://fd16-photos.leclercdrive.fr/image.ashx?id=2896919&use=l&cat=p&typeid=i","cat":316008},{"id":80840,"n":"Bouillon Cube Maggi Pot au feu - Dégraissé - 120g","p":1.59,"u":"13,25 €/KG","img":"https://fd16-photos.leclercdrive.fr/image.ashx?id=2212327&use=l&cat=p&typeid=i","cat":288379},{"id":80841,"n":"Bouillon Cube Maggi Volaille - Degraissé - 120g","p":1.61,"u":"13,42 €/KG","img":"https://fd16-photos.leclercdrive.fr/image.ashx?id=2737087&use=l&cat=p&typeid=i","cat":288379},{"id":80842,"n":"Bouillon Cube Maggi Dégraissé - 120g","p":1.48,"u":"12,33 €/KG","img":"https://fd16-photos.leclercdrive.fr/image.ashx?id=2737090&use=l&cat=p&typeid=i","cat":288379},{"id":81188,"n":"Flan aromatisé vanille Flanby nappé de caramel - 12x100g","p":2.6,"u":"2,17 €/KG","img":"https://fd16-photos.leclercdrive.fr/image.ashx?id=2744584&use=l&cat=p&typeid=i","cat":284420},{"id":81196,"n":"Flan aromatisé vanille Flanby nappé de caramel - 6x100g","p":1.47,"u":"2,45 €/KG","img":"https://fd16-photos.leclercdrive.fr/image.ashx?id=2483786&use=l&cat=p&typeid=i","cat":284420},{"id":81222,"n":"Pizza La pizz Sodebo Chorizo - 470g","p":3.44,"u":"7,32 €/KG","img":"https://fd16-photos.leclercdrive.fr/image.ashx?id=2868389&use=l&cat=p&typeid=i","cat":333679},{"id":81224,"n":"Pizza l'Ovale Sodebo Lardons & Chèvre affiné - 200g","p":1.81,"u":"9,05 €/KG","img":"https://fd16-photos.leclercdrive.fr/image.ashx?id=2438564&use=l&cat=p&typeid=i","cat":333679},{"id":81236,"n":"Fromage à tartiner Boursin Ail et fines herbes 10 portions","p":2.41,"u":"15,06 €/KG","img":"https://fd16-photos.leclercdrive.fr/image.ashx?id=2964682&use=l&cat=p&typeid=i","cat":314029},{"id":81243,"n":"Bière blonde Heineken Sans alcool - 12x25cl","p":8.23,"u":"2,74 €/L","img":"https://fd16-photos.leclercdrive.fr/image.ashx?id=2795944&use=l&cat=p&typeid=i","cat":334877},{"id":81246,"n":"Bière blonde Pelforth 12x25cl","p":6.9,"u":"2,30 €/L","img":"https://fd16-photos.leclercdrive.fr/image.ashx?id=2645146&use=l&cat=p&typeid=i","cat":334873},{"id":81250,"n":"Bière blonde Grimbergen 6,7° - 20x25cl","p":14.1,"u":"2,82 €/L","img":"https://fd16-photos.leclercdrive.fr/image.ashx?id=2294791&use=l&cat=p&typeid=i","cat":334852},{"id":81254,"n":"Bière blonde Grimbergen 6,7° - 12x25cl","p":8.83,"u":"2,94 €/L","img":"https://fd16-photos.leclercdrive.fr/image.ashx?id=2872865&use=l&cat=p&typeid=i","cat":334852},{"id":81268,"n":"Bière blonde Grimbergen 6,7° - 6x25cl","p":4.87,"u":"3,25 €/L","img":"https://fd16-photos.leclercdrive.fr/image.ashx?id=2294381&use=l&cat=p&typeid=i","cat":334852},{"id":81272,"n":"Vin mousseux brut blanc  Produit en Allemagne - 75cl","p":1.57,"u":"2,09 €/L","img":"https://fd16-photos.leclercdrive.fr/image.ashx?id=2720133&use=l&cat=p&typeid=i","cat":284544},{"id":81277,"n":"Vin mousseux demi-sec blanc  Produit en Allemagne - 75cl","p":1.59,"u":"2,12 €/L","img":"https://fd16-photos.leclercdrive.fr/image.ashx?id=2720130&use=l&cat=p&typeid=i","cat":284544},{"id":81280,"n":"Fromage La Vache qui rit Toastinette nature 10 tranches","p":1.72,"u":"8,60 €/KG","img":"https://fd16-photos.leclercdrive.fr/image.ashx?id=2342776&use=l&cat=p&typeid=i","cat":314028},{"id":81281,"n":"Fromage La Vache qui rit Toastinette cheddar 10 tranches","p":1.73,"u":"8,65 €/KG","img":"https://fd16-photos.leclercdrive.fr/image.ashx?id=2342773&use=l&cat=p&typeid=i","cat":314028},{"id":81291,"n":"Bière sans alcool Tourtel Twist Citron Vert Menthe 0,0° -6x27cl","p":4.49,"u":"2,72 €/L","img":"https://fd16-photos.leclercdrive.fr/image.ashx?id=2896567&use=l&cat=p&typeid=i","cat":334877},{"id":81316,"n":"Tablette KINDER Chocolat Chocolat au Lait x24 - 300g","p":4.39,"u":"14,63 €/KG","img":"https://fd16-photos.leclercdrive.fr/image.ashx?id=2868167&use=l&cat=p&typeid=i","cat":284498},{"id":81318,"n":"Bonbons KINDER Schoko-Bons Chocolat au lait - 500G","p":7.83,"u":"15,66 €/KG","img":"https://fd16-photos.leclercdrive.fr/image.ashx?id=2402925&use=l&cat=p&typeid=i","cat":304238},{"id":81323,"n":"Huile d'olive Bio Carapelli Extra-vierge - 75cl","p":11.9,"u":"15,87 €/L","img":"https://fd16-photos.leclercdrive.fr/image.ashx?id=2737447&use=l&cat=p&typeid=i","cat":284453},{"id":81330,"n":"Huile d'arachide Eco+ 1L","p":3.17,"u":"3,17 €/L","img":"https://fd16-photos.leclercdrive.fr/image.ashx?id=2493010&use=l&cat=p&typeid=i","cat":284453},{"id":81354,"n":"Confiture Eco+ Abricot - 1kg","p":2.17,"u":"2,17 €/KG","img":"https://fd16-photos.leclercdrive.fr/image.ashx?id=2953194&use=l&cat=p&typeid=i","cat":284480},{"id":81378,"n":"Bière Arômatisée Desquiles Rhum - 5.9%vol - 50cl","p":1.7,"u":"3,40 €/L","img":"https://fd16-photos.leclercdrive.fr/image.ashx?id=2637928&use=l&cat=p&typeid=i","cat":334853},{"id":81379,"n":"Jambon cru -25%  de Sel Aoste 6 tranches - 100g","p":4.15,"u":"41,50 €/KG","img":"https://fd16-photos.leclercdrive.fr/image.ashx?id=2359507&use=l&cat=p&typeid=i","cat":316007},{"id":81383,"n":"Rillettes du Mans La Véritable Bordeau Chesnel - 220g","p":2.17,"u":"9,86 €/KG","img":"https://fd16-photos.leclercdrive.fr/image.ashx?id=2763100&use=l&cat=p&typeid=i","cat":316008},{"id":81384,"n":"Vodka Zubrowska Biala 37.5%vol - 70cl","p":10.45,"u":"14,93 €/L","img":"https://fd16-photos.leclercdrive.fr/image.ashx?id=2961227&use=l&cat=p&typeid=i","cat":284550},{"id":81462,"n":"Fromage Apéritif Apérivrais  Ail et Fines Herbes - 100g","p":2.08,"u":"20,80 €/KG","img":"https://fd16-photos.leclercdrive.fr/image.ashx?id=2854612&use=l&cat=p&typeid=i","cat":314027},{"id":81548,"n":"Pain de mie Harrys 100% mie Nature Sans croûte Maxi - 650g","p":2.1,"u":"3,23 €/KG","img":"https://fd16-photos.leclercdrive.fr/image.ashx?id=2517468&use=l&cat=p&typeid=i","cat":284477},{"id":81558,"n":"Pain de mie 100% Mie Harrys Nature petites tranches - 500g","p":1.71,"u":"3,42 €/KG","img":"https://fd16-photos.leclercdrive.fr/image.ashx?id=2517453&use=l&cat=p&typeid=i","cat":284477},{"id":81559,"n":"Yaourt Enfant Petits Filous Fruits Mixés Panaché - 12x50g","p":2.25,"u":"3,75 €/KG","img":"https://fd16-photos.leclercdrive.fr/image.ashx?id=2767359&use=l&cat=p&typeid=i","cat":284414},{"id":81564,"n":"AOP Champagne Canard-Duchêne Brut - 75cl","p":24.7,"u":"32,93 €/L","img":"https://fd16-photos.leclercdrive.fr/image.ashx?id=2756909&use=l&cat=p&typeid=i","cat":284542},{"id":81566,"n":"Fromage Raclette Burger Les Croisés 8 Tranches - 150g","p":1.23,"u":"8,20 €/KG","img":"https://fd16-photos.leclercdrive.fr/image.ashx?id=2959731&use=l&cat=p&typeid=i","cat":314028},{"id":81740,"n":"Bière Saint Omer Forte - 8%vol - 50cl","p":1.17,"u":"2,34 €/L","img":"https://fd16-photos.leclercdrive.fr/image.ashx?id=2412570&use=l&cat=p&typeid=i","cat":334853},{"id":81756,"n":"Peppermint Pastille Giffard 21% vol - 70cl","p":9.9,"u":"14,14 €/L","img":"https://fd16-photos.leclercdrive.fr/image.ashx?id=2104960&use=l&cat=p&typeid=i","cat":286032},{"id":81816,"n":"Rillettes du Mans  Bordeau Chesnel - 220g","p":2.87,"img":"https://fd16-photos.leclercdrive.fr/image.ashx?id=2746812&use=l&cat=p&typeid=i","cat":316008},{"id":81890,"n":"Tablette chocolat au lait Milka Cacahuètes / Croquants - 2x90g","p":3.34,"u":"18,56 €/KG","img":"https://fd16-photos.leclercdrive.fr/image.ashx?id=2496338&use=l&cat=p&typeid=i","cat":284497},{"id":82008,"n":"Emmental râpé fondant Président 3x70g","p":2.66,"u":"12,67 €/KG","img":"https://fd16-photos.leclercdrive.fr/image.ashx?id=2462741&use=l&cat=p&typeid=i","cat":314035},{"id":82145,"n":"Bière blonde La G de Goudale 7.9%vol - 75cl","p":3.85,"u":"5,13 €/L","img":"https://fd16-photos.leclercdrive.fr/image.ashx?id=2861566&use=l&cat=p&typeid=i","cat":334872},{"id":82148,"n":"Lardons fumés Supérieur Eco+ 2x100g","p":1.28,"u":"6,40 €/KG","img":"https://fd16-photos.leclercdrive.fr/image.ashx?id=2998895&use=l&cat=p&typeid=i","cat":316011},{"id":82149,"n":"lardons supérieurs ECO+ Nature - 2x100g","p":1.31,"u":"6,55 €/KG","img":"https://fd16-photos.leclercdrive.fr/image.ashx?id=2968655&use=l&cat=p&typeid=i","cat":316011},{"id":82157,"n":"Dessert fruitier pêche Andros En morceaux - 4x100g","p":1.91,"u":"4,78 €/KG","img":"https://fd16-photos.leclercdrive.fr/image.ashx?id=2845470&use=l&cat=p&typeid=i","cat":284416},{"id":82166,"n":"Compotes Andros Pomme Fraise - 4x100g","p":1.5,"u":"3,75 €/KG","img":"https://fd16-photos.leclercdrive.fr/image.ashx?id=2915572&use=l&cat=p&typeid=i","cat":284416},{"id":82168,"n":"Compotes Andros Pomme Poire - 4x100g","p":1.4,"u":"3,50 €/KG","img":"https://fd16-photos.leclercdrive.fr/image.ashx?id=2883994&use=l&cat=p&typeid=i","cat":284416},{"id":82177,"n":"Bière blonde Duvel 8.5%vol - 75cl","p":4.21,"u":"5,61 €/L","img":"https://fd16-photos.leclercdrive.fr/image.ashx?id=2111139&use=l&cat=p&typeid=i","cat":334872},{"id":82179,"n":"Bière blonde 3 Monts 75cl","p":2.47,"u":"3,29 €/L","img":"https://fd16-photos.leclercdrive.fr/image.ashx?id=2550553&use=l&cat=p&typeid=i","cat":334852},{"id":82181,"n":"Bière Mort Subite Kriek A la cerise - 33cl","p":1.43,"u":"4,33 €/L","img":"https://fd16-photos.leclercdrive.fr/image.ashx?id=2796414&use=l&cat=p&typeid=i","cat":334872},{"id":82182,"n":"Miel de fleurs lune de miel Crémeux - 1kg","p":9.53,"u":"9,53 €/KG","img":"https://fd16-photos.leclercdrive.fr/image.ashx?id=2303831&use=l&cat=p&typeid=i","cat":287643},{"id":82184,"n":"Barres KINDER BUENO White  Chocolat Blanc x12 - 468g","p":8.35,"u":"17,84 €/KG","img":"https://fd16-photos.leclercdrive.fr/image.ashx?id=2679642&use=l&cat=p&typeid=i","cat":284498},{"id":82217,"n":"Gin Hendrick's 41.1%vol - 70cl","p":34.48,"u":"49,26 €/L","img":"https://fd16-photos.leclercdrive.fr/image.ashx?id=2225594&use=l&cat=p&typeid=i","cat":284550},{"id":82218,"n":"Emmental fromage rapé Les Croisés - 750g","p":5.98,"u":"7,97 €/KG","img":"https://fd16-photos.leclercdrive.fr/image.ashx?id=2900665&use=l&cat=p&typeid=i","cat":314035},{"id":82237,"n":"Rhum trois rivières Cuvée du  Moulin - 40%vol - 70cl","p":24.95,"u":"35,64 €/L","img":"https://fd16-photos.leclercdrive.fr/image.ashx?id=2844909&use=l&cat=p&typeid=i","cat":284550},{"id":82253,"n":"Biscuits Thé LU 350g","p":1.47,"u":"4,20 €/KG","img":"https://fd16-photos.leclercdrive.fr/image.ashx?id=2977738&use=l&cat=p&typeid=i","cat":284487},{"id":82265,"n":"Céréales Quaker Cruesli Chocolat - 450g","p":2.79,"u":"6,20 €/KG","img":"https://fd16-photos.leclercdrive.fr/image.ashx?id=2382791&use=l&cat=p&typeid=i","cat":309512},{"id":82266,"n":"Filet de sardines Saupiquet A l'huile d'olive - 100g","p":1.49,"u":"14,90 €/KG","img":"https://fd16-photos.leclercdrive.fr/image.ashx?id=2845347&use=l&cat=p&typeid=i","cat":305146},{"id":82268,"n":"Filet de Sardines Saupiquet Marinade Citron Basilic - 100g","p":1.53,"u":"15,30 €/KG","img":"https://fd16-photos.leclercdrive.fr/image.ashx?id=2845326&use=l&cat=p&typeid=i","cat":305146},{"id":82281,"n":"Boulettes de boeuf Eco+ x30 - 900g","p":6.85,"u":"7,61 €/KG","img":"https://fd16-photos.leclercdrive.fr/image.ashx?id=2966529&use=l&cat=p&typeid=i","cat":319779},{"id":82307,"n":"Emmental d'Entremont En tranches - 150g","p":2.79,"u":"18,60 €/KG","img":"https://fd16-photos.leclercdrive.fr/image.ashx?id=2877742&use=l&cat=p&typeid=i","cat":314028},{"id":82351,"n":"Frites incurvées McCain Côté Brasserie - 650g","p":2.22,"u":"3,42 €/KG","img":"https://fd16-photos.leclercdrive.fr/image.ashx?id=2927044&use=l&cat=p&typeid=i","cat":319791},{"id":82398,"n":"Bière Blonde Corbeau 50cl","p":1.86,"u":"3,72 €/L","img":"https://fd16-photos.leclercdrive.fr/image.ashx?id=1741478&use=l&cat=p&typeid=i","cat":334853},{"id":82433,"n":"Cordons Bleus Côté Croc Poulet x4 - 400g","p":3.14,"u":"7,85 €/KG","img":"https://fd16-photos.leclercdrive.fr/image.ashx?id=2801052&use=l&cat=p&typeid=i","cat":333683},{"id":82440,"n":"Boisson lactée Candy'UP Vanille - 6x20cl","p":2.82,"u":"2,35 €/L","img":"https://fd16-photos.leclercdrive.fr/image.ashx?id=2485632&use=l&cat=p&typeid=i","cat":295246},{"id":82452,"n":"Pruneaux d'Agen Maître Prunille IGP Dénoyautés - 500g","p":5.96,"u":"11,92 €/KG","img":"https://fd16-photos.leclercdrive.fr/image.ashx?id=2016023&use=l&cat=p&typeid=i","cat":284357},{"id":82575,"n":"Bière ambrée La Goudale 7.2%vol - 6x25cl","p":4.45,"u":"2,97 €/L","img":"https://fd16-photos.leclercdrive.fr/image.ashx?id=2915521&use=l&cat=p&typeid=i","cat":334852},{"id":82585,"n":"La much'ail Pâté Picard   A l'ail - 600g","p":7.59,"u":"12,65 €/KG","img":"https://fd16-photos.leclercdrive.fr/image.ashx?id=2050234&use=l&cat=p&typeid=i","cat":316008},{"id":82586,"n":"Potjevlesch en Terrine 700g","p":7.59,"u":"10,84 €/KG","img":"https://fd16-photos.leclercdrive.fr/image.ashx?id=2050240&use=l&cat=p&typeid=i","cat":333666},{"id":82647,"n":"Garniture :bouchées à la reine Petit Jean 2+1 offert - 3x400g","p":4.1,"u":"3,42 €/KG","img":"https://fd16-photos.leclercdrive.fr/image.ashx?id=2185286&use=l&cat=p&typeid=i","cat":284441},{"id":82663,"n":"Arrangé Rivière du Mât Banane Vanillé - 70cl - 35%vol","p":16.43,"u":"23,47 €/L","img":"https://fd16-photos.leclercdrive.fr/image.ashx?id=2731300&use=l&cat=p&typeid=i","cat":284551},{"id":82664,"n":"Arrangé Rivière du Mât Coco Torréfiée - 35%vol - 70cl","p":15.63,"u":"22,33 €/L","img":"https://fd16-photos.leclercdrive.fr/image.ashx?id=3002045&use=l&cat=p&typeid=i","cat":284551},{"id":82667,"n":"Yaourt aux fruits bifidus Activia poire - 4x125g","p":1.87,"u":"3,74 €/KG","img":"https://fd16-photos.leclercdrive.fr/image.ashx?id=2885330&use=l&cat=p&typeid=i","cat":315000},{"id":82670,"n":"Yaourt aux fruits bifidus Activia ananas - 4x125g","p":1.87,"u":"3,74 €/KG","img":"https://fd16-photos.leclercdrive.fr/image.ashx?id=2886639&use=l&cat=p&typeid=i","cat":315000},{"id":82672,"n":"Yaourt aux fruits bifidus Activia pruneau - 4x125g","p":1.84,"u":"3,68 €/KG","img":"https://fd16-photos.leclercdrive.fr/image.ashx?id=2886636&use=l&cat=p&typeid=i","cat":315000},{"id":82675,"n":"Yaourt aux fruits bifidus Activia mûre framboise - 4x125g","p":1.96,"u":"3,92 €/KG","img":"https://fd16-photos.leclercdrive.fr/image.ashx?id=2960651&use=l&cat=p&typeid=i","cat":315000},{"id":82676,"n":"Yaourt aux fruits bifidus Activia figue - 4x125g","p":1.93,"u":"3,86 €/KG","img":"https://fd16-photos.leclercdrive.fr/image.ashx?id=2886630&use=l&cat=p&typeid=i","cat":315000},{"id":82677,"n":"yaourt aux fruits bifidus activia fraise - 4x125g","p":1.86,"u":"3,72 €/KG","img":"https://fd16-photos.leclercdrive.fr/image.ashx?id=2886627&use=l&cat=p&typeid=i","cat":315000},{"id":82717,"n":"Arrangé Rivière du Mât Ananas Caramélisé 35% vol 70cl","p":16.6,"u":"23,71 €/L","img":"https://fd16-photos.leclercdrive.fr/image.ashx?id=2731297&use=l&cat=p&typeid=i","cat":284551},{"id":82739,"n":"Poisson pané Croustibat Findus Petit trésor MSC - x15 - 450g","p":3.22,"u":"7,16 €/KG","img":"https://fd16-photos.leclercdrive.fr/image.ashx?id=3008758&use=l&cat=p&typeid=i","cat":319788},{"id":83107,"n":"Bière La G de Goudale 7.9% vol - 33cl","p":1.84,"u":"5,58 €/L","img":"https://fd16-photos.leclercdrive.fr/image.ashx?id=1736938&use=l&cat=p&typeid=i","cat":334872},{"id":83109,"n":"Bières Rince Cochon rouge 75cl","p":4.8,"u":"6,40 €/L","img":"https://fd16-photos.leclercdrive.fr/image.ashx?id=2021238&use=l&cat=p&typeid=i","cat":334872},{"id":83120,"n":"Bière brune Pelforth 12x25cl","p":7.99,"u":"2,66 €/L","img":"https://fd16-photos.leclercdrive.fr/image.ashx?id=2646182&use=l&cat=p&typeid=i","cat":334852},{"id":83132,"n":"Boisson lactée Tous mes amis pour chats - 3x200ml","p":2.13,"u":"3,55 €/L","img":"https://fd16-photos.leclercdrive.fr/image.ashx?id=2313482&use=l&cat=p&typeid=i","cat":285285},{"id":83196,"n":"Feuilleté friand emmental Vitacuire - 8x65g","p":3.45,"u":"6,63 €/KG","img":"https://fd16-photos.leclercdrive.fr/image.ashx?id=1745162&use=l&cat=p&typeid=i","cat":319776},{"id":83227,"n":"Nuggets de poulet Le Gaulois x10 - 200g","p":2.26,"u":"11,30 €/KG","img":"https://fd16-photos.leclercdrive.fr/image.ashx?id=2342818&use=l&cat=p&typeid=i","cat":333684},{"id":83240,"n":"Bière Brune Pelforth 6x25cl","p":5.07,"u":"3,38 €/L","img":"https://fd16-photos.leclercdrive.fr/image.ashx?id=2655880&use=l&cat=p&typeid=i","cat":334852},{"id":83303,"n":"Happy Cola Haribo Sachet bonbons - 300g","p":1.88,"u":"6,27 €/KG","img":"https://fd16-photos.leclercdrive.fr/image.ashx?id=2806087&use=l&cat=p&typeid=i","cat":304250},{"id":83680,"n":"Oeufs Flandr'oeufs  Calibre gros x6","p":1.5,"u":"0,25 €/P","img":"https://fd16-photos.leclercdrive.fr/image.ashx?id=2333300&use=l&cat=p&typeid=i","cat":284378},{"id":83682,"n":"Oeufs Flandr'oeufs Moyen - x12","p":2.75,"u":"0,23 €/P","img":"https://fd16-photos.leclercdrive.fr/image.ashx?id=2333294&use=l&cat=p&typeid=i","cat":284378},{"id":83684,"n":"Oeufs Falndr'oeufs  Moyen - x30","p":5.65,"u":"0,19 €/P","img":"https://fd16-photos.leclercdrive.fr/image.ashx?id=2743277&use=l&cat=p&typeid=i","cat":284378},{"id":83695,"n":"Vin d'Espagne rosé François d'Aubigné - 75cl","p":1.39,"u":"1,85 €/L","img":"https://fd16-photos.leclercdrive.fr/image.ashx?id=2747746&use=l&cat=p&typeid=i","cat":289558},{"id":83697,"n":"Vin d'Espagne blanc Sauvignon Bernard Cordelier - 75 cl","p":1.75,"u":"2,33 €/L","img":"https://fd16-photos.leclercdrive.fr/image.ashx?id=2886528&use=l&cat=p&typeid=i","cat":289557},{"id":83698,"n":"IGP Pays d'Oc Grenache vin rosé Vieux Carion 12.5% vol - 75cl","p":2.25,"u":"3,00 €/L","img":"https://fd16-photos.leclercdrive.fr/image.ashx?id=2722823&use=l&cat=p&typeid=i","cat":289558},{"id":83707,"n":"Amandes Seeberger 200g","p":4.75,"u":"23,75 €/KG","img":"https://fd16-photos.leclercdrive.fr/image.ashx?id=2950594&use=l&cat=p&typeid=i","cat":284448},{"id":83820,"n":"Chips Pom'Lisse  Saveur Chèvre miel - 135g","p":1.35,"u":"10,00 €/KG","img":"https://fd16-photos.leclercdrive.fr/image.ashx?id=2654474&use=l&cat=p&typeid=i","cat":284447},{"id":83852,"n":"Petites tranches Saint-Agaûne Nature - 70g","p":3.03,"u":"43,29 €/KG","img":"https://fd16-photos.leclercdrive.fr/image.ashx?id=2852558&use=l&cat=p&typeid=i","cat":316006},{"id":83854,"n":"Vin d'Espagne blanc François D'Aubigné - 75 cl","p":1.39,"u":"1,85 €/L","img":"https://fd16-photos.leclercdrive.fr/image.ashx?id=2888610&use=l&cat=p&typeid=i","cat":289557},{"id":83864,"n":"Petites tranches Saint-Agaûne  Délicatement fumé - 70g","p":2.88,"u":"41,14 €/KG","img":"https://fd16-photos.leclercdrive.fr/image.ashx?id=2762205&use=l&cat=p&typeid=i","cat":316006},{"id":83944,"n":"Vin d'Espagne rouge Merlot Bernard Cordelier - 75cl","p":1.75,"u":"2,33 €/L","img":"https://fd16-photos.leclercdrive.fr/image.ashx?id=2756855&use=l&cat=p&typeid=i","cat":289556},{"id":83947,"n":"Vin d'Espagne vin rouge Bernard Cordelier - 75cl","p":1.75,"u":"2,33 €/L","img":"https://fd16-photos.leclercdrive.fr/image.ashx?id=2760789&use=l&cat=p&typeid=i","cat":289556},{"id":83951,"n":"IGP Pays d'Oc rouge Merlot J-P Chenet 13% vol BIB 3L","p":10.42,"u":"3,47 €/L","img":"https://fd16-photos.leclercdrive.fr/image.ashx?id=2941709&use=l&cat=p&typeid=i","cat":289560},{"id":83974,"n":"IGP  Pays d'Hérault vin rosé Bernard Cordelier - 75cl","p":1.99,"u":"2,65 €/L","img":"https://fd16-photos.leclercdrive.fr/image.ashx?id=2891908&use=l&cat=p&typeid=i","cat":289558},{"id":83979,"n":"Vin de l'Union Européenne Vieux Papes 12.5%vol - 75cl","p":2.24,"u":"2,99 €/L","img":"https://fd16-photos.leclercdrive.fr/image.ashx?id=2093388&use=l&cat=p&typeid=i","cat":289556},{"id":83985,"n":"IGP Pays d'Oc rouge Merlot Grand Sud 13% vol - 1L","p":3.92,"u":"3,92 €/L","img":"https://fd16-photos.leclercdrive.fr/image.ashx?id=2941583&use=l&cat=p&typeid=i","cat":289556},{"id":83986,"n":"IGP Pays d'Oc rosé Merlot Grand Sud 12.5% vol - 1L","p":3.92,"u":"3,92 €/L","img":"https://fd16-photos.leclercdrive.fr/image.ashx?id=2941580&use=l&cat=p&typeid=i","cat":289558},{"id":84014,"n":"AOP Bordeaux vin blanc Bernard Cordelier - 75 cl","p":2.99,"u":"3,99 €/L","img":"https://fd16-photos.leclercdrive.fr/image.ashx?id=2776561&use=l&cat=p&typeid=i","cat":289557},{"id":84019,"n":"IGP  Pays d'Hérault vin rouge Bernard Cordelier - BIB 3L","p":5.99,"u":"2,00 €/L","img":"https://fd16-photos.leclercdrive.fr/image.ashx?id=2758341&use=l&cat=p&typeid=i","cat":289560},{"id":84020,"n":"IGP  Pays d'Hérault vin rouge Bernard Cordelier - 75cl","p":1.85,"u":"2,47 €/L","img":"https://fd16-photos.leclercdrive.fr/image.ashx?id=2804139&use=l&cat=p&typeid=i","cat":289556},{"id":84031,"n":"Maca-ginseng-gimgembre  Tonifiant sexuel - 40 comprimés","p":5.78,"u":"0,14 €/P","img":"https://fd16-photos.leclercdrive.fr/image.ashx?id=2773376&use=l&cat=p&typeid=i","cat":313217},{"id":84057,"n":"Sommeil mélatonine  30 gélules","p":7.07,"u":"0,24 €/P","img":"https://fd16-photos.leclercdrive.fr/image.ashx?id=2744722&use=l&cat=p&typeid=i","cat":313217},{"id":84059,"n":"Artichaut SOS minceur  500ml","p":6.46,"u":"12,92 €/L","img":"https://fd16-photos.leclercdrive.fr/image.ashx?id=2177794&use=l&cat=p&typeid=i","cat":313217},{"id":84152,"n":"Pain pour Panini La Boulangère x4 - 300g","p":1.73,"u":"5,77 €/KG","img":"https://fd16-photos.leclercdrive.fr/image.ashx?id=2937457&use=l&cat=p&typeid=i","cat":284985},{"id":84154,"n":"Bonbons VICHY Menthe 230g","p":1.07,"u":"4,65 €/KG","img":"https://fd16-photos.leclercdrive.fr/image.ashx?id=2806342&use=l&cat=p&typeid=i","cat":304252},{"id":84156,"n":"Carambar mini mix 220g","p":2.15,"u":"9,77 €/KG","img":"https://fd16-photos.leclercdrive.fr/image.ashx?id=2817845&use=l&cat=p&typeid=i","cat":304250},{"id":84158,"n":"Bonbons CARAMBAR Fruits Assortiment - 320g","p":1.71,"u":"5,34 €/KG","img":"https://fd16-photos.leclercdrive.fr/image.ashx?id=2964499&use=l&cat=p&typeid=i","cat":304250},{"id":84159,"n":"Bonbons CARAMBAR Family Assortiment - 450g","p":2.69,"u":"5,98 €/KG","img":"https://fd16-photos.leclercdrive.fr/image.ashx?id=2903446&use=l&cat=p&typeid=i","cat":304250},{"id":84160,"n":"Bonbons CARAMBAR Caramel 320g","p":1.71,"u":"5,34 €/KG","img":"https://fd16-photos.leclercdrive.fr/image.ashx?id=2770124&use=l&cat=p&typeid=i","cat":304250},{"id":84161,"n":"Bonbons LA PIE QUI CHANTE Michoko Noir - 280g","p":2.38,"u":"8,50 €/KG","img":"https://fd16-photos.leclercdrive.fr/image.ashx?id=2817842&use=l&cat=p&typeid=i","cat":304250},{"id":84163,"n":"Break P'tit Déli 135g","p":1.33,"u":"9,85 €/KG","img":"https://fd16-photos.leclercdrive.fr/image.ashx?id=2566200&use=l&cat=p&typeid=i","cat":284488},{"id":84225,"n":"Cartouche encre Epson Fraise - Noir - 5.3ml - x1","p":16.99,"img":"https://fd16-photos.leclercdrive.fr/image.ashx?id=1675269&use=l&cat=p&typeid=i","cat":316445},{"id":84249,"n":"Crème Bio Hydratante Sobio Etic Aloe Vera - 100ml","p":8.9,"u":"89,00 €/L","img":"https://fd16-photos.leclercdrive.fr/image.ashx?id=2787074&use=l&cat=p&typeid=i","cat":325345},{"id":84327,"n":"Chicorée en grains Leroux  nature - 520g","p":2.33,"u":"4,48 €/KG","img":"https://fd16-photos.leclercdrive.fr/image.ashx?id=2730496&use=l&cat=p&typeid=i","cat":284843},{"id":84330,"n":"Chicorée Leroux  Concentré - 250ml","p":3.55,"u":"14,20 €/L","img":"https://fd16-photos.leclercdrive.fr/image.ashx?id=2861476&use=l&cat=p&typeid=i","cat":284843},{"id":84437,"n":"Yaourt à boire Mini Yop Aromatisé Framboise - 8x100g","p":2.73,"u":"3,41 €/KG","img":"https://fd16-photos.leclercdrive.fr/image.ashx?id=2320000&use=l&cat=p&typeid=i","cat":284415},{"id":84449,"n":"Poivronade Cruscana 150g","p":2.19,"u":"14,60 €/KG","img":"https://fd16-photos.leclercdrive.fr/image.ashx?id=2790639&use=l&cat=p&typeid=i","cat":315999},{"id":84774,"n":"Préparation brownie Nestlé Au chocolat - 405g","p":3.35,"u":"8,27 €/KG","img":"https://fd16-photos.leclercdrive.fr/image.ashx?id=2849259&use=l&cat=p&typeid=i","cat":284505},{"id":84789,"n":"Filet de poulet blanc Le Gaulois x2 - 300g","p":4.39,"u":"14,63 €/KG","img":"https://fd16-photos.leclercdrive.fr/image.ashx?id=2633989&use=l&cat=p&typeid=i","cat":284336},{"id":84819,"n":"Cerneaux de noix Seeberger 150g","p":5.97,"u":"39,80 €/KG","img":"https://fd16-photos.leclercdrive.fr/image.ashx?id=2950615&use=l&cat=p&typeid=i","cat":284357},{"id":84996,"n":"Beurre Le Campagnou  Demi-sel - 500g","p":4.49,"u":"8,98 €/KG","img":"https://fd16-photos.leclercdrive.fr/image.ashx?id=2546626&use=l&cat=p&typeid=i","cat":284379},{"id":85002,"n":"Beurre plaquette Doux 250g","p":2.69,"u":"10,76 €/KG","img":"https://fd16-photos.leclercdrive.fr/image.ashx?id=2586616&use=l&cat=p&typeid=i","cat":284379},{"id":85051,"n":"Endives Panier du Primeur x5","p":2.49,"u":"0,50 €/P","img":"https://fd16-photos.leclercdrive.fr/image.ashx?id=2655607&use=l&cat=p&typeid=i","cat":284352},{"id":85052,"n":"Croquettes petit chien Ultima  Nature Poulet - 1,25kg","p":6.87,"u":"5,50 €/KG","img":"https://fd16-photos.leclercdrive.fr/image.ashx?id=2593164&use=l&cat=p&typeid=i","cat":294526},{"id":85055,"n":"Papier toilette Lotus Moltonel Sans tube - X6","p":6.56,"u":"1,09 €/P","img":"https://fd16-photos.leclercdrive.fr/image.ashx?id=2570580&use=l&cat=p&typeid=i","cat":284634},{"id":85059,"n":"Protection auditive Quies En mousse fluo - x16","p":6.21,"u":"0,39 €/P","img":"https://fd16-photos.leclercdrive.fr/image.ashx?id=2159511&use=l&cat=p&typeid=i","cat":284630},{"id":85106,"n":"Mayonnaise American Style Heinz  - 395g","p":2.48,"u":"6,28 €/KG","img":"https://fd16-photos.leclercdrive.fr/image.ashx?id=2927059&use=l&cat=p&typeid=i","cat":298295},{"id":85206,"n":"Génoises fourrées Pim's LU Fraise des bois - 150g","p":1.66,"u":"11,07 €/KG","img":"https://fd16-photos.leclercdrive.fr/image.ashx?id=3002204&use=l&cat=p&typeid=i","cat":284489},{"id":85207,"n":"Génoise fourrées Pim's LU Poire - 150g","p":1.64,"u":"10,93 €/KG","img":"https://fd16-photos.leclercdrive.fr/image.ashx?id=2145202&use=l&cat=p&typeid=i","cat":284489},{"id":85278,"n":"Barres Têtes Brûlées Fraise/pomme - 200g","p":1.91,"u":"9,55 €/KG","img":"https://fd16-photos.leclercdrive.fr/image.ashx?id=2917882&use=l&cat=p&typeid=i","cat":304250},{"id":85677,"n":"AOP Saumur Vin blanc pétillant  Ackerman brut - 75cl","p":5.6,"pp":4.2,"u":"5,60 €/L","img":"https://fd16-photos.leclercdrive.fr/image.ashx?id=2730232&use=l&cat=p&typeid=i","cat":284544},{"id":85739,"n":"Soda Pepsi Saveur cola sans sucres - 1L","p":1.04,"u":"1,04 €/L","img":"https://fd16-photos.leclercdrive.fr/image.ashx?id=2682300&use=l&cat=p&typeid=i","cat":284530},{"id":85768,"n":"Crème de violette Giffard 16%Vol - 50cl","p":5.5,"pp":4.95,"u":"9,90 €/L","img":"https://fd16-photos.leclercdrive.fr/image.ashx?id=2219162&use=l&cat=p&typeid=i","cat":295020},{"id":85955,"n":"Vin d'Espagne rosé grenache Bio Alexandre de Montmirel - BIB 3L","p":14.17,"u":"4,72 €/L","img":"https://fd16-photos.leclercdrive.fr/image.ashx?id=2276729&use=l&cat=p&typeid=i","cat":289558},{"id":85998,"n":"Sauce Curry Mango Heinz - 225g","p":1.98,"u":"8,80 €/KG","img":"https://fd16-photos.leclercdrive.fr/image.ashx?id=2927050&use=l&cat=p&typeid=i","cat":318431},{"id":86071,"n":"AOP Prosecco Perlino Extra Dry - 75cl","p":6.4,"u":"8,53 €/L","img":"https://fd16-photos.leclercdrive.fr/image.ashx?id=2612778&use=l&cat=p&typeid=i","cat":289461},{"id":86132,"n":"Sirop Moulin de Valdonne Voyage exotique - 70cl","p":3.66,"u":"5,23 €/L","img":"https://fd16-photos.leclercdrive.fr/image.ashx?id=2170601&use=l&cat=p&typeid=i","cat":295020},{"id":86208,"n":"Pâte à tartiner Nutella 1kg","p":6.62,"u":"6,62 €/KG","img":"https://fd16-photos.leclercdrive.fr/image.ashx?id=2935648&use=l&cat=p&typeid=i","cat":284481},{"id":86375,"n":"Rochers Suchard  Lait - 7x35g","p":3.9,"u":"15,92 €/KG","img":"https://fd16-photos.leclercdrive.fr/image.ashx?id=2950372&use=l&cat=p&typeid=i","cat":284499},{"id":86376,"n":"Rochers Suchard Noir - 7x35g","p":3.9,"u":"15,92 €/KG","img":"https://fd16-photos.leclercdrive.fr/image.ashx?id=2950375&use=l&cat=p&typeid=i","cat":284499},{"id":86395,"n":"Brioche tranchée Pasquier Familiale - 650g","p":3.04,"u":"4,68 €/KG","img":"https://fd16-photos.leclercdrive.fr/image.ashx?id=2850949&use=l&cat=p&typeid=i","cat":284478},{"id":86403,"n":"Capsules café L'Or Espresso Delizioso N°5 x10","p":3.13,"u":"60,19 €/KG","img":"https://fd16-photos.leclercdrive.fr/image.ashx?id=3000462&use=l&cat=p&typeid=i","cat":284749},{"id":86412,"n":"Biscuit bio Bjorg Avoine complet nature - 130g","p":2.1,"u":"16,15 €/KG","img":"https://fd16-photos.leclercdrive.fr/image.ashx?id=2921606&use=l&cat=p&typeid=i","cat":284487},{"id":86452,"n":"Gel douche Monsavon Amande très douce - 300ml","p":1.99,"u":"6,63 €/L","img":"https://fd16-photos.leclercdrive.fr/image.ashx?id=2532291&use=l&cat=p&typeid=i","cat":284594},{"id":86470,"n":"Bonbons KREMA Festival Assortiment - 360g","p":2.38,"u":"6,61 €/KG","img":"https://fd16-photos.leclercdrive.fr/image.ashx?id=2817875&use=l&cat=p&typeid=i","cat":304250},{"id":86474,"n":"Bonbons KREMA Batna Réglisse & Anis - 360g","p":2.26,"u":"6,28 €/KG","img":"https://fd16-photos.leclercdrive.fr/image.ashx?id=2817878&use=l&cat=p&typeid=i","cat":304250},{"id":86482,"n":"Bonbons KREMA Régal'ad Assortiment Fruits - 360g","p":2.46,"u":"6,83 €/KG","img":"https://fd16-photos.leclercdrive.fr/image.ashx?id=2855295&use=l&cat=p&typeid=i","cat":304250},{"id":86488,"n":"Bonbons La pie qui chante Stoptou à la réglisse - 450g","p":2.71,"u":"6,02 €/KG","img":"https://fd16-photos.leclercdrive.fr/image.ashx?id=2817872&use=l&cat=p&typeid=i","cat":304250},{"id":86580,"n":"Gousse de vanille Sainte Lucie Poudre pot - 3g","p":4.74,"img":"https://fd16-photos.leclercdrive.fr/image.ashx?id=2774960&use=l&cat=p&typeid=i","cat":284504},{"id":86584,"n":"Pain burger Harry's Maxi Nature - 510g","p":2.29,"u":"4,49 €/KG","img":"https://fd16-photos.leclercdrive.fr/image.ashx?id=2517444&use=l&cat=p&typeid=i","cat":325067},{"id":86586,"n":"Pain de mie Harrys Nature extra moelleux - 500g","p":1.3,"u":"2,60 €/KG","img":"https://fd16-photos.leclercdrive.fr/image.ashx?id=2660730&use=l&cat=p&typeid=i","cat":284477},{"id":86591,"n":"AOP Champagne Pommery Brut Royal étui- 75cl","p":33.5,"u":"44,67 €/L","img":"https://fd16-photos.leclercdrive.fr/image.ashx?id=2791500&use=l&cat=p&typeid=i","cat":284542},{"id":86713,"n":"St Feuillien triple 33cl","p":2.18,"u":"6,61 €/L","img":"https://fd16-photos.leclercdrive.fr/image.ashx?id=2458937&use=l&cat=p&typeid=i","cat":334872},{"id":86734,"n":"Cookies P'tit Déli Triple chocolat - 200g","p":1.44,"u":"7,20 €/KG","img":"https://fd16-photos.leclercdrive.fr/image.ashx?id=2529608&use=l&cat=p&typeid=i","cat":325066},{"id":86739,"n":"Apéritif Lagoa Cocktail  Fruit de la passion s/al - 75cl","p":2.8,"u":"3,73 €/L","img":"https://fd16-photos.leclercdrive.fr/image.ashx?id=1865307&use=l&cat=p&typeid=i","cat":284549},{"id":86744,"n":"Mouchoirs blancs 3 plis Caresse Boîte mouchoirs papier parf x80","p":1.65,"u":"0,02 €/P","img":"https://fd16-photos.leclercdrive.fr/image.ashx?id=2837247&use=l&cat=p&typeid=i","cat":284638},{"id":86747,"n":"Sacs de congélation Elembal Curseur moyen - x15","p":1.99,"u":"0,13 €/P","img":"https://fd16-photos.leclercdrive.fr/image.ashx?id=2511120&use=l&cat=p&typeid=i","cat":334134},{"id":86748,"n":"Adoucissant Hyperdou Lingettes Rêve de fraîcheur - x20","p":1.71,"u":"0,09 €/P","img":"https://fd16-photos.leclercdrive.fr/image.ashx?id=2489203&use=l&cat=p&typeid=i","cat":325302},{"id":86749,"n":"Rasoir Siliss 5 lames","p":5.99,"u":"3,00 €/P","img":"https://fd16-photos.leclercdrive.fr/image.ashx?id=2699732&use=l&cat=p&typeid=i","cat":325352},{"id":86784,"n":"Frites au four Pom'Lisse Pom'Steak - 600g","p":1.46,"u":"2,43 €/KG","img":"https://fd16-photos.leclercdrive.fr/image.ashx?id=2770687&use=l&cat=p&typeid=i","cat":319791},{"id":86788,"n":"Tartinable thon Fromage frais MSC Ronde des mers - 140g","p":1.99,"u":"14,21 €/KG","img":"https://fd16-photos.leclercdrive.fr/image.ashx?id=2823084&use=l&cat=p&typeid=i","cat":285191},{"id":86905,"n":"Bière blonde 1664 5,5° - 12x33cl canettes","p":10.26,"u":"2,59 €/L","img":"https://fd16-photos.leclercdrive.fr/image.ashx?id=2246617&use=l&cat=p&typeid=i","cat":334853},{"id":86907,"n":"Lait en poudre Modilac Bébé : 2ème âge - 820g","p":15.65,"u":"19,09 €/KG","img":"https://fd16-photos.leclercdrive.fr/image.ashx?id=2873393&use=l&cat=p&typeid=i","cat":284727},{"id":86916,"n":"Lames de rasoir Carré Homme 2 lames - x10","p":1.29,"u":"0,13 €/P","img":"https://fd16-photos.leclercdrive.fr/image.ashx?id=2591721&use=l&cat=p&typeid=i","cat":284616},{"id":86917,"n":"Lames de rasoir Siliss 5 lames - x3","p":6.49,"u":"2,16 €/P","img":"https://fd16-photos.leclercdrive.fr/image.ashx?id=2699735&use=l&cat=p&typeid=i","cat":325352},{"id":86967,"n":"Pois Cassés Notre Jardin 500g","p":2.15,"u":"4,30 €/KG","img":"https://fd16-photos.leclercdrive.fr/image.ashx?id=2096452&use=l&cat=p&typeid=i","cat":284430},{"id":86975,"n":"Céréales et Lentilles Ebly Sachets cuisson 10min - 3x100g","p":3.11,"u":"10,37 €/KG","img":"https://fd16-photos.leclercdrive.fr/image.ashx?id=2286269&use=l&cat=p&typeid=i","cat":284429},{"id":86976,"n":"Couscous en perles Ebly Sachets cuisson 10min - 3x100g","p":2.45,"u":"8,17 €/KG","img":"https://fd16-photos.leclercdrive.fr/image.ashx?id=2286272&use=l&cat=p&typeid=i","cat":284429},{"id":86986,"n":"Sachet fraicheur chat Sheba Thon saumon en gelée - 6x50g","p":2.78,"u":"9,27 €/KG","img":"https://fd16-photos.leclercdrive.fr/image.ashx?id=2850162&use=l&cat=p&typeid=i","cat":285286},{"id":87038,"n":"Yaourt nature Danone 8x125g","p":1.82,"u":"1,82 €/KG","img":"https://fd16-photos.leclercdrive.fr/image.ashx?id=3001985&use=l&cat=p&typeid=i","cat":284409},{"id":87065,"n":"Yaourts aux fruits Délisse Saveur Orientale - 8x125g","p":2.59,"u":"2,59 €/KG","img":"https://fd16-photos.leclercdrive.fr/image.ashx?id=2520304&use=l&cat=p&typeid=i","cat":284410},{"id":87067,"n":"Yaourt à boire P'tit max  Délisse Fraise - 6x180g","p":2.03,"u":"1,88 €/KG","img":"https://fd16-photos.leclercdrive.fr/image.ashx?id=2762510&use=l&cat=p&typeid=i","cat":284415},{"id":87083,"n":"Rhum premium Bacardi Reserva  Ocho 8 ans d'âge 40° - 70cl","p":32.04,"u":"45,77 €/L","img":"https://fd16-photos.leclercdrive.fr/image.ashx?id=2848373&use=l&cat=p&typeid=i","cat":284550},{"id":87084,"n":"Rhum ambré Bacardi Carta Oro 37,5° - 70cl","p":17.25,"u":"24,64 €/L","img":"https://fd16-photos.leclercdrive.fr/image.ashx?id=2858171&use=l&cat=p&typeid=i","cat":284550},{"id":87089,"n":"Pavé Gourmand Garden Gourmet Epinards et Fromage 180g","p":2.41,"u":"13,39 €/KG","img":"https://fd16-photos.leclercdrive.fr/image.ashx?id=2971389&use=l&cat=p&typeid=i","cat":316036},{"id":87091,"n":"St Jacques Marie Fondue de poireaux riz - 280g","p":3.91,"u":"13,96 €/KG","img":"https://fd16-photos.leclercdrive.fr/image.ashx?id=2317531&use=l&cat=p&typeid=i","cat":333665},{"id":87093,"n":"Eau coiffante Vitanove 150ml","p":1.99,"u":"13,27 €/L","img":"https://fd16-photos.leclercdrive.fr/image.ashx?id=2496419&use=l&cat=p&typeid=i","cat":284609},{"id":87100,"n":"Gel lavant Manava Purifiant mandarine - 300ml","p":1.25,"u":"4,17 €/L","img":"https://fd16-photos.leclercdrive.fr/image.ashx?id=2935519&use=l&cat=p&typeid=i","cat":284597},{"id":87273,"n":"Yaourt à boire Michel&Augustin Myrtilles sauvages - 500ml","p":2.98,"u":"5,96 €/L","img":"https://fd16-photos.leclercdrive.fr/image.ashx?id=2165704&use=l&cat=p&typeid=i","cat":284415},{"id":87375,"n":"Serviettes Doulys Ultra mince Nuit + large - x9","p":2.2,"u":"0,24 €/P","img":"https://fd16-photos.leclercdrive.fr/image.ashx?id=2839927&use=l&cat=p&typeid=i","cat":284624},{"id":87379,"n":"Shampooing L'Arbre Vert Nutrition cheveux secs - 250ml","p":2.25,"u":"9,00 €/L","img":"https://fd16-photos.leclercdrive.fr/image.ashx?id=2885390&use=l&cat=p&typeid=i","cat":284606},{"id":87701,"n":"Carrés feuilletés Croustipate x4 - 240g","p":1.45,"u":"6,04 €/KG","img":"https://fd16-photos.leclercdrive.fr/image.ashx?id=2875069&use=l&cat=p&typeid=i","cat":333681},{"id":87786,"n":"Fiches bristol Exacompta 4 coloris - 10x15cm - x100","p":5.88,"img":"https://fd16-photos.leclercdrive.fr/image.ashx?id=2795006&use=l&cat=p&typeid=i","cat":284697},{"id":87883,"n":"Cherry Chouffe 33cl","p":2.5,"u":"7,58 €/L","img":"https://fd16-photos.leclercdrive.fr/image.ashx?id=2877082&use=l&cat=p&typeid=i","cat":334872},{"id":87923,"n":"Compotes  gourdes Pom'Potes Multivariétés - 12x90g","p":5.2,"u":"4,81 €/KG","img":"https://fd16-photos.leclercdrive.fr/image.ashx?id=3010942&use=l&cat=p&typeid=i","cat":284508},{"id":87924,"n":"Dosettes café Senseo Classique x40","p":6.32,"u":"22,82 €/KG","img":"https://fd16-photos.leclercdrive.fr/image.ashx?id=2876326&use=l&cat=p&typeid=i","cat":293238},{"id":87926,"n":"Dosettes café Senseo Doux x40","p":6.38,"u":"23,03 €/KG","img":"https://fd16-photos.leclercdrive.fr/image.ashx?id=2337567&use=l&cat=p&typeid=i","cat":293238},{"id":87929,"n":"Dosettes café Senseo Classique x54","p":8.51,"u":"22,69 €/KG","img":"https://fd16-photos.leclercdrive.fr/image.ashx?id=2391798&use=l&cat=p&typeid=i","cat":293238},{"id":87949,"n":"Sirop La Maison Guiot Menthe glaciale - 70cl","p":3.19,"u":"4,56 €/L","img":"https://fd16-photos.leclercdrive.fr/image.ashx?id=2138473&use=l&cat=p&typeid=i","cat":295020},{"id":88031,"n":"Tomate cerise allongée Barquette 400g","p":3.0,"u":"7,50 €/KG","img":"https://fd16-photos.leclercdrive.fr/image.ashx?id=1700878&use=l&cat=p&typeid=i","cat":284352},{"id":88048,"n":"Compote Charles & Alice Pommes Bananes Vanille -4x100g","p":1.7,"u":"4,38 €/KG","img":"https://fd16-photos.leclercdrive.fr/image.ashx?id=2757698&use=l&cat=p&typeid=i","cat":284416},{"id":88053,"n":"Lasagne à la bolognaise Marie - 1 kg","p":4.81,"u":"4,81 €/KG","img":"https://fd16-photos.leclercdrive.fr/image.ashx?id=2993394&use=l&cat=p&typeid=i","cat":284254},{"id":88064,"n":"Matière grasse Primevere 63%MG - oméga 3 - 250g","p":1.73,"u":"6,92 €/KG","img":"https://fd16-photos.leclercdrive.fr/image.ashx?id=2939325&use=l&cat=p&typeid=i","cat":315229},{"id":88109,"n":"Escalope Normande Père Dodu  Poulet x2 - 200g","p":2.1,"u":"10,50 €/KG","img":"https://fd16-photos.leclercdrive.fr/image.ashx?id=2957209&use=l&cat=p&typeid=i","cat":333683},{"id":88115,"n":"yaourt à boire danonino fraise banane abricot - 6x100g","p":2.79,"u":"4,65 €/KG","img":"https://fd16-photos.leclercdrive.fr/image.ashx?id=3003143&use=l&cat=p&typeid=i","cat":284415},{"id":88206,"n":"Céréales bébé Blédine 12 mois  Vanille - 400g","p":2.72,"u":"6,80 €/KG","img":"https://fd16-photos.leclercdrive.fr/image.ashx?id=2763124&use=l&cat=p&typeid=i","cat":312225},{"id":88340,"n":"Berries Haribo Sachet bonbons - 200g","p":1.81,"u":"9,05 €/KG","img":"https://fd16-photos.leclercdrive.fr/image.ashx?id=2982411&use=l&cat=p&typeid=i","cat":304250},{"id":88360,"n":"Saucisse Isla Délice Halal  Goût boeuf piquant - 500g","p":1.9,"u":"3,80 €/KG","img":"https://fd16-photos.leclercdrive.fr/image.ashx?id=2256107&use=l&cat=p&typeid=i","cat":316013},{"id":88438,"n":"Coulommiers Cœur de Lion  Extra-Crèmeux - 385g","p":3.31,"u":"8,60 €/KG","img":"https://fd16-photos.leclercdrive.fr/image.ashx?id=2999958&use=l&cat=p&typeid=i","cat":314033},{"id":88441,"n":"Fromage à tartiner St Môret Nature maxi format - 400g","p":3.72,"u":"9,30 €/KG","img":"https://fd16-photos.leclercdrive.fr/image.ashx?id=2755459&use=l&cat=p&typeid=i","cat":314029},{"id":88447,"n":"Coulommiers Coeur de Lion x10 - 350g","p":4.19,"u":"11,97 €/KG","img":"https://fd16-photos.leclercdrive.fr/image.ashx?id=2342078&use=l&cat=p&typeid=i","cat":314033},{"id":88448,"n":"Fromage à Tartiner Carré Frais  Nature 0% - 8 Portions - 200g","p":2.37,"u":"11,85 €/KG","img":"https://fd16-photos.leclercdrive.fr/image.ashx?id=2868684&use=l&cat=p&typeid=i","cat":314029},{"id":88450,"n":"Escalope Cordon Bleu Père Dodu  Dinde x2 - 200g","p":2.65,"u":"13,25 €/KG","img":"https://fd16-photos.leclercdrive.fr/image.ashx?id=2957203&use=l&cat=p&typeid=i","cat":333683},{"id":88454,"n":"Saucisson Fuet Justin Bridou  170g","p":3.15,"u":"18,53 €/KG","img":"https://fd16-photos.leclercdrive.fr/image.ashx?id=2751165&use=l&cat=p&typeid=i","cat":316006},{"id":88458,"n":"Fromage 0% Carré Frais Ails et fines herbes - 8x25g","p":2.71,"u":"13,55 €/KG","img":"https://fd16-photos.leclercdrive.fr/image.ashx?id=2870611&use=l&cat=p&typeid=i","cat":314029},{"id":88460,"n":"Fromage de Chèvre Chavroux  9 Portions - 162g","p":3.02,"u":"18,64 €/KG","img":"https://fd16-photos.leclercdrive.fr/image.ashx?id=2936689&use=l&cat=p&typeid=i","cat":314031},{"id":88461,"n":"Salami Danois  Saint-Azay x16 - 160g","p":1.58,"u":"9,88 €/KG","img":"https://fd16-photos.leclercdrive.fr/image.ashx?id=2708354&use=l&cat=p&typeid=i","cat":316007},{"id":88471,"n":"Protège slip Tena Long - x20","p":2.49,"u":"0,12 €/P","img":"https://fd16-photos.leclercdrive.fr/image.ashx?id=2428588&use=l&cat=p&typeid=i","cat":284628},{"id":88538,"n":"Fromage à tartiner St Môret Nature léger - 150g","p":2.89,"u":"19,27 €/KG","img":"https://fd16-photos.leclercdrive.fr/image.ashx?id=2755462&use=l&cat=p&typeid=i","cat":314029},{"id":88560,"n":"Céréales bébé Blédine 6 mois  Biscuit - 400g","p":2.35,"u":"5,88 €/KG","img":"https://fd16-photos.leclercdrive.fr/image.ashx?id=2773295&use=l&cat=p&typeid=i","cat":312225},{"id":88662,"n":"Yaourt bifidus Activia Vanille - 4x125g","p":1.6,"u":"3,20 €/KG","img":"https://fd16-photos.leclercdrive.fr/image.ashx?id=3006184&use=l&cat=p&typeid=i","cat":315000},{"id":88698,"n":"Citrons bio Bio Village Sachet x4","p":1.99,"u":"0,50 €/P","img":"https://fd16-photos.leclercdrive.fr/image.ashx?id=2805063&use=l&cat=p&typeid=i","cat":284356},{"id":88740,"n":"Yaourt bifidus Activia citron - 4x125g","p":1.6,"u":"3,20 €/KG","img":"https://fd16-photos.leclercdrive.fr/image.ashx?id=3006181&use=l&cat=p&typeid=i","cat":315000},{"id":88742,"n":"Yaourt bifidus Activia coco - 4x125g","p":1.65,"u":"3,30 €/KG","img":"https://fd16-photos.leclercdrive.fr/image.ashx?id=2886651&use=l&cat=p&typeid=i","cat":315000},{"id":88986,"n":"Barre Chocolat au Lait KitKat x6 barres - 249g","p":3.14,"u":"12,61 €/KG","img":"https://fd16-photos.leclercdrive.fr/image.ashx?id=2989426&use=l&cat=p&typeid=i","cat":284498},{"id":89054,"n":"Bière blonde Kronenbourg 4,2° - 50cl canette","p":0.93,"u":"1,86 €/L","img":"https://fd16-photos.leclercdrive.fr/image.ashx?id=1586574&use=l&cat=p&typeid=i","cat":334853},{"id":89145,"n":"Sphère voiture 2 en 1 Aura Cerises gourmandes - 6ml","p":3.68,"u":"613,33 €/L","img":"https://fd16-photos.leclercdrive.fr/image.ashx?id=1561069&use=l&cat=p&typeid=i","cat":298252},{"id":89160,"n":"Recharge liquide nettoyant Swiffer WetJet - 1.25L","p":4.69,"pp":2.81,"u":"2,25 €/L","img":"https://fd16-photos.leclercdrive.fr/image.ashx?id=2867800&use=l&cat=p&typeid=i","cat":325364},{"id":89198,"n":"Eau gazeuse aromatisée Badoit Citron menthe - 1L","p":1.29,"u":"1,29 €/L","img":"https://fd16-photos.leclercdrive.fr/image.ashx?id=2730661&use=l&cat=p&typeid=i","cat":284536},{"id":89336,"n":"Cire coiffante Vitanove Effet mat - 75ml","p":2.27,"u":"30,27 €/L","img":"https://fd16-photos.leclercdrive.fr/image.ashx?id=2791314&use=l&cat=p&typeid=i","cat":284609},{"id":89337,"n":"Cire coiffante Vitanove Brillance - 75ml","p":2.27,"u":"30,27 €/L","img":"https://fd16-photos.leclercdrive.fr/image.ashx?id=2780683&use=l&cat=p&typeid=i","cat":284609},{"id":89338,"n":"Soin anti-rides Inell Q10 Jour - 50ml","p":2.49,"u":"49,80 €/L","img":"https://fd16-photos.leclercdrive.fr/image.ashx?id=2822132&use=l&cat=p&typeid=i","cat":325345},{"id":89344,"n":"Serviettes Normal Doulys Ultra mince - x28","p":2.42,"u":"0,09 €/P","img":"https://fd16-photos.leclercdrive.fr/image.ashx?id=2789143&use=l&cat=p&typeid=i","cat":284624},{"id":89346,"n":"Serviettes Nuit Doulys Ultra mince - x20","p":2.55,"u":"0,13 €/P","img":"https://fd16-photos.leclercdrive.fr/image.ashx?id=2839935&use=l&cat=p&typeid=i","cat":284624},{"id":89503,"n":"Mélange de fruits secs  Seeberger - 150g","p":2.53,"u":"16,87 €/KG","img":"https://fd16-photos.leclercdrive.fr/image.ashx?id=2950636&use=l&cat=p&typeid=i","cat":316002},{"id":89506,"n":"Oeufs Plein air  Eco + x12","p":2.59,"u":"0,22 €/P","img":"https://fd16-photos.leclercdrive.fr/image.ashx?id=2696244&use=l&cat=p&typeid=i","cat":284378},{"id":89515,"n":"Velouté de légumes Régal Soupe Instantané - 64g","p":1.35,"u":"21,09 €/KG","img":"https://fd16-photos.leclercdrive.fr/image.ashx?id=2865083&use=l&cat=p&typeid=i","cat":293527},{"id":89520,"n":"Mouliné 10 légumes Régal Soupe Instantané - 80g","p":1.39,"u":"17,38 €/KG","img":"https://fd16-photos.leclercdrive.fr/image.ashx?id=1886623&use=l&cat=p&typeid=i","cat":293527},{"id":89695,"n":"Poulet Weight Watchers Curry-coco - 300g","p":3.41,"u":"11,37 €/KG","img":"https://fd16-photos.leclercdrive.fr/image.ashx?id=2827203&use=l&cat=p&typeid=i","cat":333665},{"id":89899,"n":"Crème Chantilly Isigny Vanille de Madagascar - 500g","p":4.29,"u":"8,58 €/KG","img":"https://fd16-photos.leclercdrive.fr/image.ashx?id=2913235&use=l&cat=p&typeid=i","cat":284382},{"id":89914,"n":"Bouillon Cube Maggi Légumes x18 - 180g","p":1.56,"u":"8,67 €/KG","img":"https://fd16-photos.leclercdrive.fr/image.ashx?id=2737039&use=l&cat=p&typeid=i","cat":288379},{"id":90090,"n":"Gnocchi à poêler Lustucru Extra Fromage 500g","p":2.91,"u":"5,82 €/KG","img":"https://fd16-photos.leclercdrive.fr/image.ashx?id=2786171&use=l&cat=p&typeid=i","cat":333682},{"id":90122,"n":"Camembert Coeur de Lion 250g","p":1.98,"u":"7,92 €/KG","img":"https://fd16-photos.leclercdrive.fr/image.ashx?id=3008185&use=l&cat=p&typeid=i","cat":314033},{"id":90182,"n":"Savon Bionaïa Lait d'anesse - 100g","p":1.72,"u":"17,20 €/KG","img":"https://fd16-photos.leclercdrive.fr/image.ashx?id=2491047&use=l&cat=p&typeid=i","cat":284597},{"id":90188,"n":"Cremio Box Sodebo Poulet à l'Emmental - 280g","p":2.26,"u":"8,07 €/KG","img":"https://fd16-photos.leclercdrive.fr/image.ashx?id=2679068&use=l&cat=p&typeid=i","cat":334983},{"id":90251,"n":"Bière blonde Secret des Moines Triple 8%vol. - 33cl","p":1.85,"u":"5,61 €/L","img":"https://fd16-photos.leclercdrive.fr/image.ashx?id=2685066&use=l&cat=p&typeid=i","cat":334872},{"id":90306,"n":"Moule à charlotte Aluminium revêtu - 18cm","p":5.5,"img":"https://fd16-photos.leclercdrive.fr/image.ashx?id=2833035&use=l&cat=p&typeid=i","cat":298490},{"id":90535,"n":"Crabe Nautilus 100% morceaux - 105g","p":5.45,"pp":3.6,"u":"34,29 €/KG","img":"https://fd16-photos.leclercdrive.fr/image.ashx?id=2647516&use=l&cat=p&typeid=i","cat":305147},{"id":90562,"n":"Yaourt bifidus Activia saveur framboise - 4x125g","p":1.76,"u":"3,52 €/KG","img":"https://fd16-photos.leclercdrive.fr/image.ashx?id=2886654&use=l&cat=p&typeid=i","cat":315000},{"id":90676,"n":"Crème dessert Mont Blanc Boîte Vanille - 570g","p":2.57,"u":"4,51 €/KG","img":"https://fd16-photos.leclercdrive.fr/image.ashx?id=3008830&use=l&cat=p&typeid=i","cat":284506},{"id":90682,"n":"Génoise P'tit Déli Fraise - 150g","p":1.41,"u":"9,40 €/KG","img":"https://fd16-photos.leclercdrive.fr/image.ashx?id=2482505&use=l&cat=p&typeid=i","cat":284489},{"id":90689,"n":"Lotus Biscoff Speculoos Biscuit Pocket 248g (16x2p)","p":2.11,"u":"8,51 €/KG","img":"https://fd16-photos.leclercdrive.fr/image.ashx?id=2694986&use=l&cat=p&typeid=i","cat":284487},{"id":90728,"n":"Effilés en sauce Purina One Saumon/carottes Junior - 4x85g","p":2.92,"u":"8,59 €/KG","img":"https://fd16-photos.leclercdrive.fr/image.ashx?id=1612554&use=l&cat=p&typeid=i","cat":285286},{"id":90750,"n":"Déodorant homme bille Sanex Men Natur Protect Respect - 50ml","p":3.05,"u":"61,00 €/L","img":"https://fd16-photos.leclercdrive.fr/image.ashx?id=2684644&use=l&cat=p&typeid=i","cat":284618},{"id":90810,"n":"Soupe Liquide Bouteille Liebig  Velouté 5 Légumes - 75cl","p":2.47,"u":"3,29 €/L","img":"https://fd16-photos.leclercdrive.fr/image.ashx?id=2842552&use=l&cat=p&typeid=i","cat":284462},{"id":90843,"n":"Café moulu Grand Mère Familial - 4x250g","p":13.24,"u":"13,24 €/KG","img":"https://fd16-photos.leclercdrive.fr/image.ashx?id=1755049&use=l&cat=p&typeid=i","cat":284750},{"id":90887,"n":"Whisky Japonais Akashi blend Sous étui - 40% vol. - 50cl","p":30.57,"u":"61,14 €/L","img":"https://fd16-photos.leclercdrive.fr/image.ashx?id=2860508&use=l&cat=p&typeid=i","cat":284547},{"id":91019,"n":"Pastis de Marseille Sigale 45%vol. - 50cl","p":9.89,"u":"19,78 €/L","img":"https://fd16-photos.leclercdrive.fr/image.ashx?id=2637820&use=l&cat=p&typeid=i","cat":284548},{"id":91020,"n":"Gin Brighton's London Dry 37,5%vol. - 70cl","p":9.96,"u":"14,23 €/L","img":"https://fd16-photos.leclercdrive.fr/image.ashx?id=2869838&use=l&cat=p&typeid=i","cat":284550},{"id":91022,"n":"Vodka Boriskov Pure grain 37.5%vol - 70cl","p":9.95,"u":"14,21 €/L","img":"https://fd16-photos.leclercdrive.fr/image.ashx?id=2805009&use=l&cat=p&typeid=i","cat":284550},{"id":91173,"n":"Sachet fraicheur chat Sheba Poulet saumon en sauce - 6x50g","p":2.8,"u":"9,33 €/KG","img":"https://fd16-photos.leclercdrive.fr/image.ashx?id=2850159&use=l&cat=p&typeid=i","cat":285286},{"id":91176,"n":"Lait Démaquillant Nivea Visage&Yeux Camomille - 200ml","p":4.02,"u":"20,10 €/L","img":"https://fd16-photos.leclercdrive.fr/image.ashx?id=2836097&use=l&cat=p&typeid=i","cat":284603},{"id":91177,"n":"Démaquillant Yeux biphase Nivea Sensibles Waterproof - 125ml","p":2.65,"u":"21,20 €/L","img":"https://fd16-photos.leclercdrive.fr/image.ashx?id=2953944&use=l&cat=p&typeid=i","cat":284603},{"id":91178,"n":"Crème visage Jour FPS 15 Nivea Nourrissante Peau Sèche - 50ml","p":4.19,"u":"83,80 €/L","img":"https://fd16-photos.leclercdrive.fr/image.ashx?id=3014605&use=l&cat=p&typeid=i","cat":325345},{"id":91232,"n":"Thé vert Twinings Pamplemousse Citron x20 - 32g","p":2.68,"u":"83,75 €/KG","img":"https://fd16-photos.leclercdrive.fr/image.ashx?id=2906766&use=l&cat=p&typeid=i","cat":293233},{"id":91250,"n":"Saucisson nostrano  120g","p":4.5,"u":"37,50 €/KG","img":"https://fd16-photos.leclercdrive.fr/image.ashx?id=2240958&use=l&cat=p&typeid=i","cat":316007},{"id":91251,"n":"Riz au lait La Laitière Vanille 4x115g + 2 offerts","p":1.69,"u":"2,45 €/KG","img":"https://fd16-photos.leclercdrive.fr/image.ashx?id=2532469&use=l&cat=p&typeid=i","cat":284418},{"id":91296,"n":"Assortiment chocolats Equador Fins - 195g","p":5.15,"u":"26,41 €/KG","img":"https://fd16-photos.leclercdrive.fr/image.ashx?id=3001214&use=l&cat=p&typeid=i","cat":327595},{"id":91462,"n":"Marrons glacés Equador Morceaux - 250g","p":6.6,"u":"26,40 €/KG","img":"https://fd16-photos.leclercdrive.fr/image.ashx?id=2228013&use=l&cat=p&typeid=i","cat":327603},{"id":91482,"n":"Riz Comptoir du Grain Champignons 2 min - 250g","p":1.22,"u":"4,88 €/KG","img":"https://fd16-photos.leclercdrive.fr/image.ashx?id=2856561&use=l&cat=p&typeid=i","cat":287600},{"id":91485,"n":"Riz long Comptoir du Grain Express 2 min - 250g","p":0.99,"u":"3,96 €/KG","img":"https://fd16-photos.leclercdrive.fr/image.ashx?id=2441393&use=l&cat=p&typeid=i","cat":287600},{"id":91585,"n":"Bicarbonate de soude Briochin Ecocert - 500g","p":3.7,"u":"7,40 €/KG","img":"https://fd16-photos.leclercdrive.fr/image.ashx?id=3000749&use=l&cat=p&typeid=i","cat":325365},{"id":91603,"n":"Gel pur So Bio Etic Aloe Vera bio - 125ml","p":8.29,"u":"66,32 €/L","img":"https://fd16-photos.leclercdrive.fr/image.ashx?id=2802497&use=l&cat=p&typeid=i","cat":325345},{"id":91679,"n":"Raclette plaque Dr.Beckmann Vitro-céramique - 1 pièce","p":4.3,"img":"https://fd16-photos.leclercdrive.fr/image.ashx?id=1868017&use=l&cat=p&typeid=i","cat":284667},{"id":91796,"n":"Préfou de Vendée NRT Au chèvre affiné - 280g","p":3.75,"u":"13,39 €/KG","img":"https://fd16-photos.leclercdrive.fr/image.ashx?id=2743900&use=l&cat=p&typeid=i","cat":316003},{"id":91805,"n":"petit suisse aux fruits danonino - 18x50g","p":3.55,"u":"3,94 €/KG","img":"https://fd16-photos.leclercdrive.fr/image.ashx?id=3003137&use=l&cat=p&typeid=i","cat":284414},{"id":91807,"n":"petit suisse aux fruits danonino - 12x50g","p":2.4,"u":"4,00 €/KG","img":"https://fd16-photos.leclercdrive.fr/image.ashx?id=3003140&use=l&cat=p&typeid=i","cat":284414},{"id":91867,"n":"Desperados Mojito Pack 6x33cl","p":9.35,"u":"4,72 €/L","img":"https://fd16-photos.leclercdrive.fr/image.ashx?id=2651080&use=l&cat=p&typeid=i","cat":334878},{"id":91907,"n":"Assortiment Copains Copines Tubo gélifie acide - 600g","p":3.69,"u":"6,15 €/KG","img":"https://fd16-photos.leclercdrive.fr/image.ashx?id=2417219&use=l&cat=p&typeid=i","cat":304250},{"id":92027,"n":"Tablette chocolat au lait Lindt Caramel Pointe de sel - 100g","p":2.39,"u":"23,90 €/KG","img":"https://fd16-photos.leclercdrive.fr/image.ashx?id=2750384&use=l&cat=p&typeid=i","cat":284497},{"id":92247,"n":"Nettoyant spray La Croix Désinfectant Javel Frais -500ml","p":1.51,"u":"3,02 €/L","img":"https://fd16-photos.leclercdrive.fr/image.ashx?id=2471601&use=l&cat=p&typeid=i","cat":325357},{"id":92255,"n":"Soupe liquide brique Liebig  Courgettes Vache Qui Rit 2x30cl","p":2.95,"u":"4,92 €/L","img":"https://fd16-photos.leclercdrive.fr/image.ashx?id=2175518&use=l&cat=p&typeid=i","cat":284462},{"id":92275,"n":"Asperges vertes Notre Jardin Pointes bocal - 100g","p":3.65,"u":"36,50 €/KG","img":"https://fd16-photos.leclercdrive.fr/image.ashx?id=2072716&use=l&cat=p&typeid=i","cat":312611},{"id":92351,"n":"Crème mains Inell Réparatrice - 100ml","p":1.45,"u":"14,50 €/L","img":"https://fd16-photos.leclercdrive.fr/image.ashx?id=2822135&use=l&cat=p&typeid=i","cat":325354},{"id":92356,"n":"Serviettes Hygieniques Vania  Maxi confort super - x16","p":1.78,"u":"0,11 €/P","img":"https://fd16-photos.leclercdrive.fr/image.ashx?id=2908168&use=l&cat=p&typeid=i","cat":284624},{"id":92529,"n":"Échalotes traditionnelles bio  Bio Village - 250g","p":1.99,"u":"7,96 €/KG","img":"https://fd16-photos.leclercdrive.fr/image.ashx?id=2922454&use=l&cat=p&typeid=i","cat":284352},{"id":92530,"n":"Cidre fermier Doux NRT IGP  De Bretagne - 3%vol - 75cl","p":3.34,"u":"4,45 €/L","img":"https://fd16-photos.leclercdrive.fr/image.ashx?id=2791117&use=l&cat=p&typeid=i","cat":334880},{"id":92533,"n":"Céréales Quaker Cruesli Chocolat au lait - 450g","p":2.89,"u":"6,42 €/KG","img":"https://fd16-photos.leclercdrive.fr/image.ashx?id=2212156&use=l&cat=p&typeid=i","cat":309512},{"id":92761,"n":"Sacs poubelle 10L Eco+ Salle de bain - x30","p":1.08,"u":"0,04 €/P","img":"https://fd16-photos.leclercdrive.fr/image.ashx?id=2755052&use=l&cat=p&typeid=i","cat":285168},{"id":92780,"n":"Bière blonde Heineken 6x25cl","p":4.35,"u":"2,90 €/L","img":"https://fd16-photos.leclercdrive.fr/image.ashx?id=3011077&use=l&cat=p&typeid=i","cat":334873},{"id":92782,"n":"Thé glacé Fuze Tea Saveur pêche - 1.25L","p":1.51,"u":"1,21 €/L","img":"https://fd16-photos.leclercdrive.fr/image.ashx?id=2940390&use=l&cat=p&typeid=i","cat":295019},{"id":92818,"n":"Tablette lave-vaisselle Rainett Tout en 1 Bicarbonate x30 -600g","p":5.14,"u":"8,57 €/KG","img":"https://fd16-photos.leclercdrive.fr/image.ashx?id=2506477&use=l&cat=p&typeid=i","cat":284656},{"id":92832,"n":"Chips à l'ancienne Vico 6x30g","p":2.74,"u":"15,22 €/KG","img":"https://fd16-photos.leclercdrive.fr/image.ashx?id=2733931&use=l&cat=p&typeid=i","cat":284447},{"id":92841,"n":"Huile de tournesol Rustica 50cl","p":1.39,"u":"2,78 €/L","img":"https://fd16-photos.leclercdrive.fr/image.ashx?id=2900349&use=l&cat=p&typeid=i","cat":284453},{"id":92842,"n":"Mélange 4 huiles Rustica Végétales - 50cl","p":1.79,"u":"3,58 €/L","img":"https://fd16-photos.leclercdrive.fr/image.ashx?id=2508885&use=l&cat=p&typeid=i","cat":284453},{"id":92861,"n":"Crème Visage Jour FPS 15 Nivea Hydratante - 50ml","p":4.08,"u":"81,60 €/L","img":"https://fd16-photos.leclercdrive.fr/image.ashx?id=3015335&use=l&cat=p&typeid=i","cat":325345},{"id":92908,"n":"Raclette Entremont Saveur d'antan - 700g","p":8.9,"u":"12,71 €/KG","img":"https://fd16-photos.leclercdrive.fr/image.ashx?id=2951752&use=l&cat=p&typeid=i","cat":314037},{"id":93022,"n":"Bière blonde Heineken 20x25cl","p":12.2,"u":"2,44 €/L","img":"https://fd16-photos.leclercdrive.fr/image.ashx?id=3011074&use=l&cat=p&typeid=i","cat":334873},{"id":93023,"n":"Bière blonde Heineken 12x25cl","p":7.53,"u":"2,51 €/L","img":"https://fd16-photos.leclercdrive.fr/image.ashx?id=3011080&use=l&cat=p&typeid=i","cat":334873},{"id":93031,"n":"Raclette nature Les croisés Sans croute - 700g","p":6.79,"u":"9,70 €/KG","img":"https://fd16-photos.leclercdrive.fr/image.ashx?id=2856335&use=l&cat=p&typeid=i","cat":314037},{"id":93032,"n":"Saucisson Justin Bridou Bâton de Berger Nature 250g","p":3.97,"u":"15,88 €/KG","img":"https://fd16-photos.leclercdrive.fr/image.ashx?id=2921313&use=l&cat=p&typeid=i","cat":316006},{"id":93033,"n":"Saucisson Fuet César Moroni  170g","p":3.17,"u":"18,65 €/KG","img":"https://fd16-photos.leclercdrive.fr/image.ashx?id=2916138&use=l&cat=p&typeid=i","cat":316006},{"id":93037,"n":"Saucisson sec Tranché Cochonou 30 tranches - 93g","p":1.65,"u":"17,74 €/KG","img":"https://fd16-photos.leclercdrive.fr/image.ashx?id=2924104&use=l&cat=p&typeid=i","cat":316007},{"id":93038,"n":"Jambon cru 4 tranches Aoste sans conservateur - 100g","p":3.99,"u":"39,90 €/KG","img":"https://fd16-photos.leclercdrive.fr/image.ashx?id=2937187&use=l&cat=p&typeid=i","cat":316007},{"id":93041,"n":"Fromage Caprice Des Dieux 300g","p":3.61,"u":"12,03 €/KG","img":"https://fd16-photos.leclercdrive.fr/image.ashx?id=2763178&use=l&cat=p&typeid=i","cat":314033},{"id":93089,"n":"Cidre fermier Brut NRT IGP  De Bretagne - 3%vol - 75cl","p":3.34,"u":"4,45 €/L","img":"https://fd16-photos.leclercdrive.fr/image.ashx?id=2791114&use=l&cat=p&typeid=i","cat":334880},{"id":93109,"n":"Bière Desperados Pack de 6x33cl","p":7.22,"u":"3,65 €/L","img":"https://fd16-photos.leclercdrive.fr/image.ashx?id=2999865&use=l&cat=p&typeid=i","cat":334878},{"id":93111,"n":"Camembert Le Rustique  250g","p":2.33,"u":"9,32 €/KG","img":"https://fd16-photos.leclercdrive.fr/image.ashx?id=2979722&use=l&cat=p&typeid=i","cat":314033},{"id":93112,"n":"Coulommiers Cœur de Lion  350g","p":2.62,"u":"7,49 €/KG","img":"https://fd16-photos.leclercdrive.fr/image.ashx?id=2766286&use=l&cat=p&typeid=i","cat":314033},{"id":93121,"n":"Escalope Cordon Bleu Père Dodu  Dinde x4 - 400g - Familial","p":5.11,"u":"12,78 €/KG","img":"https://fd16-photos.leclercdrive.fr/image.ashx?id=2957206&use=l&cat=p&typeid=i","cat":333683},{"id":93193,"n":"Langue de boeuf sauce piquante Charal -  300g","p":5.9,"u":"19,67 €/KG","img":"https://fd16-photos.leclercdrive.fr/image.ashx?id=1987902&use=l&cat=p&typeid=i","cat":333665},{"id":93203,"n":"Lessive concentrée Epsil Pure fraîcheur x28 - 980ml","p":3.29,"u":"3,36 €/L","img":"https://fd16-photos.leclercdrive.fr/image.ashx?id=2450047&use=l&cat=p&typeid=i","cat":284640},{"id":93243,"n":"Dissolvant Inell Semi-permanent - 150ml","p":1.42,"u":"9,47 €/L","img":"https://fd16-photos.leclercdrive.fr/image.ashx?id=2691682&use=l&cat=p&typeid=i","cat":325347},{"id":93244,"n":"Sauce bolognaise Panzani 425g","p":1.87,"u":"4,40 €/KG","img":"https://fd16-photos.leclercdrive.fr/image.ashx?id=2989096&use=l&cat=p&typeid=i","cat":287599},{"id":93246,"n":"Assortiment Copains Copines Fraises bananes - 250g","p":1.19,"u":"4,76 €/KG","img":"https://fd16-photos.leclercdrive.fr/image.ashx?id=2934724&use=l&cat=p&typeid=i","cat":304250},{"id":93310,"n":"Yaourt bifidus Activia vanille - 12x125g","p":4.24,"u":"2,83 €/KG","img":"https://fd16-photos.leclercdrive.fr/image.ashx?id=2999835&use=l&cat=p&typeid=i","cat":315000},{"id":93348,"n":"Assortiment 26%mg Les croisés 3 Variétés ss croûte - 700g","p":9.74,"u":"13,91 €/KG","img":"https://fd16-photos.leclercdrive.fr/image.ashx?id=2793269&use=l&cat=p&typeid=i","cat":314037},{"id":93402,"n":"Bière Blonde Heineken 5% vol - 65cl","p":1.8,"u":"2,77 €/L","img":"https://fd16-photos.leclercdrive.fr/image.ashx?id=3008119&use=l&cat=p&typeid=i","cat":334873},{"id":93403,"n":"Bières Desperados 6x33cl","p":7.58,"u":"3,83 €/L","img":"https://fd16-photos.leclercdrive.fr/image.ashx?id=2977963&use=l&cat=p&typeid=i","cat":334853},{"id":93418,"n":"Bière blonde La Goudale Rhum finish - 7,9% vol. - 75cl","p":4.05,"u":"5,40 €/L","img":"https://fd16-photos.leclercdrive.fr/image.ashx?id=2020428&use=l&cat=p&typeid=i","cat":334872},{"id":93467,"n":"Crème UHT Elle&Vire Semi-Ep. Entière - 30% MG - 2x25cl","p":4.34,"u":"17,36 €/L","img":"https://fd16-photos.leclercdrive.fr/image.ashx?id=2827893&use=l&cat=p&typeid=i","cat":284381},{"id":93487,"n":"Rhum Blanc Isautier Traditionnel - 40%vol - BIB 3L","p":55.36,"u":"18,45 €/L","img":"https://fd16-photos.leclercdrive.fr/image.ashx?id=2533685&use=l&cat=p&typeid=i","cat":284550},{"id":93514,"n":"Frites de poulet Maître Coq 1 kg","p":5.8,"u":"5,80 €/KG","img":"https://fd16-photos.leclercdrive.fr/image.ashx?id=2939478&use=l&cat=p&typeid=i","cat":319780},{"id":93596,"n":"Cidre bouché Envies De Doux - 75cl","p":2.59,"u":"3,45 €/L","img":"https://fd16-photos.leclercdrive.fr/image.ashx?id=2908978&use=l&cat=p&typeid=i","cat":334880},{"id":93624,"n":"Papier toilette Mimosa Blanc 3 plis - x12","p":4.61,"u":"0,38 €/P","img":"https://fd16-photos.leclercdrive.fr/image.ashx?id=2777863&use=l&cat=p&typeid=i","cat":284634},{"id":93625,"n":"Papier toilette Mimosa Rose 3 plis - x12","p":4.69,"u":"0,39 €/P","img":"https://fd16-photos.leclercdrive.fr/image.ashx?id=2778758&use=l&cat=p&typeid=i","cat":284634},{"id":93700,"n":"Tablette chocolat Côte d'Or Chocolat lait praliné - 200g","p":2.9,"u":"14,50 €/KG","img":"https://fd16-photos.leclercdrive.fr/image.ashx?id=2850222&use=l&cat=p&typeid=i","cat":284497},{"id":93788,"n":"Escalope Cordon Bleu Père Dodu  Poulet x2 - 200g","p":2.17,"u":"10,85 €/KG","img":"https://fd16-photos.leclercdrive.fr/image.ashx?id=2957170&use=l&cat=p&typeid=i","cat":333683},{"id":93842,"n":"Coton rectangle bébé Eco+ x200","p":3.99,"u":"0,02 €/P","img":"https://fd16-photos.leclercdrive.fr/image.ashx?id=2869760&use=l&cat=p&typeid=i","cat":284739},{"id":93851,"n":"Petit Pois Tendres et Fondants Cassegrain 280g","p":1.93,"u":"6,89 €/KG","img":"https://fd16-photos.leclercdrive.fr/image.ashx?id=2955318&use=l&cat=p&typeid=i","cat":312607},{"id":94053,"n":"Gaufrette P'tit Déli Fraise des bois - 160g","p":1.52,"u":"9,50 €/KG","img":"https://fd16-photos.leclercdrive.fr/image.ashx?id=2915299&use=l&cat=p&typeid=i","cat":284489},{"id":94163,"n":"Comté AOP Entremont Tranché - 120g","p":2.77,"u":"23,08 €/KG","img":"https://fd16-photos.leclercdrive.fr/image.ashx?id=2983141&use=l&cat=p&typeid=i","cat":314028},{"id":94164,"n":"Fromage Crèmeux Saint Albray  200g","p":2.88,"u":"14,40 €/KG","img":"https://fd16-photos.leclercdrive.fr/image.ashx?id=2731825&use=l&cat=p&typeid=i","cat":329558},{"id":94180,"n":"Croquettes chat Ultima Stérilisé sensible - 3kg","p":13.42,"u":"4,47 €/KG","img":"https://fd16-photos.leclercdrive.fr/image.ashx?id=2906580&use=l&cat=p&typeid=i","cat":284680},{"id":94189,"n":"Sachet chat sénior Perfect Fit dinde poisson sauce - 4x85g","p":3.2,"u":"9,41 €/KG","img":"https://fd16-photos.leclercdrive.fr/image.ashx?id=2759730&use=l&cat=p&typeid=i","cat":285286},{"id":94210,"n":"Raclette piment Ermitage 200g","p":2.69,"u":"13,45 €/KG","img":"https://fd16-photos.leclercdrive.fr/image.ashx?id=2416697&use=l&cat=p&typeid=i","cat":314037},{"id":94213,"n":"Raclette 3 poivres Ermitage 200g","p":2.69,"u":"13,45 €/KG","img":"https://fd16-photos.leclercdrive.fr/image.ashx?id=2831915&use=l&cat=p&typeid=i","cat":314037},{"id":94215,"n":"Raclette aux cèpes  Ermitage - 200g","p":2.69,"u":"13,45 €/KG","img":"https://fd16-photos.leclercdrive.fr/image.ashx?id=2544206&use=l&cat=p&typeid=i","cat":314037},{"id":94216,"n":"Raclette à l'italienne Ermitage 200g","p":2.69,"u":"13,45 €/KG","img":"https://fd16-photos.leclercdrive.fr/image.ashx?id=2960819&use=l&cat=p&typeid=i","cat":314037},{"id":94281,"n":"Rhum blanc Bologne 50%vol - 100cl","p":19.29,"u":"19,29 €/L","img":"https://fd16-photos.leclercdrive.fr/image.ashx?id=2876554&use=l&cat=p&typeid=i","cat":284550},{"id":94309,"n":"Croquettes chat stérilisé D’intérieur Ultima - 3kg","p":14.35,"u":"4,78 €/KG","img":"https://fd16-photos.leclercdrive.fr/image.ashx?id=2922230&use=l&cat=p&typeid=i","cat":284680},{"id":94383,"n":"Désodorisant Air Wick Fleur de lotus Relaxant - 250ml","p":3.25,"u":"13,00 €/L","img":"https://fd16-photos.leclercdrive.fr/image.ashx?id=2971930&use=l&cat=p&typeid=i","cat":311626},{"id":94486,"n":"Crackers Epi D'or 250g","p":1.28,"u":"5,12 €/KG","img":"https://fd16-photos.leclercdrive.fr/image.ashx?id=2791326&use=l&cat=p&typeid=i","cat":297000},{"id":94643,"n":"Brassé végétal Andros Framboise - 400g","p":2.61,"u":"6,53 €/KG","img":"https://fd16-photos.leclercdrive.fr/image.ashx?id=2879089&use=l&cat=p&typeid=i","cat":316071},{"id":94801,"n":"Oeufs frais De Nos Régions Élevées au Sol - x12","p":2.71,"u":"0,23 €/P","img":"https://fd16-photos.leclercdrive.fr/image.ashx?id=2969830&use=l&cat=p&typeid=i","cat":284378},{"id":94859,"n":"Yaourt à la grecque YAOS  Stracciatella - 4x125g","p":2.46,"u":"4,92 €/KG","img":"https://fd16-photos.leclercdrive.fr/image.ashx?id=2679506&use=l&cat=p&typeid=i","cat":314999},{"id":94860,"n":"Oeufs frais De Nos Régions Élevées au sol - x6","p":1.49,"u":"0,25 €/P","img":"https://fd16-photos.leclercdrive.fr/image.ashx?id=2969818&use=l&cat=p&typeid=i","cat":284378},{"id":94869,"n":"Le Yaourt à la fraise La Laitière - 4x125g","p":2.14,"u":"4,28 €/KG","img":"https://fd16-photos.leclercdrive.fr/image.ashx?id=2477949&use=l&cat=p&typeid=i","cat":286006},{"id":94922,"n":"Plat à coquilles Alfapac A coquilles Saint-Jacques - x6","p":0.96,"u":"0,16 €/P","img":"https://fd16-photos.leclercdrive.fr/image.ashx?id=2655376&use=l&cat=p&typeid=i","cat":334134},{"id":94928,"n":"AOC Bourgogne Chardonnay blanc Couvent des Visitandines 75cl","p":11.41,"u":"15,21 €/L","img":"https://fd16-photos.leclercdrive.fr/image.ashx?id=2870218&use=l&cat=p&typeid=i","cat":289557},{"id":95001,"n":"Feuilletés apéritifs  Vitacuire 80 pièces - 900g","p":7.59,"u":"8,43 €/KG","img":"https://fd16-photos.leclercdrive.fr/image.ashx?id=1643630&use=l&cat=p&typeid=i","cat":319774},{"id":95008,"n":"Mini tablettes chocolat Milka Chocolat au lait - 8x25g","p":3.47,"u":"17,35 €/KG","img":"https://fd16-photos.leclercdrive.fr/image.ashx?id=2832419&use=l&cat=p&typeid=i","cat":284497},{"id":95069,"n":"Patchs purifiants Bioré Au charbon - x6","p":4.32,"u":"0,72 €/P","img":"https://fd16-photos.leclercdrive.fr/image.ashx?id=2986819&use=l&cat=p&typeid=i","cat":325346},{"id":95112,"n":"Bière Cervoise des Ancêtres BlondeTriple - 8.5% vol. - 75cl","p":4.35,"pp":2.87,"u":"3,83 €/L","img":"https://fd16-photos.leclercdrive.fr/image.ashx?id=2021244&use=l&cat=p&typeid=i","cat":334872},{"id":95498,"n":"Sorbet Plein fruit L'Angelys Pomme verte - 500g","p":5.71,"u":"11,42 €/KG","img":"https://fd16-photos.leclercdrive.fr/image.ashx?id=1558201&use=l&cat=p&typeid=i","cat":284263},{"id":95524,"n":"Essuie-tout bobine Mimosa 500 feuilles","p":3.7,"img":"https://fd16-photos.leclercdrive.fr/image.ashx?id=1523297&use=l&cat=p&typeid=i","cat":284635},{"id":95534,"n":"Saumon fumé Ronde des Mers Ecosse x4T - 140g","p":4.99,"u":"35,64 €/KG","img":"https://fd16-photos.leclercdrive.fr/image.ashx?id=2450053&use=l&cat=p&typeid=i","cat":285188},{"id":95545,"n":"Matière grasse St Hubert Omega 3 - 52% MG - 510g","p":3.49,"u":"6,84 €/KG","img":"https://fd16-photos.leclercdrive.fr/image.ashx?id=2734072&use=l&cat=p&typeid=i","cat":315229},{"id":95547,"n":"Matière grasse St Hubert Omega 3 - 52% MG - 510g","p":3.49,"u":"6,84 €/KG","img":"https://fd16-photos.leclercdrive.fr/image.ashx?id=2734075&use=l&cat=p&typeid=i","cat":315229},{"id":95548,"n":"Rillettes de sardine 140g","p":1.77,"u":"12,64 €/KG","img":"https://fd16-photos.leclercdrive.fr/image.ashx?id=2981885&use=l&cat=p&typeid=i","cat":285191},{"id":95564,"n":"Crème fraîche légère Yoplait Fleurette 15% mg - 38cl","p":1.84,"u":"4,84 €/L","img":"https://fd16-photos.leclercdrive.fr/image.ashx?id=2733664&use=l&cat=p&typeid=i","cat":284381},{"id":95586,"n":"Eau micellaire bio SoBio Etic Peau sensible aloé véra - 500ml","p":7.64,"u":"15,28 €/L","img":"https://fd16-photos.leclercdrive.fr/image.ashx?id=2801905&use=l&cat=p&typeid=i","cat":284603},{"id":95805,"n":"Gourmandises de volaille Maître Coq - Figues - 380g","p":8.99,"u":"23,66 €/KG","img":"https://fd16-photos.leclercdrive.fr/image.ashx?id=2962506&use=l&cat=p&typeid=i","cat":327289},{"id":95806,"n":"Gourmandises de volaille  Maître Coq - Pruneaux - 380g","p":8.99,"u":"23,66 €/KG","img":"https://fd16-photos.leclercdrive.fr/image.ashx?id=2962509&use=l&cat=p&typeid=i","cat":327289},{"id":95945,"n":"Pommes bicolores Panier du Primeur Barquette x6","p":2.49,"u":"0,42 €/P","img":"https://fd16-photos.leclercdrive.fr/image.ashx?id=2553920&use=l&cat=p&typeid=i","cat":284356},{"id":95947,"n":"Pommes jaunes Panier du Primeur x6","p":2.49,"u":"0,42 €/P","img":"https://fd16-photos.leclercdrive.fr/image.ashx?id=2338700&use=l&cat=p&typeid=i","cat":284356},{"id":95950,"n":"Soda cola Dr Pepper Réduit en calories - 1.5L","p":2.48,"u":"1,65 €/L","img":"https://fd16-photos.leclercdrive.fr/image.ashx?id=2024702&use=l&cat=p&typeid=i","cat":284533},{"id":95974,"n":"Bière blonde Bud 5% - 12x25cl","p":8.54,"u":"2,85 €/L","img":"https://fd16-photos.leclercdrive.fr/image.ashx?id=2995406&use=l&cat=p&typeid=i","cat":334873},{"id":95975,"n":"Liquide vaisselle Visior Pomme poire - 750ml","p":1.19,"u":"1,59 €/L","img":"https://fd16-photos.leclercdrive.fr/image.ashx?id=2872718&use=l&cat=p&typeid=i","cat":284655},{"id":95976,"n":"Liquide vaisselle Visior Fruit rouge & Fleur - 750ml","p":1.19,"u":"1,59 €/L","img":"https://fd16-photos.leclercdrive.fr/image.ashx?id=2724586&use=l&cat=p&typeid=i","cat":284655},{"id":95977,"n":"Liquide vaisselle Visior Amande Calendula - 750ml","p":1.26,"u":"1,68 €/L","img":"https://fd16-photos.leclercdrive.fr/image.ashx?id=2872721&use=l&cat=p&typeid=i","cat":284655},{"id":95978,"n":"Liquide vaisselle Visior Pamplemousse vinaigre - 750ml","p":1.3,"u":"1,73 €/L","img":"https://fd16-photos.leclercdrive.fr/image.ashx?id=2898859&use=l&cat=p&typeid=i","cat":284655},{"id":95979,"n":"Gel douche Manava Orchidée Camélia - 250ml","p":1.15,"u":"4,60 €/L","img":"https://fd16-photos.leclercdrive.fr/image.ashx?id=2805033&use=l&cat=p&typeid=i","cat":284594},{"id":96057,"n":"Café grains Méo Espresso - 1kg","p":16.5,"u":"16,50 €/KG","img":"https://fd16-photos.leclercdrive.fr/image.ashx?id=2593977&use=l&cat=p&typeid=i","cat":293237},{"id":96089,"n":"Gel douche Manava Citron basilic - 250ml","p":1.15,"u":"4,60 €/L","img":"https://fd16-photos.leclercdrive.fr/image.ashx?id=2626823&use=l&cat=p&typeid=i","cat":284594},{"id":96091,"n":"Gel douche Manava Concombre aloe vera - 250ml","p":1.18,"u":"4,72 €/L","img":"https://fd16-photos.leclercdrive.fr/image.ashx?id=2626826&use=l&cat=p&typeid=i","cat":284594},{"id":96094,"n":"Gel douche Manava Mangue Acai - 250ml","p":1.15,"u":"4,60 €/L","img":"https://fd16-photos.leclercdrive.fr/image.ashx?id=2805036&use=l&cat=p&typeid=i","cat":284594},{"id":96095,"n":"Gel douche Manava Envolée de pétales - 250ml","p":1.15,"u":"4,60 €/L","img":"https://fd16-photos.leclercdrive.fr/image.ashx?id=1980232&use=l&cat=p&typeid=i","cat":284594},{"id":96096,"n":"Gel douche Manava Crumble fruits rouges - 250ml","p":1.29,"u":"5,16 €/L","img":"https://fd16-photos.leclercdrive.fr/image.ashx?id=2486464&use=l&cat=p&typeid=i","cat":284594},{"id":96097,"n":"Gel douche Manava Noisettes caramel - 250ml","p":1.3,"u":"5,20 €/L","img":"https://fd16-photos.leclercdrive.fr/image.ashx?id=2805039&use=l&cat=p&typeid=i","cat":284594},{"id":96131,"n":"Soda Eco+ Gout orange - 1.5L","p":0.37,"u":"0,25 €/L","img":"https://fd16-photos.leclercdrive.fr/image.ashx?id=2741595&use=l&cat=p&typeid=i","cat":284532},{"id":96284,"n":"Pois chiches - 3x130g","p":1.65,"u":"4,23 €/KG","img":"https://fd16-photos.leclercdrive.fr/image.ashx?id=3002626&use=l&cat=p&typeid=i","cat":312609},{"id":96288,"n":"Donuts noisette Curly  100g","p":1.2,"u":"12,00 €/KG","img":"https://fd16-photos.leclercdrive.fr/image.ashx?id=2859398&use=l&cat=p&typeid=i","cat":284449},{"id":96289,"n":"Biscuit apéritif ancel Sticks Bretzels Original - 300g","p":1.8,"u":"6,00 €/KG","img":"https://fd16-photos.leclercdrive.fr/image.ashx?id=2841196&use=l&cat=p&typeid=i","cat":297000},{"id":96601,"n":"Dosettes Café Carte Noire  Arabica Espresso n°8 x60 - 420g","p":9.44,"u":"22,48 €/KG","img":"https://fd16-photos.leclercdrive.fr/image.ashx?id=2922188&use=l&cat=p&typeid=i","cat":293238},{"id":96777,"n":"Crème mains Inell Hydratante - 100ml","p":1.35,"u":"13,50 €/L","img":"https://fd16-photos.leclercdrive.fr/image.ashx?id=2515688&use=l&cat=p&typeid=i","cat":325354},{"id":96832,"n":"Mini viennoiseries Epi d'Or x12 - 372g","p":4.23,"u":"11,37 €/KG","img":"https://fd16-photos.leclercdrive.fr/image.ashx?id=1879302&use=l&cat=p&typeid=i","cat":288858},{"id":96838,"n":"Beurre de saumon Cruscana 100g","p":2.19,"u":"21,90 €/KG","img":"https://fd16-photos.leclercdrive.fr/image.ashx?id=1933983&use=l&cat=p&typeid=i","cat":305147},{"id":96857,"n":"15 bottes du Père Noël Escal Pommes de terre - 525g","p":3.95,"u":"7,52 €/KG","img":"https://fd16-photos.leclercdrive.fr/image.ashx?id=2628842&use=l&cat=p&typeid=i","cat":319792},{"id":96858,"n":"Bonhommes de Neige Escal Pommes de terre - 525g","p":3.95,"u":"7,52 €/KG","img":"https://fd16-photos.leclercdrive.fr/image.ashx?id=1667716&use=l&cat=p&typeid=i","cat":319792},{"id":96935,"n":"Saumon fumé Ronde des Mers Ecosse x2T - 75g","p":3.99,"u":"53,20 €/KG","img":"https://fd16-photos.leclercdrive.fr/image.ashx?id=2823093&use=l&cat=p&typeid=i","cat":285188},{"id":96959,"n":"Pains au chocolat Epi d'Or x6 - 450g","p":2.95,"u":"6,56 €/KG","img":"https://fd16-photos.leclercdrive.fr/image.ashx?id=1983598&use=l&cat=p&typeid=i","cat":284267},{"id":96963,"n":"Maxi Cheeseburgers Charal 2x235g - 470g","p":6.42,"u":"27,32 €/KG","img":"https://fd16-photos.leclercdrive.fr/image.ashx?id=2741949&use=l&cat=p&typeid=i","cat":319822},{"id":96964,"n":"Merguez Eco+ x6 - 330g","p":3.01,"u":"9,12 €/KG","img":"https://fd16-photos.leclercdrive.fr/image.ashx?id=2580502&use=l&cat=p&typeid=i","cat":284334},{"id":96966,"n":"Chipolatas Eco+ x6 - 330g","p":2.5,"u":"7,58 €/KG","img":"https://fd16-photos.leclercdrive.fr/image.ashx?id=2580499&use=l&cat=p&typeid=i","cat":284334},{"id":97031,"n":"Yaourt à la grecque Délisse Café - 4x150g","p":2.49,"u":"4,15 €/KG","img":"https://fd16-photos.leclercdrive.fr/image.ashx?id=2883017&use=l&cat=p&typeid=i","cat":314999},{"id":97060,"n":"Tagada Haribo Sachet bonbons - 400g","p":1.7,"u":"4,25 €/KG","img":"https://fd16-photos.leclercdrive.fr/image.ashx?id=2801854&use=l&cat=p&typeid=i","cat":304250},{"id":97124,"n":"Manchons de poulet Eco+ 250g","p":2.03,"u":"8,12 €/KG","img":"https://fd16-photos.leclercdrive.fr/image.ashx?id=2742676&use=l&cat=p&typeid=i","cat":333685},{"id":97130,"n":"Manchons de poulet Eco+ Mexicains - 250g","p":2.01,"u":"8,04 €/KG","img":"https://fd16-photos.leclercdrive.fr/image.ashx?id=2903929&use=l&cat=p&typeid=i","cat":333685},{"id":97667,"n":"Thé russian Twinings Earl grey x20 - 30g","p":2.56,"u":"85,33 €/KG","img":"https://fd16-photos.leclercdrive.fr/image.ashx?id=2878306&use=l&cat=p&typeid=i","cat":293233},{"id":97713,"n":"Soda Tonic Sprink's 6x33cl","p":2.49,"u":"1,26 €/L","img":"https://fd16-photos.leclercdrive.fr/image.ashx?id=2956768&use=l&cat=p&typeid=i","cat":284531},{"id":98098,"n":"Liquide vaisselle Visior Antiodeur - 500ml","p":0.64,"u":"1,28 €/L","img":"https://fd16-photos.leclercdrive.fr/image.ashx?id=2951122&use=l&cat=p&typeid=i","cat":284655},{"id":98114,"n":"Serviettes Doulys Normal+ Teenage - x14","p":1.29,"u":"0,09 €/P","img":"https://fd16-photos.leclercdrive.fr/image.ashx?id=2839938&use=l&cat=p&typeid=i","cat":284624},{"id":98251,"n":"Liquide Vaisselle Brillance  VISIOR - 500ml","p":0.64,"u":"1,28 €/L","img":"https://fd16-photos.leclercdrive.fr/image.ashx?id=2951125&use=l&cat=p&typeid=i","cat":284655},{"id":98252,"n":"Liquide vaisselle Visior Antibactérien - 500ml","p":0.64,"u":"1,28 €/L","img":"https://fd16-photos.leclercdrive.fr/image.ashx?id=2951131&use=l&cat=p&typeid=i","cat":284655},{"id":98253,"n":"Liquide vaisselle Visior Désincrustant sel - 500ml","p":0.64,"u":"1,28 €/L","img":"https://fd16-photos.leclercdrive.fr/image.ashx?id=2951128&use=l&cat=p&typeid=i","cat":284655},{"id":98417,"n":"Liquide vaisselle floral Visior 500ml","p":0.64,"u":"1,28 €/L","img":"https://fd16-photos.leclercdrive.fr/image.ashx?id=2951134&use=l&cat=p&typeid=i","cat":284655},{"id":98426,"n":"Spécial mie Epi d'Or Nature - 780g","p":2.14,"u":"2,74 €/KG","img":"https://fd16-photos.leclercdrive.fr/image.ashx?id=3012863&use=l&cat=p&typeid=i","cat":284477},{"id":98427,"n":"Spécial mie longue 2pi d'Or Conservation - 400g","p":1.59,"u":"3,98 €/KG","img":"https://fd16-photos.leclercdrive.fr/image.ashx?id=3012866&use=l&cat=p&typeid=i","cat":284477},{"id":98429,"n":"Petits pains précuits Epi d'Or 4x75g","p":1.57,"u":"5,23 €/KG","img":"https://fd16-photos.leclercdrive.fr/image.ashx?id=2956966&use=l&cat=p&typeid=i","cat":325069},{"id":98437,"n":"Chorizo fort Eco+ 250g","p":1.63,"u":"6,52 €/KG","img":"https://fd16-photos.leclercdrive.fr/image.ashx?id=2849563&use=l&cat=p&typeid=i","cat":316006},{"id":98443,"n":"Soda Coca-Cola Original Bouteille - Pack 6x1L","p":10.2,"u":"1,70 €/L","img":"https://fd16-photos.leclercdrive.fr/image.ashx?id=2830897&use=l&cat=p&typeid=i","cat":284530},{"id":98564,"n":"Foie gras de canard mi-cuit en terrine - 200g","p":15.97,"u":"79,85 €/KG","img":"https://fd16-photos.leclercdrive.fr/image.ashx?id=2631159&use=l&cat=p&typeid=i","cat":316008},{"id":98566,"n":"Foie gras canard entier mi-cuit au poivre - IGP sud ouest 200g","p":15.97,"u":"79,85 €/KG","img":"https://fd16-photos.leclercdrive.fr/image.ashx?id=2600728&use=l&cat=p&typeid=i","cat":316008},{"id":98568,"n":"Foie gras canard entier  Du Sud-Ouest au piment - 200g","p":15.97,"u":"79,85 €/KG","img":"https://fd16-photos.leclercdrive.fr/image.ashx?id=2631162&use=l&cat=p&typeid=i","cat":316008},{"id":98717,"n":"Crème Fraîche Elle&Vire Fleurette Entière -31% MG- 33cl","p":2.16,"u":"6,55 €/L","img":"https://fd16-photos.leclercdrive.fr/image.ashx?id=2992095&use=l&cat=p&typeid=i","cat":284381},{"id":98807,"n":"Purée fruit bébé Blédina 6 mois Pomme cerise vanille - 4x100g","p":1.79,"u":"4,48 €/KG","img":"https://fd16-photos.leclercdrive.fr/image.ashx?id=2983024&use=l&cat=p&typeid=i","cat":312388},{"id":98811,"n":"Comprimé antibactérien Polident x36","p":2.36,"u":"0,07 €/P","img":"https://fd16-photos.leclercdrive.fr/image.ashx?id=2303843&use=l&cat=p&typeid=i","cat":285158},{"id":98814,"n":"Dentifrice Parodontax Soin quotidien - 75ml","p":3.62,"u":"48,27 €/L","img":"https://fd16-photos.leclercdrive.fr/image.ashx?id=2606394&use=l&cat=p&typeid=i","cat":284612},{"id":98822,"n":"Purée fruit bébé Blédina 6 mois Pomme kiwi ananas - 4x100g","p":1.77,"u":"4,43 €/KG","img":"https://fd16-photos.leclercdrive.fr/image.ashx?id=2983030&use=l&cat=p&typeid=i","cat":312388},{"id":98828,"n":"Purée fruit bébé Blédina 6 mois Pomme poire mandarine - 4x100g","p":1.62,"u":"4,05 €/KG","img":"https://fd16-photos.leclercdrive.fr/image.ashx?id=2983033&use=l&cat=p&typeid=i","cat":312388},{"id":98834,"n":"Purée fruit bébé Blédina 6 mois Pomme mangue passion - 4x100g","p":1.77,"u":"4,43 €/KG","img":"https://fd16-photos.leclercdrive.fr/image.ashx?id=2983039&use=l&cat=p&typeid=i","cat":312388},{"id":98836,"n":"Purée fruit bébé Blédina 6 mois Pomme poire vanille - 12x100g","p":5.02,"u":"4,18 €/KG","img":"https://fd16-photos.leclercdrive.fr/image.ashx?id=2983045&use=l&cat=p&typeid=i","cat":312388},{"id":98942,"n":"Crème fouettée allégée Isigny 20%mg - 250g","p":2.3,"u":"9,20 €/KG","img":"https://fd16-photos.leclercdrive.fr/image.ashx?id=2962563&use=l&cat=p&typeid=i","cat":284382},{"id":99216,"n":"Beurre Elle&Vire Condé sur Vire Doux - 82% MG - 250g","p":2.96,"u":"11,84 €/KG","img":"https://fd16-photos.leclercdrive.fr/image.ashx?id=2811131&use=l&cat=p&typeid=i","cat":284379},{"id":99248,"n":"Bouillon Kub Or Maggi 32 cubes - 128g","p":1.21,"u":"9,45 €/KG","img":"https://fd16-photos.leclercdrive.fr/image.ashx?id=2692737&use=l&cat=p&typeid=i","cat":288379},{"id":99553,"n":"Pois chiche Bio VIllage Bio - 215g","p":2.1,"u":"9,77 €/KG","img":"https://fd16-photos.leclercdrive.fr/image.ashx?id=3002683&use=l&cat=p&typeid=i","cat":312609},{"id":99562,"n":"Haricots verts Eco  Très fins - 440g","p":1.02,"u":"2,32 €/KG","img":"https://fd16-photos.leclercdrive.fr/image.ashx?id=3003723&use=l&cat=p&typeid=i","cat":312606},{"id":99570,"n":"Ratatouille Eco+ 750g","p":1.08,"u":"1,44 €/KG","img":"https://fd16-photos.leclercdrive.fr/image.ashx?id=2703446&use=l&cat=p&typeid=i","cat":312612},{"id":99574,"n":"Poêlée savoyarde  900g","p":4.06,"u":"4,51 €/KG","img":"https://fd16-photos.leclercdrive.fr/image.ashx?id=2478931&use=l&cat=p&typeid=i","cat":319823},{"id":99587,"n":"Spécialité au soja Nat&Vie Pistache - 4x100g","p":1.41,"u":"3,53 €/KG","img":"https://fd16-photos.leclercdrive.fr/image.ashx?id=2901473&use=l&cat=p&typeid=i","cat":316071},{"id":99703,"n":"Eau micellaire Diadermine Hydratant - 400ml","p":4.6,"u":"11,50 €/L","img":"https://fd16-photos.leclercdrive.fr/image.ashx?id=2549624&use=l&cat=p&typeid=i","cat":284603},{"id":99712,"n":"Porc : Rôti dans l'échine  1KG","p":9.5,"u":"9,50 €/KG","img":"https://fd16-photos.leclercdrive.fr/image.ashx?id=619038&use=l&cat=p&typeid=i","cat":284331},{"id":99880,"n":"Crème Visage Jour FPS 30 Nivea Anti-rides Cellular - 50ml","p":14.97,"u":"299,40 €/L","img":"https://fd16-photos.leclercdrive.fr/image.ashx?id=2298775&use=l&cat=p&typeid=i","cat":325345},{"id":99900,"n":"Soin amincissant Linéance Profiler nuit + - 180ml","p":11.75,"u":"65,28 €/L","img":"https://fd16-photos.leclercdrive.fr/image.ashx?id=1748813&use=l&cat=p&typeid=i","cat":325350},{"id":99921,"n":"Shampooing Nateis Cheveux gris ou blancs - 250ml","p":1.4,"u":"5,60 €/L","img":"https://fd16-photos.leclercdrive.fr/image.ashx?id=2395820&use=l&cat=p&typeid=i","cat":284606},{"id":99922,"n":"Lait de douche Manava Framboise - 250ml","p":0.94,"u":"3,76 €/L","img":"https://fd16-photos.leclercdrive.fr/image.ashx?id=2618353&use=l&cat=p&typeid=i","cat":284594},{"id":99973,"n":"Biscuits petit déjeuner Belvita Moelleux fruits rouges - 250g","p":2.53,"u":"10,12 €/KG","img":"https://fd16-photos.leclercdrive.fr/image.ashx?id=3005329&use=l&cat=p&typeid=i","cat":284491},{"id":99975,"n":"Vodka Zubrowka Bison grass - 37.5%vol - 70cl","p":15.89,"u":"22,70 €/L","img":"https://fd16-photos.leclercdrive.fr/image.ashx?id=2879820&use=l&cat=p&typeid=i","cat":284550},{"id":99976,"n":"Biscuit petit déjeuner Belvita Brut - 600g","p":3.39,"u":"5,65 €/KG","img":"https://fd16-photos.leclercdrive.fr/image.ashx?id=2112935&use=l&cat=p&typeid=i","cat":285281},{"id":100220,"n":"Gnocchi à poêler Lustucru Extra Raclette - 280g","p":2.9,"u":"10,36 €/KG","img":"https://fd16-photos.leclercdrive.fr/image.ashx?id=2786177&use=l&cat=p&typeid=i","cat":333682},{"id":100250,"n":"Yaourt nature sucré Kit-Kat Billes chocolat - 4x115g","p":2.92,"u":"6,35 €/KG","img":"https://fd16-photos.leclercdrive.fr/image.ashx?id=2875954&use=l&cat=p&typeid=i","cat":284414},{"id":100320,"n":"Brosse adhésive 1 pièce","p":2.29,"img":"https://fd16-photos.leclercdrive.fr/image.ashx?id=2840743&use=l&cat=p&typeid=i","cat":284669},{"id":100322,"n":"Plumeau antistatique 1 pièce","p":4.29,"img":"https://fd16-photos.leclercdrive.fr/image.ashx?id=2083972&use=l&cat=p&typeid=i","cat":325364},{"id":100334,"n":"Gel bain douche Manava Coton macadamia - 500ml","p":1.88,"u":"3,76 €/L","img":"https://fd16-photos.leclercdrive.fr/image.ashx?id=1644734&use=l&cat=p&typeid=i","cat":284594},{"id":100589,"n":"Gateaux au yaourt P'tit Déli Talonne chocolat - 210g","p":2.49,"u":"11,86 €/KG","img":"https://fd16-photos.leclercdrive.fr/image.ashx?id=1981526&use=l&cat=p&typeid=i","cat":294776},{"id":100594,"n":"Petit pois carotte Bio Village Bio - 215g","p":1.63,"u":"7,58 €/KG","img":"https://fd16-photos.leclercdrive.fr/image.ashx?id=3002692&use=l&cat=p&typeid=i","cat":312607},{"id":100670,"n":"Nectar Cidou Pomme douce - 1.75L","p":2.2,"u":"1,26 €/L","img":"https://fd16-photos.leclercdrive.fr/image.ashx?id=2342505&use=l&cat=p&typeid=i","cat":284522},{"id":100673,"n":"Soda Coca-Cola sans sucres Bouteilles - 6x1L","p":7.45,"u":"1,24 €/L","img":"https://fd16-photos.leclercdrive.fr/image.ashx?id=2178352&use=l&cat=p&typeid=i","cat":284530},{"id":100705,"n":"Tartine Petit dejeuner Jacquet 410g","p":1.57,"u":"3,83 €/KG","img":"https://fd16-photos.leclercdrive.fr/image.ashx?id=2991855&use=l&cat=p&typeid=i","cat":284477},{"id":100725,"n":"Pain de mie La Boulangère Toastiligne Aux céréales - 500g","p":1.54,"u":"3,08 €/KG","img":"https://fd16-photos.leclercdrive.fr/image.ashx?id=2912401&use=l&cat=p&typeid=i","cat":284477},{"id":100979,"n":"Chocolat au lait Lindt Création Le Rocher lait - 150g","p":3.05,"u":"20,33 €/KG","img":"https://fd16-photos.leclercdrive.fr/image.ashx?id=2685805&use=l&cat=p&typeid=i","cat":284497},{"id":100981,"n":"Courgettes Cuisinées Cassegrain à la Provençale 375g","p":3.16,"u":"8,43 €/KG","img":"https://fd16-photos.leclercdrive.fr/image.ashx?id=2977951&use=l&cat=p&typeid=i","cat":312612},{"id":100989,"n":"Céréales Trésor de Kellogg's Choco Roulette - 620g","p":4.64,"u":"7,48 €/KG","img":"https://fd16-photos.leclercdrive.fr/image.ashx?id=2598337&use=l&cat=p&typeid=i","cat":309513},{"id":101010,"n":"Café moulu Carte Noire Classic - 6x250g","p":23.99,"u":"15,99 €/KG","img":"https://fd16-photos.leclercdrive.fr/image.ashx?id=2919027&use=l&cat=p&typeid=i","cat":284750},{"id":101056,"n":"Adoucissant concentré Hyperdou Rosée du matin - 750ml","p":1.99,"u":"2,65 €/L","img":"https://fd16-photos.leclercdrive.fr/image.ashx?id=2602910&use=l&cat=p&typeid=i","cat":284650},{"id":101058,"n":"Adoucissant concentré Hyperdou Passion tropicale - 750ml","p":1.99,"u":"2,65 €/L","img":"https://fd16-photos.leclercdrive.fr/image.ashx?id=2683565&use=l&cat=p&typeid=i","cat":284650},{"id":101059,"n":"Adoucissant concentré Hyperdou Couché soleil - 750ml","p":1.99,"u":"2,65 €/L","img":"https://fd16-photos.leclercdrive.fr/image.ashx?id=2602943&use=l&cat=p&typeid=i","cat":284650},{"id":101126,"n":"Bière blonde Grimbergen Pale Ale 5,5° - 6x25cl","p":5.66,"u":"3,77 €/L","img":"https://fd16-photos.leclercdrive.fr/image.ashx?id=2312801&use=l&cat=p&typeid=i","cat":334852},{"id":101161,"n":"Crousti moelleux Jacquet 730g","p":2.29,"u":"3,14 €/KG","img":"https://fd16-photos.leclercdrive.fr/image.ashx?id=2991840&use=l&cat=p&typeid=i","cat":284477},{"id":101288,"n":"Mousse végétal Andros Chocolat - 4x55g","p":3.02,"u":"13,73 €/KG","img":"https://fd16-photos.leclercdrive.fr/image.ashx?id=2963433&use=l&cat=p&typeid=i","cat":316071},{"id":101350,"n":"liégeois vanille danette - 4x100g","p":1.48,"u":"3,70 €/KG","img":"https://fd16-photos.leclercdrive.fr/image.ashx?id=2907848&use=l&cat=p&typeid=i","cat":285042},{"id":101374,"n":"Scotch Whisky William Peel 40% Vol - 50cl","p":10.2,"u":"20,40 €/L","img":"https://fd16-photos.leclercdrive.fr/image.ashx?id=2559214&use=l&cat=p&typeid=i","cat":284547},{"id":101416,"n":"Fourchettes en bois Homeside x20","p":1.38,"u":"0,07 €/P","img":"https://fd16-photos.leclercdrive.fr/image.ashx?id=1663733&use=l&cat=p&typeid=i","cat":334134},{"id":101456,"n":"Barres Chocolatées KINDER Maxi Chocolat au Lait x18 - 378g","p":5.17,"u":"13,68 €/KG","img":"https://fd16-photos.leclercdrive.fr/image.ashx?id=2673854&use=l&cat=p&typeid=i","cat":284498},{"id":101461,"n":"Pâtes Collezione Barilla Fusilli Bucati Corti - 500g","p":1.54,"u":"3,08 €/KG","img":"https://fd16-photos.leclercdrive.fr/image.ashx?id=2991003&use=l&cat=p&typeid=i","cat":284427},{"id":101473,"n":"Petit Pois, Carotte Cassegrain Tendre et Fondant 265g","p":1.85,"u":"6,98 €/KG","img":"https://fd16-photos.leclercdrive.fr/image.ashx?id=2951692&use=l&cat=p&typeid=i","cat":312607},{"id":101476,"n":"Saladière mexicana Saupiquet 220g","p":2.81,"u":"12,77 €/KG","img":"https://fd16-photos.leclercdrive.fr/image.ashx?id=2857042&use=l&cat=p&typeid=i","cat":284437},{"id":101478,"n":"Petit Chinois La fournée Dorée Crème patissière - x6 - 300g","p":2.18,"u":"7,27 €/KG","img":"https://fd16-photos.leclercdrive.fr/image.ashx?id=2964492&use=l&cat=p&typeid=i","cat":296366},{"id":101483,"n":"Tablette chocolat Côte d'Or Chocolat noir 70% - 100g","p":1.82,"u":"18,20 €/KG","img":"https://fd16-photos.leclercdrive.fr/image.ashx?id=2985591&use=l&cat=p&typeid=i","cat":284956},{"id":101502,"n":"Crème dessert Danette Vanille - 4x125g","p":1.51,"u":"3,02 €/KG","img":"https://fd16-photos.leclercdrive.fr/image.ashx?id=2029487&use=l&cat=p&typeid=i","cat":285041},{"id":101580,"n":"Banane Bio Max Havelaar  Bio Village x5","p":1.99,"u":"0,40 €/P","img":"https://fd16-photos.leclercdrive.fr/image.ashx?id=2323988&use=l&cat=p&typeid=i","cat":284356},{"id":101602,"n":"Douceur satinée Délisse Vanille - 4x125g","p":1.67,"u":"3,34 €/KG","img":"https://fd16-photos.leclercdrive.fr/image.ashx?id=2129236&use=l&cat=p&typeid=i","cat":314999},{"id":101620,"n":"Matière grasse Rustica Omega 3 50%MG -Doux -250G","p":0.99,"u":"3,96 €/KG","img":"https://fd16-photos.leclercdrive.fr/image.ashx?id=2904583&use=l&cat=p&typeid=i","cat":315229},{"id":101696,"n":"crème dessert caramel danette - 4x125g","p":1.55,"u":"3,10 €/KG","img":"https://fd16-photos.leclercdrive.fr/image.ashx?id=2926236&use=l&cat=p&typeid=i","cat":285041},{"id":101697,"n":"crème dessert chocolat noisette danette - 4x125g","p":1.64,"u":"3,28 €/KG","img":"https://fd16-photos.leclercdrive.fr/image.ashx?id=2902630&use=l&cat=p&typeid=i","cat":285041},{"id":101699,"n":"crème dessert pistache danette - 4x125g","p":1.7,"u":"3,40 €/KG","img":"https://fd16-photos.leclercdrive.fr/image.ashx?id=1984885&use=l&cat=p&typeid=i","cat":285041},{"id":101701,"n":"crème dessert chocolat caramel vanille danette - 12x115g","p":3.51,"u":"2,54 €/KG","img":"https://fd16-photos.leclercdrive.fr/image.ashx?id=2949844&use=l&cat=p&typeid=i","cat":285041},{"id":101707,"n":"crème dessert chocolat danette - 4x125g","p":1.51,"u":"3,02 €/KG","img":"https://fd16-photos.leclercdrive.fr/image.ashx?id=2927291&use=l&cat=p&typeid=i","cat":285041},{"id":101710,"n":"crème dessert chocolat noir danette - 4x125g","p":1.61,"u":"3,22 €/KG","img":"https://fd16-photos.leclercdrive.fr/image.ashx?id=2927294&use=l&cat=p&typeid=i","cat":285041},{"id":101712,"n":"crème dessert 3 chocolats danette - 12x115g","p":3.73,"u":"2,70 €/KG","img":"https://fd16-photos.leclercdrive.fr/image.ashx?id=2949847&use=l&cat=p&typeid=i","cat":285041},{"id":101833,"n":"Gel lavage Visior Concentré - 900ml","p":5.56,"u":"6,18 €/L","img":"https://fd16-photos.leclercdrive.fr/image.ashx?id=2939082&use=l&cat=p&typeid=i","cat":284657},{"id":101837,"n":"Pastilles anti-calcaire Texil x48","p":4.6,"u":"0,10 €/P","img":"https://fd16-photos.leclercdrive.fr/image.ashx?id=2964583&use=l&cat=p&typeid=i","cat":284653},{"id":102006,"n":"Gel bain douche Manava Pamplemousse raisin blanc-500ml","p":2.37,"u":"4,74 €/L","img":"https://fd16-photos.leclercdrive.fr/image.ashx?id=2652870&use=l&cat=p&typeid=i","cat":284594},{"id":102007,"n":"Gel douche Manava Gommant - 250ml","p":1.3,"u":"5,20 €/L","img":"https://fd16-photos.leclercdrive.fr/image.ashx?id=2805042&use=l&cat=p&typeid=i","cat":284594},{"id":102008,"n":"Gel douche Manava Sans savon - 500ml","p":1.82,"u":"3,64 €/L","img":"https://fd16-photos.leclercdrive.fr/image.ashx?id=2741303&use=l&cat=p&typeid=i","cat":284594},{"id":102040,"n":"Demi baguette tradition  125g","p":0.5,"u":"4,00 €/KG","img":"https://fd16-photos.leclercdrive.fr/image.ashx?id=2062624&use=l&cat=p&typeid=i","cat":284359},{"id":102079,"n":"Spaghetti Côté Table Bolognaise - 300g","p":3.2,"u":"10,67 €/KG","img":"https://fd16-photos.leclercdrive.fr/image.ashx?id=2846562&use=l&cat=p&typeid=i","cat":333665},{"id":102081,"n":"Poulet à la tomate Côté Table Purée courgette - 300g","p":2.19,"u":"7,30 €/KG","img":"https://fd16-photos.leclercdrive.fr/image.ashx?id=1656991&use=l&cat=p&typeid=i","cat":333665},{"id":102082,"n":"Poulet et risotto Côté Table Champignons - 280g","p":2.59,"u":"9,25 €/KG","img":"https://fd16-photos.leclercdrive.fr/image.ashx?id=2816145&use=l&cat=p&typeid=i","cat":333665},{"id":102103,"n":"Eau gazeuse St Yorre 6x1,15L","p":3.24,"u":"0,47 €/L","img":"https://fd16-photos.leclercdrive.fr/image.ashx?id=2877730&use=l&cat=p&typeid=i","cat":284536},{"id":102104,"n":"Eau Aromatisée Vittel Aro bio Citron - 1L","p":1.18,"u":"1,18 €/L","img":"https://fd16-photos.leclercdrive.fr/image.ashx?id=2737093&use=l&cat=p&typeid=i","cat":284537},{"id":102480,"n":"Petits Suisses Gervais 9,5%MG - 12x60g","p":2.43,"u":"3,38 €/KG","img":"https://fd16-photos.leclercdrive.fr/image.ashx?id=2230381&use=l&cat=p&typeid=i","cat":284409},{"id":102633,"n":"Soda Schweppes Saveur Agrumes Zero - 1L","p":1.57,"u":"1,57 €/L","img":"https://fd16-photos.leclercdrive.fr/image.ashx?id=2852432&use=l&cat=p&typeid=i","cat":284532},{"id":102669,"n":"Capsules café L'Or Espresso Or Rose N°7 x10","p":3.71,"u":"71,35 €/KG","img":"https://fd16-photos.leclercdrive.fr/image.ashx?id=2100290&use=l&cat=p&typeid=i","cat":284749},{"id":102695,"n":"Friandises chien Pedigree Ranchos original bœuf - 70g","p":2.55,"u":"36,43 €/KG","img":"https://fd16-photos.leclercdrive.fr/image.ashx?id=2897279&use=l&cat=p&typeid=i","cat":294527},{"id":102715,"n":"Recharge Night&Day Raid Mouches, moustiques et tigres","p":4.71,"img":"https://fd16-photos.leclercdrive.fr/image.ashx?id=2166473&use=l&cat=p&typeid=i","cat":298368},{"id":102729,"n":"Rubans Baygon Attrape Mouches - 4 rubans","p":1.02,"img":"https://fd16-photos.leclercdrive.fr/image.ashx?id=2116296&use=l&cat=p&typeid=i","cat":298368},{"id":102751,"n":"Rôti de porc Orloff 1kg","p":13.95,"u":"13,95 €/KG","img":"https://fd16-photos.leclercdrive.fr/image.ashx?id=2117979&use=l&cat=p&typeid=i","cat":284331},{"id":102834,"n":"Fils Copains Copines Colorés - 200g","p":1.09,"u":"5,45 €/KG","img":"https://fd16-photos.leclercdrive.fr/image.ashx?id=2934748&use=l&cat=p&typeid=i","cat":304250},{"id":102986,"n":"Cacahuètes grillées Menguy's 450g","p":2.95,"u":"6,56 €/KG","img":"https://fd16-photos.leclercdrive.fr/image.ashx?id=1702916&use=l&cat=p&typeid=i","cat":284448},{"id":103027,"n":"AOC Bordeaux Supérieur rouge Haussmann Baron Eugène - 75cl","p":5.1,"pp":3.57,"u":"4,76 €/L","img":"https://fd16-photos.leclercdrive.fr/image.ashx?id=1663474&use=l&cat=p&typeid=i","cat":289556},{"id":103032,"n":"Baguette viennoise  La Boulangère - x6 - 510g","p":2.3,"pp":1.61,"u":"3,16 €/KG","img":"https://fd16-photos.leclercdrive.fr/image.ashx?id=2912413&use=l&cat=p&typeid=i","cat":284985},{"id":103036,"n":"Pâte brisée Marie Pur beurre - 230g","p":1.37,"u":"5,96 €/KG","img":"https://fd16-photos.leclercdrive.fr/image.ashx?id=2318540&use=l&cat=p&typeid=i","cat":333681},{"id":103046,"n":"Céréales Trésor Kellogg's Chocolat Noisette - 750g","p":4.95,"u":"6,60 €/KG","img":"https://fd16-photos.leclercdrive.fr/image.ashx?id=2586291&use=l&cat=p&typeid=i","cat":309513},{"id":103047,"n":"Nutella Biscuit pâte à tartiner Cacao Noisettes - 304g","p":2.97,"u":"9,77 €/KG","img":"https://fd16-photos.leclercdrive.fr/image.ashx?id=2896432&use=l&cat=p&typeid=i","cat":284488},{"id":103050,"n":"Céréales Trésor de Kellogg's Chocolat au lait - 750g","p":4.98,"u":"6,64 €/KG","img":"https://fd16-photos.leclercdrive.fr/image.ashx?id=1662239&use=l&cat=p&typeid=i","cat":309513},{"id":103063,"n":"Paille Pik Haribo Sachet bonbons acidulés - 180g","p":1.98,"u":"11,00 €/KG","img":"https://fd16-photos.leclercdrive.fr/image.ashx?id=2984922&use=l&cat=p&typeid=i","cat":304250},{"id":103078,"n":"Cocobat Haribo Sachet bonbons réglisse - 300g","p":1.85,"u":"6,17 €/KG","img":"https://fd16-photos.leclercdrive.fr/image.ashx?id=2805231&use=l&cat=p&typeid=i","cat":304250},{"id":103093,"n":"Beurre gastronomique Président Doux - 82% MG - 225g","p":3.04,"u":"13,51 €/KG","img":"https://fd16-photos.leclercdrive.fr/image.ashx?id=2653417&use=l&cat=p&typeid=i","cat":284379},{"id":103094,"n":"Crème légère semi épaisse  Bridélice 18%mg - 2x25cl","p":2.76,"u":"5,52 €/L","img":"https://fd16-photos.leclercdrive.fr/image.ashx?id=2806156&use=l&cat=p&typeid=i","cat":284381},{"id":103104,"n":"Crème entière 30% Président 2x25cl","p":3.8,"u":"7,60 €/L","img":"https://fd16-photos.leclercdrive.fr/image.ashx?id=2973577&use=l&cat=p&typeid=i","cat":284381},{"id":103144,"n":"Bière blonde Bud 5% - 6x25cl","p":5.15,"u":"3,43 €/L","img":"https://fd16-photos.leclercdrive.fr/image.ashx?id=2481032&use=l&cat=p&typeid=i","cat":334873},{"id":103150,"n":"Bière Rouge Kasteel 33cl","p":1.93,"u":"5,85 €/L","img":"https://fd16-photos.leclercdrive.fr/image.ashx?id=2433449&use=l&cat=p&typeid=i","cat":334872},{"id":103185,"n":"Eau minérale naturelle Volvic fontaine - 8L","p":2.79,"u":"0,35 €/L","img":"https://fd16-photos.leclercdrive.fr/image.ashx?id=2771675&use=l&cat=p&typeid=i","cat":284535},{"id":103191,"n":"Bière sans alcool Tourtel Twist Pêche 0,0° - 6x27,5cl","p":4.47,"u":"2,71 €/L","img":"https://fd16-photos.leclercdrive.fr/image.ashx?id=2896564&use=l&cat=p&typeid=i","cat":334877},{"id":103381,"n":"Whisky Grant's  Triple wood 40%vol - 70cl","p":13.35,"pp":12.01,"u":"17,16 €/L","img":"https://fd16-photos.leclercdrive.fr/image.ashx?id=2866022&use=l&cat=p&typeid=i","cat":284547},{"id":103384,"n":"IGP Whisky Grant's  Triple wood - 40%vol - 1L","p":17.42,"u":"17,42 €/L","img":"https://fd16-photos.leclercdrive.fr/image.ashx?id=2917531&use=l&cat=p&typeid=i","cat":284547},{"id":103436,"n":"Wrap au blé nature Mission 370g","p":3.05,"u":"8,24 €/KG","img":"https://fd16-photos.leclercdrive.fr/image.ashx?id=2890499&use=l&cat=p&typeid=i","cat":288993},{"id":103451,"n":"Lingettes sensitive Pampers 4x52","p":5.62,"u":"0,03 €/P","img":"https://fd16-photos.leclercdrive.fr/image.ashx?id=2849280&use=l&cat=p&typeid=i","cat":284738},{"id":103453,"n":"Panaché Falsbourg Grenadine - <0,5% vol. - 6x25cl","p":2.71,"u":"1,81 €/L","img":"https://fd16-photos.leclercdrive.fr/image.ashx?id=2637961&use=l&cat=p&typeid=i","cat":334877},{"id":103470,"n":"Croquettes chat Purina One Poulet chat adulte - 450g","p":2.8,"u":"6,22 €/KG","img":"https://fd16-photos.leclercdrive.fr/image.ashx?id=2902265&use=l&cat=p&typeid=i","cat":284680},{"id":103501,"n":"Pochons prémium Plénima chat au Saumon / Dinde - 4x85g","p":1.76,"u":"5,18 €/KG","img":"https://fd16-photos.leclercdrive.fr/image.ashx?id=2361128&use=l&cat=p&typeid=i","cat":285286},{"id":103503,"n":"Capsules Nescafé Dolce Gusto  Espresso Intenso - x16","p":4.67,"u":"41,70 €/KG","img":"https://fd16-photos.leclercdrive.fr/image.ashx?id=3009110&use=l&cat=p&typeid=i","cat":293239},{"id":103505,"n":"Barre de céréales Nature Valley Protéine chocolat x4-160g","p":2.61,"u":"16,31 €/KG","img":"https://fd16-photos.leclercdrive.fr/image.ashx?id=2657000&use=l&cat=p&typeid=i","cat":285869},{"id":103509,"n":"Yaourt à boire Yop Aromatisé Fraise - 825g","p":1.7,"u":"2,06 €/KG","img":"https://fd16-photos.leclercdrive.fr/image.ashx?id=2855564&use=l&cat=p&typeid=i","cat":284415},{"id":103696,"n":"Fromage Maasdam Les Croisés 150g","p":1.99,"u":"13,27 €/KG","img":"https://fd16-photos.leclercdrive.fr/image.ashx?id=2031859&use=l&cat=p&typeid=i","cat":314028},{"id":103697,"n":"Dentifrice Integral 8 Signal Nature Elements Charbon 75ml","p":1.77,"u":"23,60 €/L","img":"https://fd16-photos.leclercdrive.fr/image.ashx?id=2974662&use=l&cat=p&typeid=i","cat":284612},{"id":103719,"n":"Démêlant intensif Elsève Cheveu abîmé Dream Long - 180ml","p":3.8,"u":"21,11 €/L","img":"https://fd16-photos.leclercdrive.fr/image.ashx?id=2439284&use=l&cat=p&typeid=i","cat":284607},{"id":103726,"n":"Masque Violet Démêlant Elsève Color-Vive - 150ml","p":5.82,"u":"38,80 €/L","img":"https://fd16-photos.leclercdrive.fr/image.ashx?id=2439281&use=l&cat=p&typeid=i","cat":284608},{"id":103728,"n":"Shampoing Violet Elsève Color-Vive Déjaunisseur - 200ml","p":2.97,"u":"14,85 €/L","img":"https://fd16-photos.leclercdrive.fr/image.ashx?id=2278121&use=l&cat=p&typeid=i","cat":284606},{"id":103734,"n":"Gel désincrustant Men Expert Anti-pores encrassés - 100ml","p":4.79,"u":"47,90 €/L","img":"https://fd16-photos.leclercdrive.fr/image.ashx?id=2458724&use=l&cat=p&typeid=i","cat":284603},{"id":103813,"n":"Yaourt à boire Yop Aromatisé Vanille - 825g","p":1.7,"u":"2,06 €/KG","img":"https://fd16-photos.leclercdrive.fr/image.ashx?id=2855570&use=l&cat=p&typeid=i","cat":284415},{"id":103820,"n":"Mini pots de glace bonbons Smicy - x6 - 300g","p":3.69,"u":"12,30 €/KG","img":"https://fd16-photos.leclercdrive.fr/image.ashx?id=2064612&use=l&cat=p&typeid=i","cat":285250},{"id":103844,"n":"IGP Ile de Beauté vin rosé Terres Ocrées 12% vol - 75cl","p":3.99,"u":"5,32 €/L","img":"https://fd16-photos.leclercdrive.fr/image.ashx?id=2846526&use=l&cat=p&typeid=i","cat":289558},{"id":103885,"n":"Fromage Cœur de Lion  Pointe de Brie - 200g","p":1.97,"u":"9,85 €/KG","img":"https://fd16-photos.leclercdrive.fr/image.ashx?id=2770416&use=l&cat=p&typeid=i","cat":314033},{"id":103915,"n":"Mimolette jeune Les Croisés 350g","p":3.23,"u":"9,23 €/KG","img":"https://fd16-photos.leclercdrive.fr/image.ashx?id=2046499&use=l&cat=p&typeid=i","cat":314028},{"id":103946,"n":"Escalope de dinde  Le Gaulois Fine -Oui C'est Bon x3 - 360g","p":7.71,"u":"21,42 €/KG","img":"https://fd16-photos.leclercdrive.fr/image.ashx?id=2605577&use=l&cat=p&typeid=i","cat":284337},{"id":103949,"n":"Nettoyant universel anti-traces 750ml","p":2.95,"u":"3,93 €/L","img":"https://fd16-photos.leclercdrive.fr/image.ashx?id=3000731&use=l&cat=p&typeid=i","cat":325357},{"id":103954,"n":"Nettoyant carrelage Briochin Ecocert - 1L","p":3.16,"u":"3,16 €/L","img":"https://fd16-photos.leclercdrive.fr/image.ashx?id=2342887&use=l&cat=p&typeid=i","cat":325357},{"id":104008,"n":"Jus innocent tutti frutti 900ml","p":2.84,"u":"3,16 €/L","img":"https://fd16-photos.leclercdrive.fr/image.ashx?id=2861737&use=l&cat=p&typeid=i","cat":285435},{"id":104019,"n":"Rhum paille St James 40%vol - 70cl","p":11.75,"u":"16,79 €/L","img":"https://fd16-photos.leclercdrive.fr/image.ashx?id=2970867&use=l&cat=p&typeid=i","cat":284550},{"id":104025,"n":"Shampooing Le Petit Olivier Karité / Argan - 250 ml","p":2.99,"u":"11,96 €/KG","img":"https://fd16-photos.leclercdrive.fr/image.ashx?id=1670646&use=l&cat=p&typeid=i","cat":284606},{"id":104030,"n":"Spray démélant Le Petit Olivier Olive / karité / argan - 150 ml","p":4.0,"u":"26,67 €/L","img":"https://fd16-photos.leclercdrive.fr/image.ashx?id=1670655&use=l&cat=p&typeid=i","cat":284607},{"id":104053,"n":"Perle duo Gourmet Poisson et viandes - 12x85g","p":5.84,"u":"5,73 €/KG","img":"https://fd16-photos.leclercdrive.fr/image.ashx?id=2861761&use=l&cat=p&typeid=i","cat":285286},{"id":104062,"n":"Brioches Doowap Harrys X8 -320g Pépites choco sans additif","p":2.33,"u":"7,28 €/KG","img":"https://fd16-photos.leclercdrive.fr/image.ashx?id=2502998&use=l&cat=p&typeid=i","cat":293505},{"id":104073,"n":"100% Pur Jus Jafaden Pamplemousse- 1L","p":1.99,"u":"1,99 €/L","img":"https://fd16-photos.leclercdrive.fr/image.ashx?id=2956771&use=l&cat=p&typeid=i","cat":284914},{"id":104092,"n":"Tagada Zip Fraîcheur Haribo Sachet bonbons - 220g","p":1.36,"u":"6,18 €/KG","img":"https://fd16-photos.leclercdrive.fr/image.ashx?id=2802359&use=l&cat=p&typeid=i","cat":304250},{"id":104109,"n":"Les Timbales Gourmet Gold Boeuf plet saumon - 12x85g","p":6.9,"u":"6,76 €/KG","img":"https://fd16-photos.leclercdrive.fr/image.ashx?id=2861764&use=l&cat=p&typeid=i","cat":285286},{"id":104113,"n":"Brioches Doowap Harrys X12-480g Pépites choco sans additif","p":3.65,"u":"7,60 €/KG","img":"https://fd16-photos.leclercdrive.fr/image.ashx?id=2503001&use=l&cat=p&typeid=i","cat":293505},{"id":104114,"n":"Brioches Doowap Harrys X8 -320g Pépites choco lait sans additif","p":2.4,"u":"7,50 €/KG","img":"https://fd16-photos.leclercdrive.fr/image.ashx?id=2503004&use=l&cat=p&typeid=i","cat":293505},{"id":104121,"n":"Noix de cajou Benenuts Grillées à sec -165g","p":4.61,"u":"27,94 €/KG","img":"https://fd16-photos.leclercdrive.fr/image.ashx?id=2391786&use=l&cat=p&typeid=i","cat":284448},{"id":104188,"n":"Chips Tyrrell's Légèrement salées - 150g","p":2.19,"u":"14,60 €/KG","img":"https://fd16-photos.leclercdrive.fr/image.ashx?id=2924731&use=l&cat=p&typeid=i","cat":284447},{"id":104193,"n":"Coton-tiges Inell Recharge Tiges papier - x160","p":0.4,"img":"https://fd16-photos.leclercdrive.fr/image.ashx?id=2440775&use=l&cat=p&typeid=i","cat":284636},{"id":104194,"n":"Coton-tige Lotus Bio - x160 bâtonnets","p":0.78,"img":"https://fd16-photos.leclercdrive.fr/image.ashx?id=2506840&use=l&cat=p&typeid=i","cat":284636},{"id":104245,"n":"Pizzas Crousti Moelleuse Marie 4 fromages 2+1 offerte 1.530kg","p":7.45,"u":"4,87 €/KG","img":"https://fd16-photos.leclercdrive.fr/image.ashx?id=1876709&use=l&cat=p&typeid=i","cat":284256},{"id":104248,"n":"Pizzas Crousti Moelleuse Marie Extrême Américaine 2+ 1 offerte","p":8.37,"u":"5,26 €/KG","img":"https://fd16-photos.leclercdrive.fr/image.ashx?id=2996659&use=l&cat=p&typeid=i","cat":284256},{"id":104291,"n":"Pignons de pins Sainte-Lucie Parasol - Sachet 50g","p":2.64,"u":"52,80 €/KG","img":"https://fd16-photos.leclercdrive.fr/image.ashx?id=2774334&use=l&cat=p&typeid=i","cat":284504},{"id":104309,"n":"Olives vertes farce d'anchois  Crespo - 120g","p":2.4,"u":"20,00 €/KG","img":"https://fd16-photos.leclercdrive.fr/image.ashx?id=2172073&use=l&cat=p&typeid=i","cat":284450},{"id":104468,"n":"Fromage apéritif Apéricube Long drink 48 cubes","p":4.17,"u":"16,68 €/KG","img":"https://fd16-photos.leclercdrive.fr/image.ashx?id=2882674&use=l&cat=p&typeid=i","cat":314027},{"id":104470,"n":"Fromage apéritif Apéricube Tonic 48 cubes","p":4.2,"u":"16,80 €/KG","img":"https://fd16-photos.leclercdrive.fr/image.ashx?id=2882677&use=l&cat=p&typeid=i","cat":314027},{"id":104471,"n":"Fromage apéritif Apericube  Cocktail 48 cubes","p":4.17,"u":"16,68 €/KG","img":"https://fd16-photos.leclercdrive.fr/image.ashx?id=2882680&use=l&cat=p&typeid=i","cat":314027},{"id":104556,"n":"Steaks hachés 15% MG 8x100g","p":10.5,"u":"13,13 €/KG","img":"https://fd16-photos.leclercdrive.fr/image.ashx?id=2734786&use=l&cat=p&typeid=i","cat":319778},{"id":104674,"n":"Eau gazeuse aromatisée Badoit Citron fraise - 1L","p":1.32,"u":"1,32 €/L","img":"https://fd16-photos.leclercdrive.fr/image.ashx?id=2730664&use=l&cat=p&typeid=i","cat":284536},{"id":104888,"n":"Miettes de Thon Eco + Huile - 104g","p":0.82,"u":"7,88 €/KG","img":"https://fd16-photos.leclercdrive.fr/image.ashx?id=2824241&use=l&cat=p&typeid=i","cat":303867},{"id":105033,"n":"Crème entière semi-épaisse UHT 30% MG - Président - 1L","p":5.56,"u":"5,56 €/L","img":"https://fd16-photos.leclercdrive.fr/image.ashx?id=2971580&use=l&cat=p&typeid=i","cat":284381},{"id":105035,"n":"Whisky Ardbeg 10 ans 46%vol - 70cl","p":44.88,"u":"64,11 €/L","img":"https://fd16-photos.leclercdrive.fr/image.ashx?id=2749500&use=l&cat=p&typeid=i","cat":284547},{"id":105037,"n":"Lardons de volaille fumés Halal - 150g","p":2.31,"u":"15,40 €/KG","img":"https://fd16-photos.leclercdrive.fr/image.ashx?id=2873928&use=l&cat=p&typeid=i","cat":316013},{"id":105093,"n":"Crème UHT Elle&Vire Fluide Entière - 30% MG - 2x25cl","p":3.21,"u":"6,42 €/L","img":"https://fd16-photos.leclercdrive.fr/image.ashx?id=2763475&use=l&cat=p&typeid=i","cat":284381},{"id":105117,"n":"Aguacana cachaça 37.5%vol - 70cl","p":13.98,"u":"19,97 €/L","img":"https://fd16-photos.leclercdrive.fr/image.ashx?id=2961801&use=l&cat=p&typeid=i","cat":284550},{"id":105119,"n":"AOP Champagne Brut Piper Heidsieck - 75cl","p":26.95,"pp":24.95,"u":"33,27 €/L","img":"https://fd16-photos.leclercdrive.fr/image.ashx?id=2431548&use=l&cat=p&typeid=i","cat":284542},{"id":105120,"n":"Saucisson Justin Bridou Mini Délice Noix jambon - 80g","p":2.67,"u":"33,38 €/KG","img":"https://fd16-photos.leclercdrive.fr/image.ashx?id=2482348&use=l&cat=p&typeid=i","cat":316006},{"id":105140,"n":"Jambon supérieur Tradilège Découenne S/nitrite - x2 - 70g","p":1.3,"u":"18,57 €/KG","img":"https://fd16-photos.leclercdrive.fr/image.ashx?id=2253075&use=l&cat=p&typeid=i","cat":316009},{"id":105158,"n":"Tequila Blanco Tiscaz Tatoo+cône - 35%vol - 70cl","p":14.35,"u":"20,50 €/L","img":"https://fd16-photos.leclercdrive.fr/image.ashx?id=2019468&use=l&cat=p&typeid=i","cat":284550},{"id":105168,"n":"Captain Morgan Original Spiced Boisson à base de rhum - 1L","p":18.52,"u":"18,52 €/L","img":"https://fd16-photos.leclercdrive.fr/image.ashx?id=2586285&use=l&cat=p&typeid=i","cat":284551},{"id":105183,"n":"Burger Le Chicken Daunat  Poulet Cheddar - 180g","p":3.45,"u":"19,17 €/KG","img":"https://fd16-photos.leclercdrive.fr/image.ashx?id=2967178&use=l&cat=p&typeid=i","cat":333671},{"id":105186,"n":"Compote Charles & Alice Pommes Cerises - 4x97g","p":1.83,"u":"4,72 €/KG","img":"https://fd16-photos.leclercdrive.fr/image.ashx?id=2757686&use=l&cat=p&typeid=i","cat":284416},{"id":105196,"n":"Dessert fruitier Fraise Andros En morceaux - 4x100g","p":2.57,"u":"6,43 €/KG","img":"https://fd16-photos.leclercdrive.fr/image.ashx?id=2845467&use=l&cat=p&typeid=i","cat":284416},{"id":105197,"n":"Douceur satinée Délisse Citron - 4x125g","p":1.8,"u":"14,40 €/KG","img":"https://fd16-photos.leclercdrive.fr/image.ashx?id=2955971&use=l&cat=p&typeid=i","cat":314999},{"id":105212,"n":"Collant Beauty Resist Dim Opaque noir - Taille 2","p":5.4,"img":"https://fd16-photos.leclercdrive.fr/image.ashx?id=2841006&use=l&cat=p&typeid=i","cat":334130},{"id":105213,"n":"Collant Beauty Resist Dim Opaque noir - Taille 3","p":5.4,"img":"https://fd16-photos.leclercdrive.fr/image.ashx?id=2534959&use=l&cat=p&typeid=i","cat":334130},{"id":105224,"n":"Gnocchi à poêler Lustucru Extra Mozzarella Tomate - 280g","p":2.67,"u":"9,54 €/KG","img":"https://fd16-photos.leclercdrive.fr/image.ashx?id=2999994&use=l&cat=p&typeid=i","cat":333682},{"id":105319,"n":"Crème de Camembert Président 150g","p":2.95,"u":"19,67 €/KG","img":"https://fd16-photos.leclercdrive.fr/image.ashx?id=2962443&use=l&cat=p&typeid=i","cat":314029},{"id":105427,"n":"Beurre gastronomique Président Demi-sel - 80% MG - 225g","p":2.85,"u":"12,67 €/KG","img":"https://fd16-photos.leclercdrive.fr/image.ashx?id=2740553&use=l&cat=p&typeid=i","cat":284379},{"id":106006,"n":"Pur jus de pomme Jafaden 2L","p":2.29,"u":"1,15 €/L","img":"https://fd16-photos.leclercdrive.fr/image.ashx?id=2956774&use=l&cat=p&typeid=i","cat":284522},{"id":106070,"n":"Proscuitto di Parma Chiffonnade Negroni - 70g","p":3.8,"u":"54,29 €/KG","img":"https://fd16-photos.leclercdrive.fr/image.ashx?id=1942181&use=l&cat=p&typeid=i","cat":316007},{"id":106146,"n":"Bière sans alcool Tourtel Twist Mangue Passion 0,0° - 6x27,5cl","p":4.89,"u":"2,96 €/L","img":"https://fd16-photos.leclercdrive.fr/image.ashx?id=2730727&use=l&cat=p&typeid=i","cat":334877},{"id":106269,"n":"Edulcorant Pure Via Boite de 65 morceaux - 130g","p":5.32,"u":"40,92 €/KG","img":"https://fd16-photos.leclercdrive.fr/image.ashx?id=2417291&use=l&cat=p&typeid=i","cat":324846},{"id":106471,"n":"Plat bébé soir Blédichef 15mois Poireau pomme de terre - 250g","p":1.84,"u":"7,36 €/KG","img":"https://fd16-photos.leclercdrive.fr/image.ashx?id=2143681&use=l&cat=p&typeid=i","cat":312239},{"id":106473,"n":"Repas bébé Blédichef 15 mois Patate légumes poulet - 250g","p":1.92,"u":"7,68 €/KG","img":"https://fd16-photos.leclercdrive.fr/image.ashx?id=2877703&use=l&cat=p&typeid=i","cat":312238},{"id":106474,"n":"Repas bébé Blédichef 15 mois Pdt champignon poulet - 250g","p":1.89,"u":"7,56 €/KG","img":"https://fd16-photos.leclercdrive.fr/image.ashx?id=2479685&use=l&cat=p&typeid=i","cat":312238},{"id":106475,"n":"Repas bébé Blédichef 15 mois Légumes cabillaud - 250g","p":2.04,"u":"8,16 €/KG","img":"https://fd16-photos.leclercdrive.fr/image.ashx?id=1681186&use=l&cat=p&typeid=i","cat":312238},{"id":106477,"n":"Repas bébé Blédichef 18 mois  Blanquette de volaille - 250g","p":1.83,"u":"7,32 €/KG","img":"https://fd16-photos.leclercdrive.fr/image.ashx?id=2558861&use=l&cat=p&typeid=i","cat":312238},{"id":106478,"n":"Repas bébé Blédichef 18 mois  Fondue de légumes lieu - 250g","p":1.91,"u":"7,64 €/KG","img":"https://fd16-photos.leclercdrive.fr/image.ashx?id=2877706&use=l&cat=p&typeid=i","cat":312238},{"id":106481,"n":"Repas bébé Blédichef 24 mois  Riz légumes poulet curry - 250g","p":1.94,"u":"7,76 €/KG","img":"https://fd16-photos.leclercdrive.fr/image.ashx?id=2951590&use=l&cat=p&typeid=i","cat":312238},{"id":106614,"n":"Rosette Justin Bridou  19 Tranches - 170g","p":2.76,"u":"16,24 €/KG","img":"https://fd16-photos.leclercdrive.fr/image.ashx?id=2948932&use=l&cat=p&typeid=i","cat":316007},{"id":106695,"n":"Rasoir jetable Gillette BlueII Plus - x20","p":6.14,"u":"0,31 €/P","img":"https://fd16-photos.leclercdrive.fr/image.ashx?id=2956655&use=l&cat=p&typeid=i","cat":284616},{"id":106886,"n":"Petit suisse nature Gervais 9,5% MG - 6x60g","p":1.79,"u":"4,97 €/KG","img":"https://fd16-photos.leclercdrive.fr/image.ashx?id=2230384&use=l&cat=p&typeid=i","cat":284409},{"id":106892,"n":"Yaourt à boire Danonino fraise - 4x70g","p":2.28,"u":"8,14 €/KG","img":"https://fd16-photos.leclercdrive.fr/image.ashx?id=2785226&use=l&cat=p&typeid=i","cat":284415},{"id":107206,"n":"Paire de ciseaux Esquisse Bleu foncé - Bout rond 13cm x1","p":0.89,"img":"https://fd16-photos.leclercdrive.fr/image.ashx?id=1698511&use=l&cat=p&typeid=i","cat":334133},{"id":107207,"n":"Paire de ciseaux Esquisse Rouge - Bout rond 13cm x1","p":0.89,"img":"https://fd16-photos.leclercdrive.fr/image.ashx?id=1698514&use=l&cat=p&typeid=i","cat":334133},{"id":107211,"n":"Jus innocent myrtille cassis 900ml","p":2.89,"u":"3,21 €/L","img":"https://fd16-photos.leclercdrive.fr/image.ashx?id=2891235&use=l&cat=p&typeid=i","cat":285435},{"id":107384,"n":"Bacon Justin Bridou  16 Tranches - 160g","p":2.92,"u":"18,25 €/KG","img":"https://fd16-photos.leclercdrive.fr/image.ashx?id=2924110&use=l&cat=p&typeid=i","cat":316007},{"id":107454,"n":"Protège documents Eco+ Bleu - 60 vues","p":0.99,"img":"https://fd16-photos.leclercdrive.fr/image.ashx?id=1698688&use=l&cat=p&typeid=i","cat":284745},{"id":107460,"n":"Protège documents Eco+ Gris - 60 vues","p":0.99,"img":"https://fd16-photos.leclercdrive.fr/image.ashx?id=1698520&use=l&cat=p&typeid=i","cat":284745},{"id":107461,"n":"Protège documents Eco+ Rouge - 60 vues","p":0.99,"img":"https://fd16-photos.leclercdrive.fr/image.ashx?id=1698691&use=l&cat=p&typeid=i","cat":284745},{"id":107489,"n":"Cahier de textes Eco  Foot - 100 pages - 17x22cm","p":0.97,"img":"https://fd16-photos.leclercdrive.fr/image.ashx?id=1698700&use=l&cat=p&typeid=i","cat":334133},{"id":107491,"n":"Cahier de textes Eco  Licorne - 100 pages - 17x22cm","p":0.97,"img":"https://fd16-photos.leclercdrive.fr/image.ashx?id=2553944&use=l&cat=p&typeid=i","cat":334133},{"id":107528,"n":"Protège-document Esquisse Anis - A4 - 80 vues","p":2.49,"img":"https://fd16-photos.leclercdrive.fr/image.ashx?id=1698727&use=l&cat=p&typeid=i","cat":284745},{"id":107529,"n":"Protège-document Esquisse Noir - A4 - 80 vues","p":2.49,"img":"https://fd16-photos.leclercdrive.fr/image.ashx?id=1698730&use=l&cat=p&typeid=i","cat":284745},{"id":107530,"n":"Protège-document Esquisse Turquoise - A4 - 80 vues","p":2.49,"img":"https://fd16-photos.leclercdrive.fr/image.ashx?id=1698733&use=l&cat=p&typeid=i","cat":284745},{"id":107645,"n":"Aluminium Albal 20m","p":3.39,"img":"https://fd16-photos.leclercdrive.fr/image.ashx?id=2551444&use=l&cat=p&typeid=i","cat":334134},{"id":107706,"n":"Cahier Clairefontaine Bleu  - 96 pages - 24x32cm","p":3.14,"img":"https://fd16-photos.leclercdrive.fr/image.ashx?id=1687955&use=l&cat=p&typeid=i","cat":284697},{"id":107707,"n":"Cahier Clairefontaine Bleu Marine - 96p - 24x32cm","p":3.14,"img":"https://fd16-photos.leclercdrive.fr/image.ashx?id=1687958&use=l&cat=p&typeid=i","cat":284697},{"id":107708,"n":"Cahier Clairefontaine Incolore - 96 pages - 24x32cm","p":3.14,"img":"https://fd16-photos.leclercdrive.fr/image.ashx?id=1687961&use=l&cat=p&typeid=i","cat":284697},{"id":107709,"n":"Cahier Clairefontaine Jaune - 96 pages - 24x32cm","p":3.14,"img":"https://fd16-photos.leclercdrive.fr/image.ashx?id=1687964&use=l&cat=p&typeid=i","cat":284697},{"id":107710,"n":"Cahier Clairefontaine Noir - 96 pages - 24x32cm","p":3.14,"img":"https://fd16-photos.leclercdrive.fr/image.ashx?id=1687967&use=l&cat=p&typeid=i","cat":284697},{"id":107711,"n":"Cahier Clairefontaine Orange - 96 pages - 24x32cm","p":3.14,"img":"https://fd16-photos.leclercdrive.fr/image.ashx?id=1687970&use=l&cat=p&typeid=i","cat":284697},{"id":107714,"n":"Cahier Clairefontaine Vert - 96 pages - 24x32cm","p":3.14,"img":"https://fd16-photos.leclercdrive.fr/image.ashx?id=1687976&use=l&cat=p&typeid=i","cat":284697},{"id":107716,"n":"Cahier Clairefontaine Rouge - 96 pages - 24x32cm","p":3.14,"img":"https://fd16-photos.leclercdrive.fr/image.ashx?id=1687982&use=l&cat=p&typeid=i","cat":284697},{"id":107719,"n":"Cahier Clairefontaine Rose - 96 pages - 24x32cm","p":3.14,"img":"https://fd16-photos.leclercdrive.fr/image.ashx?id=1687991&use=l&cat=p&typeid=i","cat":284697},{"id":107722,"n":"Cahier Clairefontaine Violet - 96 pages - 24x32cm","p":3.14,"img":"https://fd16-photos.leclercdrive.fr/image.ashx?id=1688000&use=l&cat=p&typeid=i","cat":284697},{"id":107763,"n":"Escalope Le Gaulois Cordon bleu Extra - 200g","p":2.54,"u":"12,70 €/KG","img":"https://fd16-photos.leclercdrive.fr/image.ashx?id=2367442&use=l&cat=p&typeid=i","cat":333683},{"id":107764,"n":"Panés Le Gaulois Façon Milanaise citronné - 200g","p":2.46,"u":"12,30 €/KG","img":"https://fd16-photos.leclercdrive.fr/image.ashx?id=2644770&use=l&cat=p&typeid=i","cat":333683},{"id":107884,"n":"Tablette lave-vaisselle UniVert Classiques ecolo - x40 - 400g","p":5.64,"u":"14,10 €/KG","img":"https://fd16-photos.leclercdrive.fr/image.ashx?id=2163892&use=l&cat=p&typeid=i","cat":284656},{"id":108000,"n":"Mini ruban correcteur Esquisse Bleu, rose et blanc - x3","p":1.99,"img":"https://fd16-photos.leclercdrive.fr/image.ashx?id=1691060&use=l&cat=p&typeid=i","cat":334133},{"id":108065,"n":"Trieur Esquisse 3 rabats  Anis - 12 positions","p":3.89,"img":"https://fd16-photos.leclercdrive.fr/image.ashx?id=1691111&use=l&cat=p&typeid=i","cat":284745},{"id":108066,"n":"Trieur Esquisse 3 rabats  Fuchsia - 12 positions","p":3.89,"img":"https://fd16-photos.leclercdrive.fr/image.ashx?id=1691114&use=l&cat=p&typeid=i","cat":284745},{"id":108146,"n":"Boisson aux fruits Oasis Tropical - 2L","p":2.34,"u":"1,17 €/L","img":"https://fd16-photos.leclercdrive.fr/image.ashx?id=2996569&use=l&cat=p&typeid=i","cat":295018},{"id":108169,"n":"Mousse de canard Henaff 3x78g","p":3.78,"u":"16,15 €/KG","img":"https://fd16-photos.leclercdrive.fr/image.ashx?id=2305604&use=l&cat=p&typeid=i","cat":305149},{"id":108337,"n":"Cahier Force 8 Clairefontaine Bleu Lagon  - 17x22cm - 96 page","p":1.06,"img":"https://fd16-photos.leclercdrive.fr/image.ashx?id=1688534&use=l&cat=p&typeid=i","cat":284697},{"id":108339,"n":"Cahier Force 8 Clairefontaine Bleu Marine - 17x22cm  - 96 p","p":1.06,"img":"https://fd16-photos.leclercdrive.fr/image.ashx?id=1688540&use=l&cat=p&typeid=i","cat":284697},{"id":108342,"n":"Cahier piqûre Force 8 96 pages Jaune - 17x22cm","p":1.06,"img":"https://fd16-photos.leclercdrive.fr/image.ashx?id=1688549&use=l&cat=p&typeid=i","cat":284697},{"id":108345,"n":"Cahier Force 8 Clairefontaine Orange - 17x22cm - 96 pages","p":1.06,"img":"https://fd16-photos.leclercdrive.fr/image.ashx?id=1688558&use=l&cat=p&typeid=i","cat":284697},{"id":108349,"n":"Cahier Force 8 Clairefontaine Rose - 17x22cm - 96 pages","p":1.06,"img":"https://fd16-photos.leclercdrive.fr/image.ashx?id=1688567&use=l&cat=p&typeid=i","cat":284697},{"id":108351,"n":"Cahier Force 8 Clairefontaine Rouge  - 17x22cm - 96 pages","p":1.06,"img":"https://fd16-photos.leclercdrive.fr/image.ashx?id=1688573&use=l&cat=p&typeid=i","cat":284697},{"id":108354,"n":"Cahier Force 8 Clairefontaine Vert Anis - 17x22cm - 96 pages","p":1.06,"img":"https://fd16-photos.leclercdrive.fr/image.ashx?id=1690152&use=l&cat=p&typeid=i","cat":284697},{"id":108356,"n":"Cahier Force 8 Clairefontaine Violet  - 17x22cm - 96 pages","p":1.06,"img":"https://fd16-photos.leclercdrive.fr/image.ashx?id=1688585&use=l&cat=p&typeid=i","cat":284697},{"id":108421,"n":"Matière grasse Primevere 63%MG - oméga 3 - 480g","p":5.36,"u":"11,17 €/KG","img":"https://fd16-photos.leclercdrive.fr/image.ashx?id=2936041&use=l&cat=p&typeid=i","cat":315229},{"id":108589,"n":"Protège-document Esquisse x1 Vert - A4 - 80 vues","p":2.49,"img":"https://fd16-photos.leclercdrive.fr/image.ashx?id=932860&use=l&cat=p&typeid=i","cat":284745},{"id":108668,"n":"Bière blonde La Goudale 7.2% vol. - 50cl","p":1.56,"u":"3,12 €/L","img":"https://fd16-photos.leclercdrive.fr/image.ashx?id=2513658&use=l&cat=p&typeid=i","cat":334852},{"id":108711,"n":"Gel Douche Fa Crème Cacao coco flacon - 250ml","p":1.49,"u":"5,96 €/L","img":"https://fd16-photos.leclercdrive.fr/image.ashx?id=2995097&use=l&cat=p&typeid=i","cat":284594},{"id":108712,"n":"Gel douche Fa Caribbean Wave flacon - 250ml","p":1.49,"u":"5,96 €/L","img":"https://fd16-photos.leclercdrive.fr/image.ashx?id=2110236&use=l&cat=p&typeid=i","cat":284594},{"id":108799,"n":"Pain Burger Harrys Nature - 300g","p":1.63,"u":"5,43 €/KG","img":"https://fd16-photos.leclercdrive.fr/image.ashx?id=2569476&use=l&cat=p&typeid=i","cat":325067},{"id":108804,"n":"Compotes Pom'Potes Gourdes  Pomme Nature - 4x90g","p":1.79,"u":"4,97 €/KG","img":"https://fd16-photos.leclercdrive.fr/image.ashx?id=2968079&use=l&cat=p&typeid=i","cat":284508},{"id":108843,"n":"Capsules Nescafé Dolce Gusto  Espresso Intenso - x30","p":8.1,"u":"38,57 €/KG","img":"https://fd16-photos.leclercdrive.fr/image.ashx?id=2859869&use=l&cat=p&typeid=i","cat":293239},{"id":108844,"n":"Plat bébé soir Blédichef 12mois Spaghetti crème légumes -2x230g","p":3.44,"u":"7,48 €/KG","img":"https://fd16-photos.leclercdrive.fr/image.ashx?id=2643494&use=l&cat=p&typeid=i","cat":312239},{"id":108885,"n":"Comté Le Montarlier Président 340g","p":6.61,"u":"19,44 €/KG","img":"https://fd16-photos.leclercdrive.fr/image.ashx?id=2364006&use=l&cat=p&typeid=i","cat":314034},{"id":108936,"n":"AOP Comté Entremont Rapé - 130g","p":2.66,"u":"20,46 €/KG","img":"https://fd16-photos.leclercdrive.fr/image.ashx?id=2983165&use=l&cat=p&typeid=i","cat":314035},{"id":108989,"n":"Boisson Absolut Extrakt Base vodka - 35%vol - 70cl","p":17.79,"u":"25,41 €/L","img":"https://fd16-photos.leclercdrive.fr/image.ashx?id=2093700&use=l&cat=p&typeid=i","cat":284550},{"id":108997,"n":"Crème dessert Danette vanille chocolat -16x115g","p":4.84,"u":"2,63 €/KG","img":"https://fd16-photos.leclercdrive.fr/image.ashx?id=2949850&use=l&cat=p&typeid=i","cat":285041},{"id":109267,"n":"Panaché Force 4 0,4° - 10x25cl","p":4.09,"u":"1,64 €/L","img":"https://fd16-photos.leclercdrive.fr/image.ashx?id=2473321&use=l&cat=p&typeid=i","cat":334877},{"id":109274,"n":"Yaourt Enfant Petits Filous Aromatisé à la Fraise - 6x100g","p":2.9,"u":"4,83 €/KG","img":"https://fd16-photos.leclercdrive.fr/image.ashx?id=2748434&use=l&cat=p&typeid=i","cat":284415},{"id":109330,"n":"Saucisson Noix de jambon  AOSTE VPF - 190g","p":4.65,"u":"24,47 €/P","img":"https://fd16-photos.leclercdrive.fr/image.ashx?id=2985276&use=l&cat=p&typeid=i","cat":316006},{"id":109348,"n":"Panaché Falsbourg <0.5% vol. Canettes - 6x33cl","p":3.11,"u":"1,57 €/L","img":"https://fd16-photos.leclercdrive.fr/image.ashx?id=2637958&use=l&cat=p&typeid=i","cat":334853},{"id":109418,"n":"Rillettes de Thon MSC Ronde des Mers - 125g","p":1.69,"u":"13,52 €/KG","img":"https://fd16-photos.leclercdrive.fr/image.ashx?id=2436696&use=l&cat=p&typeid=i","cat":303867},{"id":109437,"n":"Repas bébé Blédichef 12 mois  Couscous - 2x230g","p":3.69,"u":"8,02 €/KG","img":"https://fd16-photos.leclercdrive.fr/image.ashx?id=2479706&use=l&cat=p&typeid=i","cat":312237},{"id":109456,"n":"AOP Alsace Sylvaner sec Wolfberger 75 cl","p":5.56,"u":"7,41 €/L","img":"https://fd16-photos.leclercdrive.fr/image.ashx?id=2692329&use=l&cat=p&typeid=i","cat":289557},{"id":109457,"n":"Boisson lactée Danao Pêche Abricot - 900ml","p":2.7,"u":"3,00 €/L","img":"https://fd16-photos.leclercdrive.fr/image.ashx?id=2606367&use=l&cat=p&typeid=i","cat":285435},{"id":109509,"n":"crème dessert café danette - 4x125g","p":1.66,"u":"3,32 €/KG","img":"https://fd16-photos.leclercdrive.fr/image.ashx?id=2961867&use=l&cat=p&typeid=i","cat":285041},{"id":109565,"n":"Thon entier MSC Pêche Océan Naturel - 93g","p":1.99,"u":"21,40 €/KG","img":"https://fd16-photos.leclercdrive.fr/image.ashx?id=2942217&use=l&cat=p&typeid=i","cat":303867},{"id":109578,"n":"Mouchoirs Ultra Soft Kleenex® Etuis mini x10","p":1.99,"u":"0,20 €/P","img":"https://fd16-photos.leclercdrive.fr/image.ashx?id=2840307&use=l&cat=p&typeid=i","cat":284638},{"id":109579,"n":"Pain de mie 100% Mie Harrys Nature sans sucre ajouté - 500g","p":2.39,"u":"4,78 €/KG","img":"https://fd16-photos.leclercdrive.fr/image.ashx?id=2517477&use=l&cat=p&typeid=i","cat":284477},{"id":109587,"n":"Diffuseur électrique Glade + Recharge Bois de Santal 20ml","p":5.65,"img":"https://fd16-photos.leclercdrive.fr/image.ashx?id=2864152&use=l&cat=p&typeid=i","cat":311629},{"id":109589,"n":"Mouchoirs Balsam Kleenex® Etuis regular x10","p":2.16,"u":"0,22 €/P","img":"https://fd16-photos.leclercdrive.fr/image.ashx?id=2840304&use=l&cat=p&typeid=i","cat":284638},{"id":109609,"n":"Petit suisse nature Gervais 3,9% MG - 12x60g","p":2.7,"u":"3,75 €/KG","img":"https://fd16-photos.leclercdrive.fr/image.ashx?id=2256757&use=l&cat=p&typeid=i","cat":284409},{"id":109662,"n":"Chocolats Schoko-bons Kinder 125g","p":2.69,"u":"21,52 €/KG","img":"https://fd16-photos.leclercdrive.fr/image.ashx?id=2498461&use=l&cat=p&typeid=i","cat":304238},{"id":109664,"n":"Tomato Ketchup Allégé Heinz 50% sucre/sel en moins - 625g","p":3.29,"u":"5,26 €/KG","img":"https://fd16-photos.leclercdrive.fr/image.ashx?id=2927717&use=l&cat=p&typeid=i","cat":284455},{"id":109742,"n":"Jus pour bébé NATURNES BIO Poire Abricot 6M+ - 20cl","p":0.97,"u":"4,85 €/L","img":"https://fd16-photos.leclercdrive.fr/image.ashx?id=2532258&use=l&cat=p&typeid=i","cat":312388},{"id":109753,"n":"Sauce crudité Amora Nature - 380ml","p":1.92,"u":"5,05 €/KG","img":"https://fd16-photos.leclercdrive.fr/image.ashx?id=2644995&use=l&cat=p&typeid=i","cat":284456},{"id":109763,"n":"Assiette dessert Eco+ Opale 20cm - 1 pièce","p":0.77,"img":"https://fd16-photos.leclercdrive.fr/image.ashx?id=1706760&use=l&cat=p&typeid=i","cat":334134},{"id":109770,"n":"Assiette creuse Ardence 19.5cm rouge - 1 pièce","p":2.59,"img":"https://fd16-photos.leclercdrive.fr/image.ashx?id=1706769&use=l&cat=p&typeid=i","cat":334134},{"id":109892,"n":"Soda Coca-Cola Cherry Bouteille - 1,25L","p":1.8,"u":"1,44 €/L","img":"https://fd16-photos.leclercdrive.fr/image.ashx?id=2678161&use=l&cat=p&typeid=i","cat":284530},{"id":109893,"n":"Soda Coca-Cola Vanille Bouteille - 1,25L","p":1.95,"u":"1,56 €/L","img":"https://fd16-photos.leclercdrive.fr/image.ashx?id=2678164&use=l&cat=p&typeid=i","cat":284530},{"id":109970,"n":"Huile Spéciale Pizza Soléou 25cl","p":1.85,"u":"7,40 €/L","img":"https://fd16-photos.leclercdrive.fr/image.ashx?id=2549651&use=l&cat=p&typeid=i","cat":284453},{"id":110000,"n":"Cornichons fins AMORA Bocal - 540g","p":3.9,"u":"7,22 €/KG","img":"https://fd16-photos.leclercdrive.fr/image.ashx?id=2672710&use=l&cat=p&typeid=i","cat":284458},{"id":110005,"n":"Repas bébé Blédichef 12 mois  Riz légumes poulet - 2x230g","p":3.68,"u":"8,00 €/KG","img":"https://fd16-photos.leclercdrive.fr/image.ashx?id=2361843&use=l&cat=p&typeid=i","cat":312237},{"id":110009,"n":"Boisson végétale Bio Village Epeautre bio - 1l","p":1.9,"u":"1,90 €/L","img":"https://fd16-photos.leclercdrive.fr/image.ashx?id=2384935&use=l&cat=p&typeid=i","cat":316067},{"id":110011,"n":"Repas bébé Blédichef 18 mois  Pâtes butternut poisson -2x250g","p":4.04,"u":"8,08 €/KG","img":"https://fd16-photos.leclercdrive.fr/image.ashx?id=2479715&use=l&cat=p&typeid=i","cat":312238},{"id":110022,"n":"Chien Medium/maxi Adulte One  Contrôle de poids - dinde 2.5kg","p":8.48,"u":"3,39 €/KG","img":"https://fd16-photos.leclercdrive.fr/image.ashx?id=2434494&use=l&cat=p&typeid=i","cat":284672},{"id":110039,"n":"Boisson amande Nat & Vie Sans sucre - 1L","p":1.36,"u":"1,36 €/L","img":"https://fd16-photos.leclercdrive.fr/image.ashx?id=2882340&use=l&cat=p&typeid=i","cat":316067},{"id":110052,"n":"Sucre Perles Daddy 350g","p":2.11,"u":"6,03 €/KG","img":"https://fd16-photos.leclercdrive.fr/image.ashx?id=2826960&use=l&cat=p&typeid=i","cat":284502},{"id":110058,"n":"Crêpe fourrée Whaou Chocolat - x24 - 768g","p":4.15,"u":"5,40 €/KG","img":"https://fd16-photos.leclercdrive.fr/image.ashx?id=2955818&use=l&cat=p&typeid=i","cat":284494},{"id":110086,"n":"Joker Le Fruit Jus d'orange Et d'agrumes - 1L","p":2.16,"u":"2,16 €/L","img":"https://fd16-photos.leclercdrive.fr/image.ashx?id=2678960&use=l&cat=p&typeid=i","cat":284521},{"id":110095,"n":"Sauce chinoise 290g","p":1.79,"u":"6,17 €/KG","img":"https://fd16-photos.leclercdrive.fr/image.ashx?id=2458145&use=l&cat=p&typeid=i","cat":318431},{"id":110098,"n":"Sirop la maison Guiot Framboise - 70cl","p":2.9,"u":"4,14 €/L","img":"https://fd16-photos.leclercdrive.fr/image.ashx?id=2857141&use=l&cat=p&typeid=i","cat":295020},{"id":110121,"n":"Whisky Aberlour 10 ans Forest Single Malt Scotch 40% vol 70cl","p":25.81,"u":"36,87 €/L","img":"https://fd16-photos.leclercdrive.fr/image.ashx?id=3014871&use=l&cat=p&typeid=i","cat":284547},{"id":110130,"n":"Dessert lacté Bio Village Bio - Abricot 6-9 mois 4x100g","p":2.04,"u":"5,10 €/KG","img":"https://fd16-photos.leclercdrive.fr/image.ashx?id=2709752&use=l&cat=p&typeid=i","cat":312392},{"id":110133,"n":"Dessert lacté bio Bio Village Fraise brassé - 6-9 mois 4x100g","p":2.09,"u":"5,23 €/KG","img":"https://fd16-photos.leclercdrive.fr/image.ashx?id=2709755&use=l&cat=p&typeid=i","cat":312392},{"id":110134,"n":"Dessert lacté Bio Village Bio  6-9 mois 4x100g","p":2.12,"u":"5,30 €/KG","img":"https://fd16-photos.leclercdrive.fr/image.ashx?id=2709758&use=l&cat=p&typeid=i","cat":312392},{"id":110159,"n":"Bol légumes saumon Bio Village Bio - 12 mois - 2x200g","p":2.69,"u":"6,73 €/KG","img":"https://fd16-photos.leclercdrive.fr/image.ashx?id=2704783&use=l&cat=p&typeid=i","cat":312237},{"id":110163,"n":"AOP Crémant d'Alsace brut  Ernest Wein - 75 cl","p":5.95,"u":"7,93 €/L","img":"https://fd16-photos.leclercdrive.fr/image.ashx?id=1880215&use=l&cat=p&typeid=i","cat":284545},{"id":110566,"n":"Crème dépilatoire Veet Men Corps Peaux Sensibles 200ml","p":4.66,"u":"23,30 €/L","img":"https://fd16-photos.leclercdrive.fr/image.ashx?id=2965689&use=l&cat=p&typeid=i","cat":284617},{"id":110568,"n":"Gel Lubrifiant Intime Durex Naturel Confort Base Eau 100ml","p":7.62,"u":"76,20 €/L","img":"https://fd16-photos.leclercdrive.fr/image.ashx?id=2960687&use=l&cat=p&typeid=i","cat":285160},{"id":110573,"n":"Culotte absorbante Chorys Plus médium - x14","p":7.93,"u":"0,57 €/P","img":"https://fd16-photos.leclercdrive.fr/image.ashx?id=2458109&use=l&cat=p&typeid=i","cat":284628},{"id":110574,"n":"Culotte absorbante Chorys Plus large - x14","p":8.65,"u":"0,62 €/P","img":"https://fd16-photos.leclercdrive.fr/image.ashx?id=2458112&use=l&cat=p&typeid=i","cat":284628},{"id":110577,"n":"Serviette incontinence Chorys Normal - x16","p":2.62,"u":"0,16 €/P","img":"https://fd16-photos.leclercdrive.fr/image.ashx?id=2393899&use=l&cat=p&typeid=i","cat":284628},{"id":110589,"n":"Serviette incontinence Chorys Super+ - x14","p":2.2,"u":"0,16 €/P","img":"https://fd16-photos.leclercdrive.fr/image.ashx?id=2162003&use=l&cat=p&typeid=i","cat":284628},{"id":110595,"n":"Gel Lave-Vaisselle Sun Tout-en-1 Expert Plus 52 Lavage","p":7.9,"u":"8,78 €/L","img":"https://fd16-photos.leclercdrive.fr/image.ashx?id=2835580&use=l&cat=p&typeid=i","cat":284656},{"id":110596,"n":"Poudre Lave Vaisselle Sun Classique 90 Lavages","p":8.99,"u":"3,15 €/KG","img":"https://fd16-photos.leclercdrive.fr/image.ashx?id=2866172&use=l&cat=p&typeid=i","cat":284656},{"id":110620,"n":"AOP Bordeaux Vin rouge Dourthe La grande cuvée - 75 cl","p":6.98,"u":"9,31 €/L","img":"https://fd16-photos.leclercdrive.fr/image.ashx?id=2846415&use=l&cat=p&typeid=i","cat":289556},{"id":110621,"n":"AOP Bordeaux Vin blanc. Dourthe La grande cuvée - 75cl","p":6.98,"u":"9,31 €/L","img":"https://fd16-photos.leclercdrive.fr/image.ashx?id=2926374&use=l&cat=p&typeid=i","cat":289557},{"id":110643,"n":"Yaourt à la Grecque Délisse Caramel beurre salé - 4x150g","p":2.59,"u":"4,32 €/KG","img":"https://fd16-photos.leclercdrive.fr/image.ashx?id=2699753&use=l&cat=p&typeid=i","cat":314999},{"id":110676,"n":"Riz cuisine Bio Village Fluide bio - 3x20cl","p":2.49,"u":"4,15 €/KG","img":"https://fd16-photos.leclercdrive.fr/image.ashx?id=2717260&use=l&cat=p&typeid=i","cat":288381},{"id":110678,"n":"Bouillon cube Bio Village Volaille Bio - x8 - 80g","p":1.43,"u":"17,88 €/KG","img":"https://fd16-photos.leclercdrive.fr/image.ashx?id=2140950&use=l&cat=p&typeid=i","cat":288379},{"id":110684,"n":"Saladier Eco+ White Moon 24cm - 1 pièce","p":2.96,"img":"https://fd16-photos.leclercdrive.fr/image.ashx?id=1706763&use=l&cat=p&typeid=i","cat":334134},{"id":110707,"n":"Beurre gastronomique Les Croisé Doux - 82% MG - 250g","p":2.49,"u":"9,96 €/KG","img":"https://fd16-photos.leclercdrive.fr/image.ashx?id=2833005&use=l&cat=p&typeid=i","cat":284379},{"id":110708,"n":"Beurre Les Croisés Demi-sel - 80% MG - 250g","p":2.49,"u":"9,96 €/KG","img":"https://fd16-photos.leclercdrive.fr/image.ashx?id=2778084&use=l&cat=p&typeid=i","cat":284379},{"id":110712,"n":"Boisson lacté Délisse Vanille - 6x20cl","p":2.19,"u":"1,83 €/L","img":"https://fd16-photos.leclercdrive.fr/image.ashx?id=2171916&use=l&cat=p&typeid=i","cat":295246},{"id":110767,"n":"Tasse Ardence 9cl - 1 pièce","p":0.9,"img":"https://fd16-photos.leclercdrive.fr/image.ashx?id=1704508&use=l&cat=p&typeid=i","cat":334134},{"id":110819,"n":"Protège-document Esquisse x1 Fuchsia - A4 - 80 vues","p":2.49,"img":"https://fd16-photos.leclercdrive.fr/image.ashx?id=1694269&use=l&cat=p&typeid=i","cat":284745},{"id":110827,"n":"Jus pour bébé Naturnes Bio Pomme mangue 6M+ 20cl","p":0.78,"u":"3,90 €/L","img":"https://fd16-photos.leclercdrive.fr/image.ashx?id=2406235&use=l&cat=p&typeid=i","cat":312388},{"id":110845,"n":"Huile végétale So'Bio Etic Amande douce bio - 50ml","p":4.93,"u":"98,60 €/L","img":"https://fd16-photos.leclercdrive.fr/image.ashx?id=2827956&use=l&cat=p&typeid=i","cat":325349},{"id":110849,"n":"Dentifrice Bionaïa Charbon bio - 75ml","p":1.99,"u":"26,53 €/L","img":"https://fd16-photos.leclercdrive.fr/image.ashx?id=2529546&use=l&cat=p&typeid=i","cat":284612},{"id":110856,"n":"Pack bières blondes 8.6 8.6%vol - 4x50cl","p":5.35,"u":"2,68 €/L","img":"https://fd16-photos.leclercdrive.fr/image.ashx?id=2841601&use=l&cat=p&typeid=i","cat":334853},{"id":110857,"n":"Boisson effervescente base vin Désalcoolisé Diane D’Arria 75cl","p":2.79,"u":"3,72 €/L","img":"https://fd16-photos.leclercdrive.fr/image.ashx?id=2149728&use=l&cat=p&typeid=i","cat":289460},{"id":110858,"n":"Jus pour bébé Naturnes 6 mois Poire Banane Bio - 200ml","p":0.97,"u":"4,85 €/L","img":"https://fd16-photos.leclercdrive.fr/image.ashx?id=2406238&use=l&cat=p&typeid=i","cat":312388},{"id":110859,"n":"Bières blonde original 8.6 8.6%vol - 50cl","p":1.36,"u":"2,72 €/L","img":"https://fd16-photos.leclercdrive.fr/image.ashx?id=2112516&use=l&cat=p&typeid=i","cat":334853},{"id":110902,"n":"48 escargots Helix Lucorum Recette bourguignonne - 269g","p":9.99,"u":"37,14 €/KG","img":"https://fd16-photos.leclercdrive.fr/image.ashx?id=2871865&use=l&cat=p&typeid=i","cat":319775},{"id":110913,"n":"Sirop sport Grenadine - 60cl","p":2.27,"u":"3,78 €/L","img":"https://fd16-photos.leclercdrive.fr/image.ashx?id=1892348&use=l&cat=p&typeid=i","cat":295020},{"id":110914,"n":"Sirop de menthe Sport 60cl","p":3.29,"u":"5,48 €/L","img":"https://fd16-photos.leclercdrive.fr/image.ashx?id=1892345&use=l&cat=p&typeid=i","cat":295020},{"id":110916,"n":"Sirop sport Fraise - 60cl","p":2.41,"u":"4,02 €/L","img":"https://fd16-photos.leclercdrive.fr/image.ashx?id=2103130&use=l&cat=p&typeid=i","cat":295020},{"id":110917,"n":"Sirop sport Pêche - 60cl","p":2.2,"u":"3,67 €/L","img":"https://fd16-photos.leclercdrive.fr/image.ashx?id=2103127&use=l&cat=p&typeid=i","cat":295020},{"id":110919,"n":"Sirop sport Ice Tea - 60cl","p":2.2,"u":"3,67 €/L","img":"https://fd16-photos.leclercdrive.fr/image.ashx?id=2103133&use=l&cat=p&typeid=i","cat":295020},{"id":111207,"n":"Jenlain ambrée 75cl","p":2.97,"u":"3,96 €/L","img":"https://fd16-photos.leclercdrive.fr/image.ashx?id=2732848&use=l&cat=p&typeid=i","cat":334852},{"id":111362,"n":"Poitrine Fumée Eco+ 4 tranches","p":2.83,"u":"0,71 €/TRC","img":"https://fd16-photos.leclercdrive.fr/image.ashx?id=2709559&use=l&cat=p&typeid=i","cat":316011},{"id":111363,"n":"Allumettes Eco+ Nature - 2x100g","p":1.19,"u":"5,95 €/KG","img":"https://fd16-photos.leclercdrive.fr/image.ashx?id=2688255&use=l&cat=p&typeid=i","cat":316011},{"id":111365,"n":"Lardons Eco+ Fumés - 180g","p":1.32,"u":"7,33 €/KG","img":"https://fd16-photos.leclercdrive.fr/image.ashx?id=2805066&use=l&cat=p&typeid=i","cat":316011},{"id":111368,"n":"Lardons nature Eco+ 180g","p":1.2,"u":"6,67 €/KG","img":"https://fd16-photos.leclercdrive.fr/image.ashx?id=2809888&use=l&cat=p&typeid=i","cat":316011},{"id":111385,"n":"Croquette chat stérilisé Ultima Boeuf - 1.5kg","p":6.92,"u":"4,61 €/KG","img":"https://fd16-photos.leclercdrive.fr/image.ashx?id=2921903&use=l&cat=p&typeid=i","cat":284680},{"id":111414,"n":"Repas bébé Blédichef 12 mois  Spaghetti bolognaise - 230g","p":1.75,"u":"7,61 €/KG","img":"https://fd16-photos.leclercdrive.fr/image.ashx?id=2643491&use=l&cat=p&typeid=i","cat":312237},{"id":111415,"n":"Repas bébé Blédichef 12 mois Purée épinards saumon - 230g","p":1.8,"u":"7,20 €/KG","img":"https://fd16-photos.leclercdrive.fr/image.ashx?id=1710731&use=l&cat=p&typeid=i","cat":312237},{"id":111417,"n":"Trieur Esquisse 3 rabats Vert - 12 positions","p":3.89,"img":"https://fd16-photos.leclercdrive.fr/image.ashx?id=1186006&use=l&cat=p&typeid=i","cat":284745},{"id":111418,"n":"Repas bébé Blédichef 15 mois Risotto courgette saumon - 250g","p":1.98,"u":"7,92 €/KG","img":"https://fd16-photos.leclercdrive.fr/image.ashx?id=2643488&use=l&cat=p&typeid=i","cat":312238},{"id":111419,"n":"Repas bébé Blédichef 24 mois  Macaroni carotte boeuf - 250g","p":2.0,"u":"8,00 €/KG","img":"https://fd16-photos.leclercdrive.fr/image.ashx?id=2951593&use=l&cat=p&typeid=i","cat":312238},{"id":111425,"n":"Chips lentilles Vico Fines herbes - 85g","p":1.71,"u":"20,12 €/KG","img":"https://fd16-photos.leclercdrive.fr/image.ashx?id=3000096&use=l&cat=p&typeid=i","cat":284447},{"id":111428,"n":"Thé vert citron vert Twinings Gingembre - 20 sachets - 32g","p":2.9,"u":"90,63 €/KG","img":"https://fd16-photos.leclercdrive.fr/image.ashx?id=2893042&use=l&cat=p&typeid=i","cat":293233},{"id":111432,"n":"Plat bébé soir Blédichef 15mois Pomme de terre chou fleur -250g","p":1.93,"u":"7,72 €/KG","img":"https://fd16-photos.leclercdrive.fr/image.ashx?id=2479018&use=l&cat=p&typeid=i","cat":312239},{"id":111433,"n":"Repas bébé Blédichef 18 mois  Paëlla - 250g","p":1.9,"u":"7,60 €/KG","img":"https://fd16-photos.leclercdrive.fr/image.ashx?id=2951587&use=l&cat=p&typeid=i","cat":312238},{"id":111435,"n":"Repas bébé Blédichef 18 mois  Ratatouille poulet - 250g","p":1.92,"u":"7,68 €/KG","img":"https://fd16-photos.leclercdrive.fr/image.ashx?id=2951596&use=l&cat=p&typeid=i","cat":312238},{"id":111587,"n":"Café dosettes Tassimo L'Or XL Classique x16","p":4.87,"u":"35,81 €/KG","img":"https://fd16-photos.leclercdrive.fr/image.ashx?id=2100308&use=l&cat=p&typeid=i","cat":293240},{"id":111590,"n":"Capsules café L'Or Espresso Lungo Mattinata N°5 x10","p":3.59,"u":"69,04 €/KG","img":"https://fd16-photos.leclercdrive.fr/image.ashx?id=3002309&use=l&cat=p&typeid=i","cat":284749},{"id":111641,"n":"Pur jus d'ananas Bio Village Bio - 6x20cl","p":4.98,"u":"4,15 €/L","img":"https://fd16-photos.leclercdrive.fr/image.ashx?id=2595052&use=l&cat=p&typeid=i","cat":284916},{"id":111828,"n":"Compote Charles & Alice Pommes Framboises - 4x100g","p":1.76,"u":"4,40 €/KG","img":"https://fd16-photos.leclercdrive.fr/image.ashx?id=2757341&use=l&cat=p&typeid=i","cat":284416},{"id":111893,"n":"Crème anti-crevasses Primoplast Talons - 60ml","p":2.89,"u":"48,17 €/L","img":"https://fd16-photos.leclercdrive.fr/image.ashx?id=2856567&use=l&cat=p&typeid=i","cat":325354},{"id":111894,"n":"Coloration Perfect Mousse  Schwarzkopf - 668 noisette","p":7.45,"img":"https://fd16-photos.leclercdrive.fr/image.ashx?id=2856709&use=l&cat=p&typeid=i","cat":288899},{"id":111895,"n":"Coloration Perfect Mousse Schwarzkopf - 500 châtain","p":6.65,"img":"https://fd16-photos.leclercdrive.fr/image.ashx?id=2970882&use=l&cat=p&typeid=i","cat":288899},{"id":111896,"n":"Coloration Perfect Mousse Schwarzkopf - 200 noir","p":6.34,"img":"https://fd16-photos.leclercdrive.fr/image.ashx?id=2970885&use=l&cat=p&typeid=i","cat":288899},{"id":111897,"n":"Coloration Casting crème gloss Prune exquise N°316","p":8.97,"img":"https://fd16-photos.leclercdrive.fr/image.ashx?id=2869074&use=l&cat=p&typeid=i","cat":288899},{"id":111899,"n":"Coloration Perfect Mousse Schwarzkopf - 465 châtain choco","p":6.93,"img":"https://fd16-photos.leclercdrive.fr/image.ashx?id=2921555&use=l&cat=p&typeid=i","cat":288899},{"id":111900,"n":"Coloration Permanente Olia 4.0 Chatain Pur sans ammoniaque","p":8.53,"img":"https://fd16-photos.leclercdrive.fr/image.ashx?id=2471319&use=l&cat=p&typeid=i","cat":288899},{"id":111902,"n":"Coloration Permanente Olia 5.0 Chatain Clair","p":8.81,"img":"https://fd16-photos.leclercdrive.fr/image.ashx?id=2471325&use=l&cat=p&typeid=i","cat":288899},{"id":111903,"n":"Coloration Permanente Olia 5.3 Chatain Clair Doré","p":8.96,"img":"https://fd16-photos.leclercdrive.fr/image.ashx?id=2520494&use=l&cat=p&typeid=i","cat":288899},{"id":111907,"n":"Déodorant compressé Ushuaïa Fleur d'Oranger - 100ml","p":3.17,"u":"31,70 €/L","img":"https://fd16-photos.leclercdrive.fr/image.ashx?id=2474614&use=l&cat=p&typeid=i","cat":284595},{"id":111908,"n":"Huile d'amande douce Primoplast 100ml","p":3.25,"u":"32,50 €/L","img":"https://fd16-photos.leclercdrive.fr/image.ashx?id=2856576&use=l&cat=p&typeid=i","cat":284630},{"id":111910,"n":"Gommage tube Manava 150ml","p":1.99,"u":"13,27 €/L","img":"https://fd16-photos.leclercdrive.fr/image.ashx?id=2515691&use=l&cat=p&typeid=i","cat":284594},{"id":111911,"n":"Crème anti-rides Bionaïa Bio - 50ml","p":5.59,"u":"111,80 €/L","img":"https://fd16-photos.leclercdrive.fr/image.ashx?id=2436702&use=l&cat=p&typeid=i","cat":325345},{"id":111912,"n":"AOP Côtes du Rhône rouge - 14% Cellier des Dauphins - 75 cl","p":5.91,"u":"7,88 €/L","img":"https://fd16-photos.leclercdrive.fr/image.ashx?id=1954469&use=l&cat=p&typeid=i","cat":289556},{"id":111986,"n":"Repas bébé Blédichef 12 mois  Ratatouille duo poissons - 230g","p":1.81,"u":"7,87 €/KG","img":"https://fd16-photos.leclercdrive.fr/image.ashx?id=2852366&use=l&cat=p&typeid=i","cat":312237},{"id":111987,"n":"Repas bébé Blédichef 18 mois  Pâtes boeuf bourguignon - 250g","p":2.0,"u":"8,00 €/KG","img":"https://fd16-photos.leclercdrive.fr/image.ashx?id=2643746&use=l&cat=p&typeid=i","cat":312238},{"id":111988,"n":"Plat bébé soir Blédichef 18mois Pâtes carotte - 250g","p":1.79,"u":"7,16 €/KG","img":"https://fd16-photos.leclercdrive.fr/image.ashx?id=2479024&use=l&cat=p&typeid=i","cat":312239},{"id":111989,"n":"Plat bébé soir Blédichef 12mois Semoule carotte - 230g","p":1.72,"u":"7,48 €/KG","img":"https://fd16-photos.leclercdrive.fr/image.ashx?id=2852363&use=l&cat=p&typeid=i","cat":312239},{"id":111990,"n":"Plat bébé soir Blédichef 18mois Pâtes épinards carotte - 250g","p":2.06,"u":"8,24 €/KG","img":"https://fd16-photos.leclercdrive.fr/image.ashx?id=2479027&use=l&cat=p&typeid=i","cat":312239},{"id":111991,"n":"Repas bébé Blédichef 18 mois  Légumes volaille basquaise-250g","p":2.0,"u":"8,00 €/KG","img":"https://fd16-photos.leclercdrive.fr/image.ashx?id=2852369&use=l&cat=p&typeid=i","cat":312238},{"id":112025,"n":"Fromage St Marcellin IGP 25%mg NRT - 80g","p":1.59,"u":"19,88 €/KG","img":"https://fd16-photos.leclercdrive.fr/image.ashx?id=2174738&use=l&cat=p&typeid=i","cat":329558},{"id":112026,"n":"Fromage Saint Félicien Dauphine NRT - 180g","p":2.65,"u":"14,72 €/KG","img":"https://fd16-photos.leclercdrive.fr/image.ashx?id=2600617&use=l&cat=p&typeid=i","cat":329558},{"id":112125,"n":"Crème nutritive nuit So'bio Précieux Argan bio  - 50ml","p":11.65,"u":"233,00 €/L","img":"https://fd16-photos.leclercdrive.fr/image.ashx?id=2990715&use=l&cat=p&typeid=i","cat":325345},{"id":112126,"n":"Crème rose jour So'Bio Etic Précieux Argan bio - 50ml","p":11.08,"u":"221,60 €/L","img":"https://fd16-photos.leclercdrive.fr/image.ashx?id=2792687&use=l&cat=p&typeid=i","cat":325345},{"id":112143,"n":"Oignon rouge Panier du Primeur x4","p":1.79,"u":"0,45 €/P","img":"https://fd16-photos.leclercdrive.fr/image.ashx?id=2966490&use=l&cat=p&typeid=i","cat":284352},{"id":112153,"n":"Planta Fin Cuisson 79%MG - 500ml","p":2.55,"u":"5,10 €/L","img":"https://fd16-photos.leclercdrive.fr/image.ashx?id=2793083&use=l&cat=p&typeid=i","cat":315229},{"id":112163,"n":"Bière blonde 8.6 I.P.L  Blonde - 50cl","p":1.68,"u":"3,36 €/L","img":"https://fd16-photos.leclercdrive.fr/image.ashx?id=2677618&use=l&cat=p&typeid=i","cat":334853},{"id":112210,"n":"Bière blonde Affligem 6x25cl","p":5.29,"u":"3,53 €/L","img":"https://fd16-photos.leclercdrive.fr/image.ashx?id=2530323&use=l&cat=p&typeid=i","cat":334852},{"id":112292,"n":"Yaourt protéiné Hipro Citron 0%mg - 2x160g","p":2.15,"u":"6,72 €/KG","img":"https://fd16-photos.leclercdrive.fr/image.ashx?id=2945415&use=l&cat=p&typeid=i","cat":315000},{"id":112294,"n":"Yaourt à boire protéiné Hipro Fraise framboise 0%mg - 300g","p":2.05,"u":"6,83 €/KG","img":"https://fd16-photos.leclercdrive.fr/image.ashx?id=2806060&use=l&cat=p&typeid=i","cat":315000},{"id":112330,"n":"Sauce soja sucre Kikkoman Carafe - 150ml","p":4.45,"u":"29,67 €/L","img":"https://fd16-photos.leclercdrive.fr/image.ashx?id=2536293&use=l&cat=p&typeid=i","cat":288992},{"id":112374,"n":"Matière grasse Saint Hubert Sans sel - 50mg omega 3 - 250g","p":2.43,"u":"9,72 €/KG","img":"https://fd16-photos.leclercdrive.fr/image.ashx?id=3000120&use=l&cat=p&typeid=i","cat":315229},{"id":112388,"n":"Goupillon Mots d'Enfants Vert -bout éponge, rince tétine","p":2.45,"img":"https://fd16-photos.leclercdrive.fr/image.ashx?id=2693383&use=l&cat=p&typeid=i","cat":284742},{"id":112414,"n":"Potatoes épices douces McCain Original Potatoes - 780g","p":2.73,"u":"3,50 €/KG","img":"https://fd16-photos.leclercdrive.fr/image.ashx?id=2737915&use=l&cat=p&typeid=i","cat":319791},{"id":112474,"n":"Mousse Danette  Caramel - 4x60g","p":1.7,"u":"7,08 €/KG","img":"https://fd16-photos.leclercdrive.fr/image.ashx?id=2939184&use=l&cat=p&typeid=i","cat":284417},{"id":112503,"n":"Baume de nuit La Provençale Bio Anti-Âge regénérant - 50ml","p":7.85,"u":"157,00 €/L","img":"https://fd16-photos.leclercdrive.fr/image.ashx?id=2950360&use=l&cat=p&typeid=i","cat":325345},{"id":112557,"n":"Gnocchi à poêler Lustucru Fromage - 2x300g+ 300g offerts","p":3.19,"u":"3,54 €/KG","img":"https://fd16-photos.leclercdrive.fr/image.ashx?id=2192398&use=l&cat=p&typeid=i","cat":333682},{"id":112624,"n":"Semoule au lait La Laitière Vanille - 4x115g","p":1.66,"u":"3,61 €/KG","img":"https://fd16-photos.leclercdrive.fr/image.ashx?id=2654578&use=l&cat=p&typeid=i","cat":284418},{"id":112637,"n":"Bière framboise de St Omer 2.8%vol - 6x25cl","p":4.12,"u":"3,30 €/L","img":"https://fd16-photos.leclercdrive.fr/image.ashx?id=2431809&use=l&cat=p&typeid=i","cat":334878},{"id":112666,"n":"Meringues Valdelice Fantaisie P'tit bout - 250g","p":2.19,"u":"8,76 €/KG","img":"https://fd16-photos.leclercdrive.fr/image.ashx?id=2865854&use=l&cat=p&typeid=i","cat":327605},{"id":112690,"n":"Gianduiotti noir Novi 150g","p":3.9,"u":"26,00 €/KG","img":"https://fd16-photos.leclercdrive.fr/image.ashx?id=2615158&use=l&cat=p&typeid=i","cat":327595},{"id":112806,"n":"Soupe Liquide Liebig  10 Légumes & Crème fraiche - 1L","p":2.45,"u":"2,45 €/L","img":"https://fd16-photos.leclercdrive.fr/image.ashx?id=2941484&use=l&cat=p&typeid=i","cat":284462},{"id":112807,"n":"Soupe liquide Liebig  Légumes et vermicelles - 2x30cl","p":2.0,"u":"3,33 €/L","img":"https://fd16-photos.leclercdrive.fr/image.ashx?id=2164075&use=l&cat=p&typeid=i","cat":284462},{"id":112808,"n":"Soupe liquide Liebig légumes Et vermicelles - Brique 1L","p":2.16,"u":"2,16 €/L","img":"https://fd16-photos.leclercdrive.fr/image.ashx?id=2892142&use=l&cat=p&typeid=i","cat":284462},{"id":112811,"n":"Gel Lave-Vaisselle Sun Tout-en-1 Citron 52 Lavages","p":7.9,"u":"8,78 €/L","img":"https://fd16-photos.leclercdrive.fr/image.ashx?id=2356268&use=l&cat=p&typeid=i","cat":284656},{"id":112933,"n":"Soupe liquide brique Liebig  Mouliné Légumes d'hiver 2x30cl","p":2.37,"u":"3,95 €/L","img":"https://fd16-photos.leclercdrive.fr/image.ashx?id=2369918&use=l&cat=p&typeid=i","cat":284462},{"id":112947,"n":"Tablette de Chocolat Côte d'Or Praliné lait cajou amande 200g","p":3.19,"u":"15,95 €/KG","img":"https://fd16-photos.leclercdrive.fr/image.ashx?id=2957773&use=l&cat=p&typeid=i","cat":284497},{"id":113052,"n":"Confiture Bonne Maman Cerise intense - 335g","p":2.43,"u":"7,25 €/KG","img":"https://fd16-photos.leclercdrive.fr/image.ashx?id=2341023&use=l&cat=p&typeid=i","cat":284480},{"id":113110,"n":"Tartine Grilletine de Pasquier Blé complet - x18 - 242g","p":1.62,"u":"6,69 €/KG","img":"https://fd16-photos.leclercdrive.fr/image.ashx?id=2333063&use=l&cat=p&typeid=i","cat":284479},{"id":113118,"n":"Dès de meule Les Croisés Fruitée - 150g","p":2.75,"u":"18,33 €/KG","img":"https://fd16-photos.leclercdrive.fr/image.ashx?id=1864494&use=l&cat=p&typeid=i","cat":314027},{"id":113163,"n":"Framboises Panier du Primeur 125g","p":2.59,"u":"20,72 €/KG","img":"https://fd16-photos.leclercdrive.fr/image.ashx?id=2843800&use=l&cat=p&typeid=i","cat":284356},{"id":113287,"n":"Bière Ambree Jenlain 6x25cl","p":5.65,"u":"3,77 €/L","img":"https://fd16-photos.leclercdrive.fr/image.ashx?id=2504677&use=l&cat=p&typeid=i","cat":334852},{"id":113292,"n":"Boisson énergisante Monster Energy Punch Pipeline - 50CL","p":1.58,"u":"3,16 €/L","img":"https://fd16-photos.leclercdrive.fr/image.ashx?id=2207436&use=l&cat=p&typeid=i","cat":284533},{"id":113358,"n":"Bière ambrée Leffe 6,6% - 12x25cl","p":9.75,"u":"3,25 €/L","img":"https://fd16-photos.leclercdrive.fr/image.ashx?id=2533985&use=l&cat=p&typeid=i","cat":334852},{"id":113580,"n":"Filtre à café Melita 1x6 Original brun - x40","p":1.64,"u":"13,67 €/KG","img":"https://fd16-photos.leclercdrive.fr/image.ashx?id=2882047&use=l&cat=p&typeid=i","cat":284751},{"id":113628,"n":"Cabillaud à l'oseille Marie 400g","p":5.29,"u":"13,23 €/KG","img":"https://fd16-photos.leclercdrive.fr/image.ashx?id=2996743&use=l&cat=p&typeid=i","cat":319786},{"id":113654,"n":"Xtrem Box Sodebo Radiatori Bœuf Poivre - 400g","p":3.52,"u":"8,80 €/KG","img":"https://fd16-photos.leclercdrive.fr/image.ashx?id=2643998&use=l&cat=p&typeid=i","cat":334983},{"id":113657,"n":"Boisson Sunny Delight Doux California - 50cl","p":1.14,"u":"2,28 €/L","img":"https://fd16-photos.leclercdrive.fr/image.ashx?id=2311834&use=l&cat=p&typeid=i","cat":295018},{"id":113680,"n":"Brioche tressée Nature Harrys Sucre perlé sans additif - 500g","p":2.87,"u":"5,74 €/KG","img":"https://fd16-photos.leclercdrive.fr/image.ashx?id=2503013&use=l&cat=p&typeid=i","cat":284478},{"id":113726,"n":"Bûche glacée L'Angélys Vanille Fraise - 330g","p":10.59,"u":"32,09 €/KG","img":"https://fd16-photos.leclercdrive.fr/image.ashx?id=2963628&use=l&cat=p&typeid=i","cat":284266},{"id":113732,"n":"Lames de rasoir Bulldog 4 recharges - 5 lames","p":11.21,"img":"https://fd16-photos.leclercdrive.fr/image.ashx?id=1733158&use=l&cat=p&typeid=i","cat":284616},{"id":113747,"n":"Fromage raclette Les Croisés Aux Herbes de provence - 250g","p":4.34,"u":"17,36 €/KG","img":"https://fd16-photos.leclercdrive.fr/image.ashx?id=2793296&use=l&cat=p&typeid=i","cat":314037},{"id":113754,"n":"Crème fraîche Yoplait Légère -12% matière grasse 450g","p":1.45,"u":"3,22 €/KG","img":"https://fd16-photos.leclercdrive.fr/image.ashx?id=2811032&use=l&cat=p&typeid=i","cat":284381},{"id":113777,"n":"Assiette Bio Village Carotte pâtes 18 mois bio 260g","p":1.85,"u":"7,12 €/KG","img":"https://fd16-photos.leclercdrive.fr/image.ashx?id=2900214&use=l&cat=p&typeid=i","cat":312238},{"id":113785,"n":"Assiette bio Bio Village Légumes saumon riz 15 mois 250g","p":1.85,"u":"7,40 €/KG","img":"https://fd16-photos.leclercdrive.fr/image.ashx?id=2900223&use=l&cat=p&typeid=i","cat":312238},{"id":113786,"n":"Assiette Tajine Bio Village Bio  15 mois 250g","p":1.85,"u":"7,40 €/KG","img":"https://fd16-photos.leclercdrive.fr/image.ashx?id=2900226&use=l&cat=p&typeid=i","cat":312238},{"id":113794,"n":"Assiette bio Bio Village Tomate aubergine 18 mois 260g","p":1.85,"u":"7,12 €/KG","img":"https://fd16-photos.leclercdrive.fr/image.ashx?id=2900247&use=l&cat=p&typeid=i","cat":312238},{"id":113806,"n":"Omelette norvégienne L'Angelys Vanille - 360g","p":11.99,"u":"33,31 €/KG","img":"https://fd16-photos.leclercdrive.fr/image.ashx?id=2921987&use=l&cat=p&typeid=i","cat":284266},{"id":113811,"n":"Crème dessert La Laitière Pot de crème chocolat - 4x100g","p":2.24,"u":"5,60 €/KG","img":"https://fd16-photos.leclercdrive.fr/image.ashx?id=2875966&use=l&cat=p&typeid=i","cat":285041},{"id":113854,"n":"Panaché Millbrau <0.5%vol - 10x25cl","p":2.45,"u":"0,98 €/L","img":"https://fd16-photos.leclercdrive.fr/image.ashx?id=2059071&use=l&cat=p&typeid=i","cat":334877},{"id":113996,"n":"Jambon cru Le plateau Aoste 10 Tranches - 220g","p":7.15,"u":"32,50 €/KG","img":"https://fd16-photos.leclercdrive.fr/image.ashx?id=1877231&use=l&cat=p&typeid=i","cat":316007},{"id":114017,"n":"Bière blonde Heineken 5%vol - 12x33cl","p":9.2,"u":"2,32 €/L","img":"https://fd16-photos.leclercdrive.fr/image.ashx?id=3008125&use=l&cat=p&typeid=i","cat":334853},{"id":114018,"n":"Bière blonde Heineken 5%vol - Boite 4x50cl","p":4.58,"u":"2,29 €/L","img":"https://fd16-photos.leclercdrive.fr/image.ashx?id=3008122&use=l&cat=p&typeid=i","cat":334853},{"id":114020,"n":"Bière aromatisée  Desperados 5.9%vol - Boite 50cl","p":1.75,"u":"3,50 €/L","img":"https://fd16-photos.leclercdrive.fr/image.ashx?id=2977303&use=l&cat=p&typeid=i","cat":334853},{"id":114040,"n":"Bûchettes crunch Nestlé x4 - 326g","p":4.95,"u":"15,18 €/KG","img":"https://fd16-photos.leclercdrive.fr/image.ashx?id=2584533&use=l&cat=p&typeid=i","cat":284266},{"id":114047,"n":"Plat bébé soir Blédichef 12mois Macaroni courgette - 2x230g","p":3.43,"u":"7,46 €/KG","img":"https://fd16-photos.leclercdrive.fr/image.ashx?id=2560690&use=l&cat=p&typeid=i","cat":312239},{"id":114091,"n":"Lait corps satinant Inell 250ml","p":2.5,"u":"10,00 €/L","img":"https://fd16-photos.leclercdrive.fr/image.ashx?id=2691697&use=l&cat=p&typeid=i","cat":325349},{"id":114092,"n":"Brosse à dents bambou Dentamyl Médium - 1 pièce","p":1.95,"img":"https://fd16-photos.leclercdrive.fr/image.ashx?id=2783495&use=l&cat=p&typeid=i","cat":284614},{"id":114093,"n":"Brosse à dents bambou Dentamyl Souple - 1 pièce","p":1.95,"img":"https://fd16-photos.leclercdrive.fr/image.ashx?id=2790997&use=l&cat=p&typeid=i","cat":284614},{"id":114094,"n":"Shampooing douche Petit Manava Pêche abricot - 500ml","p":2.19,"u":"4,38 €/L","img":"https://fd16-photos.leclercdrive.fr/image.ashx?id=2410636&use=l&cat=p&typeid=i","cat":284606},{"id":114102,"n":"Change culottes Mots d'enfants T5 : 12/18kg - x40","p":9.75,"u":"0,24 €/P","img":"https://fd16-photos.leclercdrive.fr/image.ashx?id=2907237&use=l&cat=p&typeid=i","cat":290633},{"id":114103,"n":"Change culottes Mots d'enfants T6 : +16kg - x36","p":9.75,"u":"0,27 €/P","img":"https://fd16-photos.leclercdrive.fr/image.ashx?id=2907240&use=l&cat=p&typeid=i","cat":290633},{"id":114172,"n":"Bonbons de Noël Milka Lait - 86g","p":2.46,"u":"28,60 €/KG","img":"https://fd16-photos.leclercdrive.fr/image.ashx?id=2937995&use=l&cat=p&typeid=i","cat":327592},{"id":114190,"n":"Chocolat Mon Chéri cerise Etui Noël - 262g","p":9.17,"u":"35,00 €/KG","img":"https://fd16-photos.leclercdrive.fr/image.ashx?id=2940501&use=l&cat=p&typeid=i","cat":327601},{"id":114272,"n":"Fromage Saint Agur 190g + 30% offerts","p":3.9,"u":"15,79 €/KG","img":"https://fd16-photos.leclercdrive.fr/image.ashx?id=2157007&use=l&cat=p&typeid=i","cat":314032},{"id":114340,"n":"Bière Licorne Slash Red 8%vol - 3x33cl","p":4.39,"u":"4,43 €/L","img":"https://fd16-photos.leclercdrive.fr/image.ashx?id=2105470&use=l&cat=p&typeid=i","cat":334878},{"id":114397,"n":"AOP Bordeaux rouge Château Pey la Tour - 75cl","p":6.49,"u":"8,65 €/L","img":"https://fd16-photos.leclercdrive.fr/image.ashx?id=2926377&use=l&cat=p&typeid=i","cat":289556},{"id":114410,"n":"Galette Coté Table Lardons champignons - 195g","p":1.75,"u":"8,97 €/KG","img":"https://fd16-photos.leclercdrive.fr/image.ashx?id=2835035&use=l&cat=p&typeid=i","cat":333672},{"id":114411,"n":"Dès de cheddar  Les Croisés 150g","p":2.19,"u":"14,60 €/KG","img":"https://fd16-photos.leclercdrive.fr/image.ashx?id=2422553&use=l&cat=p&typeid=i","cat":314027},{"id":114433,"n":"Cocktail Old Nick Punch des îles 16%vol - 70cl","p":5.95,"u":"8,50 €/L","img":"https://fd16-photos.leclercdrive.fr/image.ashx?id=2926203&use=l&cat=p&typeid=i","cat":284551},{"id":114522,"n":"Bière blonde Leffe Triple 8,5% - 12x25cl","p":12.12,"u":"4,04 €/L","img":"https://fd16-photos.leclercdrive.fr/image.ashx?id=2548294&use=l&cat=p&typeid=i","cat":334852},{"id":114580,"n":"IGP Foie gras Jean Larnaudie Bloc - barquette - 2x170g","p":34.99,"u":"102,91 €/KG","img":"https://fd16-photos.leclercdrive.fr/image.ashx?id=2915784&use=l&cat=p&typeid=i","cat":316008},{"id":114654,"n":"Allumettes Silex 10cm - x70","p":1.26,"u":"0,02 €/P","img":"https://fd16-photos.leclercdrive.fr/image.ashx?id=2595942&use=l&cat=p&typeid=i","cat":300578},{"id":114807,"n":"Dessert Fruitier Andros Poire Williams morceaux 4x100g","p":3.19,"u":"7,98 €/KG","img":"https://fd16-photos.leclercdrive.fr/image.ashx?id=2908198&use=l&cat=p&typeid=i","cat":284416},{"id":114865,"n":"Père Noel Smarties Orange - 85g","p":2.54,"u":"29,88 €/KG","img":"https://fd16-photos.leclercdrive.fr/image.ashx?id=1985742&use=l&cat=p&typeid=i","cat":284958},{"id":114890,"n":"Fromage Comté NRT AOP 15 mois 200g","p":4.44,"u":"22,20 €/KG","img":"https://fd16-photos.leclercdrive.fr/image.ashx?id=2272030&use=l&cat=p&typeid=i","cat":314034},{"id":114901,"n":"Plat bébé Blédina 12 mois  Artichaut dinde - 2x200g","p":3.03,"u":"7,58 €/KG","img":"https://fd16-photos.leclercdrive.fr/image.ashx?id=2975089&use=l&cat=p&typeid=i","cat":312237},{"id":114970,"n":"Beurrier tendre Président Doux - 82% MG - 125g","p":2.01,"u":"16,08 €/KG","img":"https://fd16-photos.leclercdrive.fr/image.ashx?id=2917435&use=l&cat=p&typeid=i","cat":284379},{"id":115011,"n":"Lingettes bébé Mots d'enfants à l'eau - x60","p":1.66,"u":"0,03 €/P","img":"https://fd16-photos.leclercdrive.fr/image.ashx?id=3014293&use=l&cat=p&typeid=i","cat":284738},{"id":115014,"n":"Lingette micro fibres Mamison Ecran - 1 pièce","p":1.96,"img":"https://fd16-photos.leclercdrive.fr/image.ashx?id=2595113&use=l&cat=p&typeid=i","cat":325358},{"id":115016,"n":"Protège slip Chorys Ultra mini discret - x28","p":1.57,"u":"0,06 €/P","img":"https://fd16-photos.leclercdrive.fr/image.ashx?id=2003029&use=l&cat=p&typeid=i","cat":284625},{"id":115017,"n":"Protège slip Chorys Ultra mini long - x24","p":1.7,"u":"0,07 €/P","img":"https://fd16-photos.leclercdrive.fr/image.ashx?id=1962795&use=l&cat=p&typeid=i","cat":284628},{"id":115055,"n":"Brioche La Fournée Dorée Tranchée pépites choco - 500g","p":2.5,"u":"5,00 €/KG","img":"https://fd16-photos.leclercdrive.fr/image.ashx?id=2415353&use=l&cat=p&typeid=i","cat":284478},{"id":115095,"n":"AOP Comté Entremont Les Terroirs du Comté - 200g","p":4.12,"u":"20,60 €/KG","img":"https://fd16-photos.leclercdrive.fr/image.ashx?id=2504047&use=l&cat=p&typeid=i","cat":314034},{"id":115113,"n":"Tirlibibi Haribo Boîte bonbons - 750g","p":4.53,"u":"6,04 €/KG","img":"https://fd16-photos.leclercdrive.fr/image.ashx?id=2806922&use=l&cat=p&typeid=i","cat":304250},{"id":115114,"n":"Polka Haribo Sachet bonbons - 300g","p":1.38,"u":"4,60 €/KG","img":"https://fd16-photos.leclercdrive.fr/image.ashx?id=2982414&use=l&cat=p&typeid=i","cat":304250},{"id":115115,"n":"Les Schtroumpfs Haribo Sachet bonbons - 300g","p":1.43,"u":"4,77 €/KG","img":"https://fd16-photos.leclercdrive.fr/image.ashx?id=2788475&use=l&cat=p&typeid=i","cat":304250},{"id":115116,"n":"Chamallows Haribo Guimauves   - 300g","p":1.48,"u":"4,93 €/KG","img":"https://fd16-photos.leclercdrive.fr/image.ashx?id=2984937&use=l&cat=p&typeid=i","cat":304250},{"id":115123,"n":"Terrine chien Bio Boeuf - 300g","p":1.69,"u":"5,63 €/KG","img":"https://fd16-photos.leclercdrive.fr/image.ashx?id=2333805&use=l&cat=p&typeid=i","cat":284673},{"id":115124,"n":"Terrine chien Bio Poulet légume - 300g","p":1.62,"u":"5,40 €/KG","img":"https://fd16-photos.leclercdrive.fr/image.ashx?id=2333808&use=l&cat=p&typeid=i","cat":284673},{"id":115125,"n":"Terrines pour chat Plénima Au saumon bio - 100g","p":0.62,"u":"6,20 €/KG","img":"https://fd16-photos.leclercdrive.fr/image.ashx?id=2333811&use=l&cat=p&typeid=i","cat":285601},{"id":115126,"n":"Terrines pour chats Plénima Boeuf bio  - 100g","p":0.65,"u":"6,50 €/KG","img":"https://fd16-photos.leclercdrive.fr/image.ashx?id=2619752&use=l&cat=p&typeid=i","cat":285601},{"id":115127,"n":"Pain burger Epi d'Or Brioché x4 - 300g","p":1.38,"u":"4,60 €/KG","img":"https://fd16-photos.leclercdrive.fr/image.ashx?id=1958880&use=l&cat=p&typeid=i","cat":325067},{"id":115128,"n":"Pain de mie Epi d'Or Grandes tranches nature - 550g","p":1.31,"u":"2,38 €/KG","img":"https://fd16-photos.leclercdrive.fr/image.ashx?id=2860775&use=l&cat=p&typeid=i","cat":284477},{"id":115129,"n":"Pain de mie Epi d'Or Grandes tranches complet 550g","p":1.36,"u":"2,47 €/KG","img":"https://fd16-photos.leclercdrive.fr/image.ashx?id=2860778&use=l&cat=p&typeid=i","cat":284477},{"id":115130,"n":"Pain de mie Epi d'Or Sans croute - 500g","p":1.56,"u":"3,12 €/KG","img":"https://fd16-photos.leclercdrive.fr/image.ashx?id=3012872&use=l&cat=p&typeid=i","cat":284477},{"id":115152,"n":"Eau florale Bio Naïa Rose bio - 200ml","p":3.95,"u":"19,75 €/L","img":"https://fd16-photos.leclercdrive.fr/image.ashx?id=2610253&use=l&cat=p&typeid=i","cat":325345},{"id":115155,"n":"Gommage visage Bio Naïa Bio - 75ml","p":2.49,"u":"33,20 €/L","img":"https://fd16-photos.leclercdrive.fr/image.ashx?id=2436690&use=l&cat=p&typeid=i","cat":325346},{"id":115156,"n":"Stick lèvres Bio Naïa Bio - 1 pièce","p":1.85,"img":"https://fd16-photos.leclercdrive.fr/image.ashx?id=2518837&use=l&cat=p&typeid=i","cat":285485},{"id":115158,"n":"Gelée bio Bio Naïa A l'aloe vera bio - 200ml","p":3.99,"u":"19,95 €/L","img":"https://fd16-photos.leclercdrive.fr/image.ashx?id=2436699&use=l&cat=p&typeid=i","cat":325350},{"id":115274,"n":"Masque tissu Inell Coup d'éclat - 1 pièce","p":1.82,"img":"https://fd16-photos.leclercdrive.fr/image.ashx?id=2691691&use=l&cat=p&typeid=i","cat":325346},{"id":115288,"n":"Bière blonde Goudale Project 9% vol - 75cl","p":3.6,"u":"4,80 €/L","img":"https://fd16-photos.leclercdrive.fr/image.ashx?id=2849785&use=l&cat=p&typeid=i","cat":334872},{"id":115320,"n":"Capsules café Plantation Equilibré n°6 - x10 - 52g","p":2.19,"u":"42,12 €/KG","img":"https://fd16-photos.leclercdrive.fr/image.ashx?id=2891785&use=l&cat=p&typeid=i","cat":284749},{"id":115321,"n":"Capsules café Plantation Intense n°10 - x10 - 52g","p":2.19,"u":"42,12 €/KG","img":"https://fd16-photos.leclercdrive.fr/image.ashx?id=2908855&use=l&cat=p&typeid=i","cat":284749},{"id":115323,"n":"Capsules café Plantation Subtil n°5 - x10 - 52g","p":2.25,"u":"43,27 €/KG","img":"https://fd16-photos.leclercdrive.fr/image.ashx?id=2418107&use=l&cat=p&typeid=i","cat":284749},{"id":115324,"n":"Capsules café Plantation Décaféiné n°5 -  x10 - 52g","p":2.39,"u":"45,96 €/KG","img":"https://fd16-photos.leclercdrive.fr/image.ashx?id=2441423&use=l&cat=p&typeid=i","cat":284749},{"id":115328,"n":"Capsules café Plantation  Ristretto n°12 - x10 - 52g","p":2.24,"u":"43,08 €/KG","img":"https://fd16-photos.leclercdrive.fr/image.ashx?id=2418116&use=l&cat=p&typeid=i","cat":284749},{"id":115332,"n":"Capsules café Plantation Brésil n°7 - x10 - 52g","p":2.39,"u":"45,96 €/KG","img":"https://fd16-photos.leclercdrive.fr/image.ashx?id=2418122&use=l&cat=p&typeid=i","cat":284749},{"id":115345,"n":"Capsules café Plantation Café vanille n°6 - x10 - 52g","p":2.39,"u":"45,96 €/KG","img":"https://fd16-photos.leclercdrive.fr/image.ashx?id=2418128&use=l&cat=p&typeid=i","cat":284749},{"id":115348,"n":"Capsules café Plantation Noisette n°7 - x10 - 52g","p":2.39,"u":"45,96 €/KG","img":"https://fd16-photos.leclercdrive.fr/image.ashx?id=2908858&use=l&cat=p&typeid=i","cat":284749},{"id":115349,"n":"Capsules café Plantation Intense n°10 - x30 - 156g","p":5.19,"u":"33,27 €/KG","img":"https://fd16-photos.leclercdrive.fr/image.ashx?id=2418137&use=l&cat=p&typeid=i","cat":284749},{"id":115350,"n":"Capsules café Plantation Equilibré N°6 - x30 - 156g","p":5.19,"u":"33,27 €/KG","img":"https://fd16-photos.leclercdrive.fr/image.ashx?id=2852249&use=l&cat=p&typeid=i","cat":284749},{"id":115351,"n":"Capsules café Plantation Espresso Forte n°8 - x10 - 52g","p":2.35,"u":"45,19 €/KG","img":"https://fd16-photos.leclercdrive.fr/image.ashx?id=2418143&use=l&cat=p&typeid=i","cat":284749},{"id":115352,"n":"Patch purifiant Nivea Visage x6","p":5.34,"u":"0,89 €/P","img":"https://fd16-photos.leclercdrive.fr/image.ashx?id=2167416&use=l&cat=p&typeid=i","cat":325346},{"id":115354,"n":"Morilles Borde bocal 150g","p":14.99,"pp":9.89,"u":"65,93 €/KG","img":"https://fd16-photos.leclercdrive.fr/image.ashx?id=2731093&use=l&cat=p&typeid=i","cat":312610},{"id":115357,"n":"Tablette De Chocolat A Patisser Pralinoise Praline - 180g","p":2.99,"u":"16,61 €/KG","img":"https://fd16-photos.leclercdrive.fr/image.ashx?id=2890265&use=l&cat=p&typeid=i","cat":285562},{"id":115359,"n":"Pancakes Nature Epi d'Or x18 - 360g","p":1.69,"u":"4,69 €/KG","img":"https://fd16-photos.leclercdrive.fr/image.ashx?id=2860763&use=l&cat=p&typeid=i","cat":284495},{"id":115364,"n":"Lait bébé en poudre Blédilait 2e âge 6-12 mois 900g","p":13.63,"u":"15,14 €/KG","img":"https://fd16-photos.leclercdrive.fr/image.ashx?id=2616853&use=l&cat=p&typeid=i","cat":284727},{"id":115376,"n":"Coffret Tokapi Sauce - 115g","p":1.97,"u":"17,13 €/KG","img":"https://fd16-photos.leclercdrive.fr/image.ashx?id=2898856&use=l&cat=p&typeid=i","cat":284449},{"id":115409,"n":"Confit de canard Monfort Cuisses - 400g","p":6.0,"u":"15,00 €/KG","img":"https://fd16-photos.leclercdrive.fr/image.ashx?id=2324585&use=l&cat=p&typeid=i","cat":284339},{"id":115459,"n":"Pizza tartiflette Turini 450g","p":3.39,"u":"7,53 €/KG","img":"https://fd16-photos.leclercdrive.fr/image.ashx?id=2816597&use=l&cat=p&typeid=i","cat":333679},{"id":115463,"n":"Litière chats Tranquille Carbonite - 7.1kg","p":6.05,"u":"0,85 €/KG","img":"https://fd16-photos.leclercdrive.fr/image.ashx?id=2421871&use=l&cat=p&typeid=i","cat":284683},{"id":115492,"n":"Bière blonde 1664 5,5° - 6x25cl","p":4.13,"u":"2,75 €/L","img":"https://fd16-photos.leclercdrive.fr/image.ashx?id=2215572&use=l&cat=p&typeid=i","cat":334873},{"id":115507,"n":"Mini Samoussas Table du Monde Boeuf poulet - 220g","p":3.31,"u":"15,05 €/KG","img":"https://fd16-photos.leclercdrive.fr/image.ashx?id=2947350&use=l&cat=p&typeid=i","cat":333673},{"id":115521,"n":"Gants de ménage Eco+ Réutilisable taille M - x2","p":1.19,"u":"0,60 €/P","img":"https://fd16-photos.leclercdrive.fr/image.ashx?id=1759090&use=l&cat=p&typeid=i","cat":284668},{"id":115526,"n":"Serviette incontinence Chorys Maxi nuit - x12","p":3.99,"u":"0,33 €/P","img":"https://fd16-photos.leclercdrive.fr/image.ashx?id=2586028&use=l&cat=p&typeid=i","cat":284628},{"id":115528,"n":"Alcool 90° Primoplast 100ml","p":2.19,"u":"21,90 €/L","img":"https://fd16-photos.leclercdrive.fr/image.ashx?id=2856570&use=l&cat=p&typeid=i","cat":284630},{"id":115529,"n":"Bloc WC Uni Vert Ball - 55g","p":1.99,"u":"36,18 €/KG","img":"https://fd16-photos.leclercdrive.fr/image.ashx?id=1918985&use=l&cat=p&typeid=i","cat":284662},{"id":115667,"n":"Pâté landais Maison Lartigue 20% foie gras canard - 180g","p":5.47,"u":"30,39 €/KG","img":"https://fd16-photos.leclercdrive.fr/image.ashx?id=1760965&use=l&cat=p&typeid=i","cat":316008},{"id":115770,"n":"Lait bébé en poudre Gallia Calisma  2e âge 6-12 mois 700g","p":13.15,"u":"18,79 €/KG","img":"https://fd16-photos.leclercdrive.fr/image.ashx?id=2983051&use=l&cat=p&typeid=i","cat":284727},{"id":115850,"n":"Compote Charles & Alice Pommes Passion - 4x97g","p":1.8,"u":"4,64 €/KG","img":"https://fd16-photos.leclercdrive.fr/image.ashx?id=2757692&use=l&cat=p&typeid=i","cat":284416},{"id":115906,"n":"Yaourt aromatisé Perle de Lait sur Lit de Framboise - 4x125g","p":2.32,"u":"5,04 €/P","img":"https://fd16-photos.leclercdrive.fr/image.ashx?id=2989207&use=l&cat=p&typeid=i","cat":314999},{"id":115910,"n":"Yaourt brassé Perle de Lait Vanille - 8x125g","p":3.33,"u":"3,33 €/KG","img":"https://fd16-photos.leclercdrive.fr/image.ashx?id=2990568&use=l&cat=p&typeid=i","cat":314999},{"id":116002,"n":"Porto Cruz Blanc - 18%vol - 75cl","p":7.7,"u":"10,27 €/L","img":"https://fd16-photos.leclercdrive.fr/image.ashx?id=2535822&use=l&cat=p&typeid=i","cat":284913},{"id":116010,"n":"Biscotte Pasquier Blé sans sucre ajoutés - 300g","p":1.9,"u":"6,33 €/KG","img":"https://fd16-photos.leclercdrive.fr/image.ashx?id=2507952&use=l&cat=p&typeid=i","cat":284479},{"id":116096,"n":"Shampooing douche Petit Manava Fraise cerise - 250ml","p":1.35,"u":"5,40 €/L","img":"https://fd16-photos.leclercdrive.fr/image.ashx?id=1763207&use=l&cat=p&typeid=i","cat":284606},{"id":116114,"n":"Shampooing douche Petit Manava Pêche banane - 250ml","p":1.35,"u":"5,40 €/L","img":"https://fd16-photos.leclercdrive.fr/image.ashx?id=2440458&use=l&cat=p&typeid=i","cat":284606},{"id":116144,"n":"Pain de campagne tranché   410GR","p":1.5,"u":"3,66 €/KG","img":"https://fd16-photos.leclercdrive.fr/image.ashx?id=2062705&use=l&cat=p&typeid=i","cat":284359},{"id":116158,"n":"Pain boulot coupé  250GR","p":0.75,"u":"3,00 €/KG","img":"https://fd16-photos.leclercdrive.fr/image.ashx?id=612526&use=l&cat=p&typeid=i","cat":284359},{"id":116166,"n":"Adoucissant concentré Hyperdou Rosée du matin x60 - 1.5L","p":3.95,"u":"2,63 €/L","img":"https://fd16-photos.leclercdrive.fr/image.ashx?id=2602916&use=l&cat=p&typeid=i","cat":284650},{"id":116167,"n":"Adoucissant concentré Hyperdou Rêve merveille x60 - 1.5L","p":3.95,"u":"2,63 €/L","img":"https://fd16-photos.leclercdrive.fr/image.ashx?id=2602925&use=l&cat=p&typeid=i","cat":284650},{"id":116168,"n":"Adoucissant concentré Hyperdou Fraîcheur fleurie x60 - 1.5L","p":3.95,"u":"2,63 €/L","img":"https://fd16-photos.leclercdrive.fr/image.ashx?id=2602931&use=l&cat=p&typeid=i","cat":284650},{"id":116169,"n":"Adoucissant concentré Hyperdou Coucher soleil x60 - 1.5L","p":3.95,"u":"2,63 €/L","img":"https://fd16-photos.leclercdrive.fr/image.ashx?id=2602937&use=l&cat=p&typeid=i","cat":284650},{"id":116170,"n":"Adoucissant concentré Hyperdou Fraîcheur x75 - 1.95L","p":3.61,"u":"1,85 €/L","img":"https://fd16-photos.leclercdrive.fr/image.ashx?id=2602949&use=l&cat=p&typeid=i","cat":284650},{"id":116171,"n":"Adoucissant concentré Hyperdou Pur Caresse x75 - 1.95L","p":3.65,"u":"1,87 €/L","img":"https://fd16-photos.leclercdrive.fr/image.ashx?id=2614512&use=l&cat=p&typeid=i","cat":284650},{"id":116172,"n":"Lingettes bio Bionaïa Démaquillantes - x25","p":1.04,"u":"0,04 €/P","img":"https://fd16-photos.leclercdrive.fr/image.ashx?id=2515500&use=l&cat=p&typeid=i","cat":284603},{"id":116179,"n":"Crème visage hydratante Mixa Peaux Sensibles bio - 100ml","p":5.88,"u":"58,80 €/L","img":"https://fd16-photos.leclercdrive.fr/image.ashx?id=2423208&use=l&cat=p&typeid=i","cat":325345},{"id":116215,"n":"Porto Cruz Rosé - 18%vol - 75cl","p":8.23,"u":"10,97 €/L","img":"https://fd16-photos.leclercdrive.fr/image.ashx?id=3003167&use=l&cat=p&typeid=i","cat":284913},{"id":116221,"n":"Crème de jour L'Oréal Paris  Revitalift Anti-âge - 50ml","p":15.03,"u":"300,60 €/L","img":"https://fd16-photos.leclercdrive.fr/image.ashx?id=2926581&use=l&cat=p&typeid=i","cat":325345},{"id":116224,"n":"Porto Tawny Cruz 18%vol - 75cl","p":7.43,"u":"9,91 €/L","img":"https://fd16-photos.leclercdrive.fr/image.ashx?id=2536373&use=l&cat=p&typeid=i","cat":284913},{"id":116228,"n":"Crème Visage Jour Nivea Hydratante  - 50ml","p":6.7,"u":"134,00 €/L","img":"https://fd16-photos.leclercdrive.fr/image.ashx?id=2945736&use=l&cat=p&typeid=i","cat":325345},{"id":116284,"n":"Tablette de chocolat Côte d'Or Lait coeur coulant caramel 200g","p":2.89,"u":"14,45 €/KG","img":"https://fd16-photos.leclercdrive.fr/image.ashx?id=1925405&use=l&cat=p&typeid=i","cat":284497},{"id":116321,"n":"Soupe liquide Liebig tomates  Et vermicelles - Brique 1L","p":2.12,"u":"2,12 €/L","img":"https://fd16-photos.leclercdrive.fr/image.ashx?id=2941481&use=l&cat=p&typeid=i","cat":284462},{"id":116339,"n":"Test de grossesse Mercurochrome 1 pièce","p":4.56,"img":"https://fd16-photos.leclercdrive.fr/image.ashx?id=2806958&use=l&cat=p&typeid=i","cat":324482},{"id":116387,"n":"Pâte à tartiner Poulain  Cacao noisette - 400g","p":2.98,"u":"7,45 €/KG","img":"https://fd16-photos.leclercdrive.fr/image.ashx?id=2806354&use=l&cat=p&typeid=i","cat":284481},{"id":116434,"n":"Tartiflette Fleury Michon au reblochon AOP - 300g","p":4.45,"u":"14,83 €/KG","img":"https://fd16-photos.leclercdrive.fr/image.ashx?id=2277221&use=l&cat=p&typeid=i","cat":333665},{"id":116584,"n":"Confiture extra bio Bio Village Framboises - 370g","p":2.79,"u":"7,54 €/KG","img":"https://fd16-photos.leclercdrive.fr/image.ashx?id=2965635&use=l&cat=p&typeid=i","cat":284480},{"id":116607,"n":"Gourmandises de volaille  Maître Coq - Marrons - 380g","p":8.99,"u":"23,66 €/KG","img":"https://fd16-photos.leclercdrive.fr/image.ashx?id=2962494&use=l&cat=p&typeid=i","cat":327289},{"id":116958,"n":"Chorizo Espagnol Merle 16 tranches - 80g","p":1.29,"u":"16,13 €/KG","img":"https://fd16-photos.leclercdrive.fr/image.ashx?id=2913259&use=l&cat=p&typeid=i","cat":316007},{"id":116967,"n":"Carottes filière  Panier du Primeur - 1kg","p":1.49,"u":"1,49 €/KG","img":"https://fd16-photos.leclercdrive.fr/image.ashx?id=2920229&use=l&cat=p&typeid=i","cat":284352},{"id":116985,"n":"Parmesan Râpé Giovanni Ferrari  22 mois AOP - 60g","p":1.81,"u":"30,17 €/KG","img":"https://fd16-photos.leclercdrive.fr/image.ashx?id=3002297&use=l&cat=p&typeid=i","cat":314035},{"id":117132,"n":"Bouillon kub légumes Maggi -25% sel - 120g","p":1.56,"u":"13,00 €/KG","img":"https://fd16-photos.leclercdrive.fr/image.ashx?id=2758443&use=l&cat=p&typeid=i","cat":288379},{"id":117226,"n":"Chocolat noir Lindt Sensation crispy céréales 140g","p":2.72,"u":"19,43 €/KG","img":"https://fd16-photos.leclercdrive.fr/image.ashx?id=2208915&use=l&cat=p&typeid=i","cat":304238},{"id":117235,"n":"Sirop Moulin de Valdonne Pêche abricot - 70cl","p":3.55,"u":"5,07 €/L","img":"https://fd16-photos.leclercdrive.fr/image.ashx?id=2170613&use=l&cat=p&typeid=i","cat":295020},{"id":117245,"n":"Sacs de congélation zip Alfapac Renforcé - x30","p":2.68,"img":"https://fd16-photos.leclercdrive.fr/image.ashx?id=2986338&use=l&cat=p&typeid=i","cat":334134},{"id":117248,"n":"Biscuits Gerblé Bio Amande cranberry - 132g","p":2.09,"u":"15,83 €/KG","img":"https://fd16-photos.leclercdrive.fr/image.ashx?id=2662868&use=l&cat=p&typeid=i","cat":318651},{"id":117252,"n":"Mouliné Régal Soupe Légumes d'autrefois - 1L","p":1.65,"u":"1,65 €/L","img":"https://fd16-photos.leclercdrive.fr/image.ashx?id=2607590&use=l&cat=p&typeid=i","cat":284462},{"id":117293,"n":"Petits pois Notre Jardin Carottes Sans sel ajouté - 265g","p":0.99,"u":"3,74 €/KG","img":"https://fd16-photos.leclercdrive.fr/image.ashx?id=3002641&use=l&cat=p&typeid=i","cat":312607},{"id":117330,"n":"Champignon Notre Jardin Emincé Sans sel ajouté - 230g","p":1.18,"u":"5,13 €/KG","img":"https://fd16-photos.leclercdrive.fr/image.ashx?id=1792507&use=l&cat=p&typeid=i","cat":312610},{"id":117403,"n":"Poêlée de légumes Bonduelle La Parisienne - 750g","p":3.58,"u":"4,77 €/KG","img":"https://fd16-photos.leclercdrive.fr/image.ashx?id=2907908&use=l&cat=p&typeid=i","cat":319823},{"id":117404,"n":"La Poêlée Rustique Bonduelle 750g","p":3.56,"u":"4,75 €/KG","img":"https://fd16-photos.leclercdrive.fr/image.ashx?id=2910055&use=l&cat=p&typeid=i","cat":319823},{"id":117457,"n":"Eau aromatisée Cristaline Jus de fruits citron - 1.5L","p":1.11,"u":"0,74 €/L","img":"https://fd16-photos.leclercdrive.fr/image.ashx?id=2386623&use=l&cat=p&typeid=i","cat":284537},{"id":117503,"n":"Bière ambrée Jenlain Boîte 50cl - 7.5% vol","p":1.6,"u":"3,20 €/L","img":"https://fd16-photos.leclercdrive.fr/image.ashx?id=2719189&use=l&cat=p&typeid=i","cat":334853},{"id":117570,"n":"Galettes de riz Tables du monde Sachet - 100g","p":2.25,"u":"22,50 €/KG","img":"https://fd16-photos.leclercdrive.fr/image.ashx?id=2920223&use=l&cat=p&typeid=i","cat":288992},{"id":117639,"n":"Bière blonde Heineken 50cl","p":1.16,"u":"2,32 €/L","img":"https://fd16-photos.leclercdrive.fr/image.ashx?id=3008116&use=l&cat=p&typeid=i","cat":334853},{"id":117675,"n":"Bisque hormard bleu NRT 490g","p":3.41,"u":"6,96 €/KG","img":"https://fd16-photos.leclercdrive.fr/image.ashx?id=2954160&use=l&cat=p&typeid=i","cat":285192},{"id":117721,"n":"Truite Fumée  Ronde des Mers  4 tranches - 120g","p":4.3,"u":"35,83 €/KG","img":"https://fd16-photos.leclercdrive.fr/image.ashx?id=2084096&use=l&cat=p&typeid=i","cat":285188},{"id":117828,"n":"Lardons fumés au bois CharcuFine du Forez - 140g","p":1.29,"u":"9,21 €/KG","img":"https://fd16-photos.leclercdrive.fr/image.ashx?id=2913268&use=l&cat=p&typeid=i","cat":316011},{"id":117829,"n":"Lardons natures  Charcufine du Forez - 140g","p":1.29,"u":"9,21 €/KG","img":"https://fd16-photos.leclercdrive.fr/image.ashx?id=2913271&use=l&cat=p&typeid=i","cat":316011},{"id":118077,"n":"Joue de boeuf fondante Bigard  - 400g","p":8.0,"u":"20,00 €/KG","img":"https://fd16-photos.leclercdrive.fr/image.ashx?id=2208357&use=l&cat=p&typeid=i","cat":284328},{"id":118116,"n":"Sauce soja sucrée Bio Village Bio - 150ml","p":1.99,"u":"13,27 €/L","img":"https://fd16-photos.leclercdrive.fr/image.ashx?id=2913775&use=l&cat=p&typeid=i","cat":288992},{"id":118193,"n":"Beurre Bocage Doux - 60%MG - 250g","p":2.06,"u":"8,24 €/KG","img":"https://fd16-photos.leclercdrive.fr/image.ashx?id=2752891&use=l&cat=p&typeid=i","cat":284379},{"id":118194,"n":"Beurre Bocage  Demi-sel - 60%MG - 250g","p":2.09,"u":"8,36 €/KG","img":"https://fd16-photos.leclercdrive.fr/image.ashx?id=2578070&use=l&cat=p&typeid=i","cat":284379},{"id":118212,"n":"Coquille Saint Jacques Tipiak Fondue de poireaux - 10x90g","p":13.98,"u":"15,53 €/KG","img":"https://fd16-photos.leclercdrive.fr/image.ashx?id=2613444&use=l&cat=p&typeid=i","cat":319775},{"id":118217,"n":"Mini coquilles Saint-Jacques  Tipiak x8 - 100g","p":3.75,"u":"37,50 €/KG","img":"https://fd16-photos.leclercdrive.fr/image.ashx?id=2484212&use=l&cat=p&typeid=i","cat":319775},{"id":118257,"n":"Boeuf bourguignon Charal 300g","p":5.9,"u":"19,67 €/KG","img":"https://fd16-photos.leclercdrive.fr/image.ashx?id=2175135&use=l&cat=p&typeid=i","cat":284328},{"id":118289,"n":"Canard confit Marie Ecrasé de pomme de terre 300g","p":4.34,"u":"14,47 €/KG","img":"https://fd16-photos.leclercdrive.fr/image.ashx?id=2799886&use=l&cat=p&typeid=i","cat":333665},{"id":118295,"n":"Mousse chocolat ganache Le Petit Basque - 2x80g","p":2.59,"u":"16,19 €/KG","img":"https://fd16-photos.leclercdrive.fr/image.ashx?id=2667778&use=l&cat=p&typeid=i","cat":284417},{"id":118302,"n":"Fromage Raclette Ermitage Label Rouge - 350g","p":4.59,"u":"13,11 €/KG","img":"https://fd16-photos.leclercdrive.fr/image.ashx?id=2407214&use=l&cat=p&typeid=i","cat":314037},{"id":118320,"n":"Raclette Les Croisés  Moutarde - 250g","p":3.69,"u":"14,76 €/KG","img":"https://fd16-photos.leclercdrive.fr/image.ashx?id=2793287&use=l&cat=p&typeid=i","cat":314037},{"id":118412,"n":"Lait bébé en poudre Galliagest 2 âge 6-12 mois 820g","p":18.63,"u":"22,72 €/KG","img":"https://fd16-photos.leclercdrive.fr/image.ashx?id=2771666&use=l&cat=p&typeid=i","cat":284727},{"id":118414,"n":"Lait bébé en poudre Blédilait 1er âge 0-6 mois 820g","p":15.8,"u":"19,27 €/KG","img":"https://fd16-photos.leclercdrive.fr/image.ashx?id=2500051&use=l&cat=p&typeid=i","cat":284726},{"id":118426,"n":"Lait bébé en poudre Blédilait 2e âge 6-12 mois 820g","p":15.44,"u":"18,83 €/KG","img":"https://fd16-photos.leclercdrive.fr/image.ashx?id=2500054&use=l&cat=p&typeid=i","cat":284727},{"id":118442,"n":"Bonbons Tic Tac Menthe extra fraîche x100 - 49g","p":1.6,"u":"32,65 €/KG","img":"https://fd16-photos.leclercdrive.fr/image.ashx?id=2737243&use=l&cat=p&typeid=i","cat":304256},{"id":118447,"n":"Soupe deshydratée Knorr Tomate mozzarella - 75cl","p":1.06,"u":"1,41 €/L","img":"https://fd16-photos.leclercdrive.fr/image.ashx?id=2788919&use=l&cat=p&typeid=i","cat":284463},{"id":118492,"n":"Gel lubrifiant Manix Pure - 80ml","p":5.15,"u":"64,38 €/L","img":"https://fd16-photos.leclercdrive.fr/image.ashx?id=2886160&use=l&cat=p&typeid=i","cat":285160},{"id":118513,"n":"Désinfectant Sanytol Pistolet 4 actions - 500ml","p":3.26,"u":"6,52 €/L","img":"https://fd16-photos.leclercdrive.fr/image.ashx?id=2590749&use=l&cat=p&typeid=i","cat":325357},{"id":118536,"n":"Boules inox Eco+ x2","p":0.24,"u":"0,12 €/P","img":"https://fd16-photos.leclercdrive.fr/image.ashx?id=1862246&use=l&cat=p&typeid=i","cat":284667},{"id":118612,"n":"Crêpes fourrées  Whaou Chocolat au lait  - x8 - 256g","p":2.35,"u":"9,18 €/KG","img":"https://fd16-photos.leclercdrive.fr/image.ashx?id=2960171&use=l&cat=p&typeid=i","cat":284494},{"id":118820,"n":"Chocolats Ferrero Collection Assortiments x48 - 518g","p":15.98,"u":"30,85 €/KG","img":"https://fd16-photos.leclercdrive.fr/image.ashx?id=2940510&use=l&cat=p&typeid=i","cat":327595},{"id":118952,"n":"Bloc de foie gras de canard Delpeyrat Piment Espelette 100g","p":7.49,"pp":4.94,"u":"49,40 €/KG","img":"https://fd16-photos.leclercdrive.fr/image.ashx?id=1933296&use=l&cat=p&typeid=i","cat":316008},{"id":118985,"n":"Sapin de Noel Pomme de terre Kauffer's 15 pièces - 525g","p":3.95,"u":"7,52 €/KG","img":"https://fd16-photos.leclercdrive.fr/image.ashx?id=1988343&use=l&cat=p&typeid=i","cat":319792},{"id":119002,"n":"Crème pêche de vigne Giffard 16%vol - 50cl","p":5.5,"pp":4.95,"u":"9,90 €/L","img":"https://fd16-photos.leclercdrive.fr/image.ashx?id=2219153&use=l&cat=p&typeid=i","cat":286032},{"id":119004,"n":"Limoncello - 25% vol Giffard - 70cl","p":11.25,"u":"16,07 €/L","img":"https://fd16-photos.leclercdrive.fr/image.ashx?id=1858795&use=l&cat=p&typeid=i","cat":286032},{"id":119007,"n":"Whisky Sir Edward's Smoky 40%vol. - 70cl","p":14.35,"u":"20,50 €/L","img":"https://fd16-photos.leclercdrive.fr/image.ashx?id=2543984&use=l&cat=p&typeid=i","cat":284547},{"id":119080,"n":"Sauce pour saumon Labeyrie Aux fines herbes - 145g","p":2.05,"u":"14,14 €/KG","img":"https://fd16-photos.leclercdrive.fr/image.ashx?id=2467811&use=l&cat=p&typeid=i","cat":285191},{"id":119105,"n":"Nouille de riz Suzi Wan 160g","p":1.95,"u":"12,19 €/KG","img":"https://fd16-photos.leclercdrive.fr/image.ashx?id=3002180&use=l&cat=p&typeid=i","cat":288992},{"id":119229,"n":"Fondant de boeuf Marie Sauce à la basquaise - 300g","p":4.49,"u":"14,97 €/P","img":"https://fd16-photos.leclercdrive.fr/image.ashx?id=2300161&use=l&cat=p&typeid=i","cat":333665},{"id":119249,"n":"AOP Savoie vin blanc Fondue et raclette - 75cl","p":6.59,"u":"8,79 €/L","img":"https://fd16-photos.leclercdrive.fr/image.ashx?id=1866173&use=l&cat=p&typeid=i","cat":289557},{"id":119262,"n":"Sauce bolognaise Panzani 100% Pur Bœuf - 400G","p":2.21,"u":"5,53 €/KG","img":"https://fd16-photos.leclercdrive.fr/image.ashx?id=2984754&use=l&cat=p&typeid=i","cat":287599},{"id":119264,"n":"Sauce Bolognaise Panzani 100% Pur Bœuf - 650G","p":3.51,"u":"5,40 €/KG","img":"https://fd16-photos.leclercdrive.fr/image.ashx?id=2977933&use=l&cat=p&typeid=i","cat":287599},{"id":119267,"n":"Café moulu Plantation Noir intense - 3x250g","p":10.19,"u":"13,59 €/KG","img":"https://fd16-photos.leclercdrive.fr/image.ashx?id=2607587&use=l&cat=p&typeid=i","cat":284750},{"id":119271,"n":"Haricots rouge Notre Jardin 3x125g","p":1.91,"u":"5,09 €/KG","img":"https://fd16-photos.leclercdrive.fr/image.ashx?id=2988111&use=l&cat=p&typeid=i","cat":312606},{"id":119273,"n":"Carottes Notre Jardin 3x130g","p":2.25,"u":"5,77 €/KG","img":"https://fd16-photos.leclercdrive.fr/image.ashx?id=3002629&use=l&cat=p&typeid=i","cat":312607},{"id":119275,"n":"Haricots blancs Notre Jardin 3x125g","p":1.99,"u":"5,31 €/KG","img":"https://fd16-photos.leclercdrive.fr/image.ashx?id=3002632&use=l&cat=p&typeid=i","cat":312606},{"id":119287,"n":"Protège lingerie bio Tadam Dermo-sensitif normal - x24","p":2.68,"img":"https://fd16-photos.leclercdrive.fr/image.ashx?id=2754764&use=l&cat=p&typeid=i","cat":284625},{"id":119309,"n":"Jambon pata negra Labeyrie Affiné 24 mois - 4tr - 60g","p":6.65,"u":"110,83 €/KG","img":"https://fd16-photos.leclercdrive.fr/image.ashx?id=2961879&use=l&cat=p&typeid=i","cat":316007},{"id":119337,"n":"Crème légère jour So Bio Etic Anti-âge argan bio - 50ml","p":8.58,"u":"171,60 €/L","img":"https://fd16-photos.leclercdrive.fr/image.ashx?id=2788730&use=l&cat=p&typeid=i","cat":325345},{"id":119709,"n":"Fromage Persillée Saint Agur  125g","p":2.4,"u":"19,20 €/KG","img":"https://fd16-photos.leclercdrive.fr/image.ashx?id=2981515&use=l&cat=p&typeid=i","cat":314032},{"id":119767,"n":"Eau micellaire bio Bionaïa 400ml","p":3.73,"u":"9,33 €/L","img":"https://fd16-photos.leclercdrive.fr/image.ashx?id=2376055&use=l&cat=p&typeid=i","cat":284603},{"id":119886,"n":"Yaourt grec nature Délisse 1kg","p":4.75,"u":"4,75 €/KG","img":"https://fd16-photos.leclercdrive.fr/image.ashx?id=2885137&use=l&cat=p&typeid=i","cat":314999},{"id":119940,"n":"Mini candy play Copains Copines 180g","p":1.49,"u":"8,28 €/KG","img":"https://fd16-photos.leclercdrive.fr/image.ashx?id=2589861&use=l&cat=p&typeid=i","cat":304250},{"id":119941,"n":"Fromage à Tartiner Tartare Ail et Fines Herbes 10P - 160g","p":2.08,"u":"13,00 €/KG","img":"https://fd16-photos.leclercdrive.fr/image.ashx?id=2867410&use=l&cat=p&typeid=i","cat":314029},{"id":119943,"n":"Soupe 10 légumes Liebig A la crème - x2 - 60cl","p":2.22,"u":"3,70 €/L","img":"https://fd16-photos.leclercdrive.fr/image.ashx?id=2892139&use=l&cat=p&typeid=i","cat":284462},{"id":120070,"n":"Manchons de canard IGP Le Domaine d'Anet - 1.6kg","p":14.9,"u":"9,31 €/KG","img":"https://fd16-photos.leclercdrive.fr/image.ashx?id=1869379&use=l&cat=p&typeid=i","cat":284339},{"id":120140,"n":"Kinder Surprise Père Noël - 36g","p":2.17,"u":"60,28 €/KG","img":"https://fd16-photos.leclercdrive.fr/image.ashx?id=1984789&use=l&cat=p&typeid=i","cat":327592},{"id":120211,"n":"Nissin soba Cup Yakitori Poulet 89g","p":2.72,"u":"30,56 €/KG","img":"https://fd16-photos.leclercdrive.fr/image.ashx?id=2433509&use=l&cat=p&typeid=i","cat":288992},{"id":120212,"n":"Nouilles soba Cup Nissin Classique - 90g","p":1.98,"u":"22,00 €/KG","img":"https://fd16-photos.leclercdrive.fr/image.ashx?id=2433512&use=l&cat=p&typeid=i","cat":288992},{"id":120213,"n":"Nissin soba Cup Chili  92g","p":2.0,"u":"21,74 €/KG","img":"https://fd16-photos.leclercdrive.fr/image.ashx?id=2160108&use=l&cat=p&typeid=i","cat":288992},{"id":120214,"n":"Nissin Soba Cup Teriyaki  90g","p":1.99,"u":"22,11 €/KG","img":"https://fd16-photos.leclercdrive.fr/image.ashx?id=2160111&use=l&cat=p&typeid=i","cat":288992},{"id":120224,"n":"Cristaux de soude Clair 500g","p":1.93,"u":"3,86 €/KG","img":"https://fd16-photos.leclercdrive.fr/image.ashx?id=2822144&use=l&cat=p&typeid=i","cat":325365},{"id":120225,"n":"Percarbonate de sodium Clair 500g","p":2.99,"u":"5,98 €/KG","img":"https://fd16-photos.leclercdrive.fr/image.ashx?id=2822141&use=l&cat=p&typeid=i","cat":325365},{"id":120261,"n":"Lessive liquide Epsil Anti-transfert - 40 lavages 2L","p":5.99,"u":"3,00 €/L","img":"https://fd16-photos.leclercdrive.fr/image.ashx?id=2838936&use=l&cat=p&typeid=i","cat":284640},{"id":120331,"n":"Eau gazeuse minérale Salvetat Pauvre en sodium - 6x1,15L","p":3.04,"u":"0,44 €/L","img":"https://fd16-photos.leclercdrive.fr/image.ashx?id=2578693&use=l&cat=p&typeid=i","cat":284536},{"id":120346,"n":"Mini gratins chorizo Côté Table 400g","p":3.79,"u":"9,48 €/KG","img":"https://fd16-photos.leclercdrive.fr/image.ashx?id=2641292&use=l&cat=p&typeid=i","cat":319802},{"id":120401,"n":"Boisson aux fruits Oasis Tropical - 4x2L","p":9.37,"u":"1,17 €/L","img":"https://fd16-photos.leclercdrive.fr/image.ashx?id=3011089&use=l&cat=p&typeid=i","cat":295018},{"id":120426,"n":"Protège slip écolo Uni vert Normal - x30","p":2.12,"u":"0,07 €/P","img":"https://fd16-photos.leclercdrive.fr/image.ashx?id=2799787&use=l&cat=p&typeid=i","cat":284625},{"id":120430,"n":"Serviette écolo Uni Vert Nuit + - x10","p":1.79,"u":"0,18 €/P","img":"https://fd16-photos.leclercdrive.fr/image.ashx?id=2549406&use=l&cat=p&typeid=i","cat":284624},{"id":120482,"n":"Planta fin cuisine facile 750ml - Format familial","p":3.75,"u":"5,00 €/L","img":"https://fd16-photos.leclercdrive.fr/image.ashx?id=2440091&use=l&cat=p&typeid=i","cat":284453},{"id":120489,"n":"Pain de mie extra-moelleux Epi d'or - 500g","p":1.49,"u":"2,98 €/KG","img":"https://fd16-photos.leclercdrive.fr/image.ashx?id=2301238&use=l&cat=p&typeid=i","cat":284477},{"id":120492,"n":"Céréales fourrées P'tit Déli Chocolat noisette - 450g","p":2.19,"u":"4,87 €/KG","img":"https://fd16-photos.leclercdrive.fr/image.ashx?id=2819636&use=l&cat=p&typeid=i","cat":309513},{"id":120587,"n":"Friandise pour chat Dentalife Saumon - 40g","p":1.44,"u":"36,00 €/KG","img":"https://fd16-photos.leclercdrive.fr/image.ashx?id=2468638&use=l&cat=p&typeid=i","cat":285285},{"id":120660,"n":"Purée 4 mois Bio Village Fruits verger bio - 4x100g","p":1.89,"u":"4,73 €/KG","img":"https://fd16-photos.leclercdrive.fr/image.ashx?id=2704846&use=l&cat=p&typeid=i","cat":312387},{"id":120661,"n":"Purée 4 mois Bio Village Pomme Fraise Banane bio -4x100g","p":1.69,"u":"4,23 €/KG","img":"https://fd16-photos.leclercdrive.fr/image.ashx?id=2704849&use=l&cat=p&typeid=i","cat":312387},{"id":120679,"n":"Petits pots bébé P'TIT SOUPER Petits pois pâtes 12M+ - 2x200g","p":1.66,"u":"4,15 €/KG","img":"https://fd16-photos.leclercdrive.fr/image.ashx?id=2526517&use=l&cat=p&typeid=i","cat":312239},{"id":120681,"n":"Petits pots bébé P'TIT SOUPER Légumes Pâtes 8M+ - 2x200g","p":2.22,"u":"5,55 €/KG","img":"https://fd16-photos.leclercdrive.fr/image.ashx?id=2526520&use=l&cat=p&typeid=i","cat":312239},{"id":120683,"n":"Petits pots bébé P'TITE RECETTE Bœuf bourguignon 12M+ - 2x200g","p":2.3,"u":"5,75 €/KG","img":"https://fd16-photos.leclercdrive.fr/image.ashx?id=2525714&use=l&cat=p&typeid=i","cat":312237},{"id":120690,"n":"Shampoing Nateïs Cheveux fragiles - 250ml","p":1.27,"u":"5,08 €/L","img":"https://fd16-photos.leclercdrive.fr/image.ashx?id=2626838&use=l&cat=p&typeid=i","cat":284606},{"id":120691,"n":"Après-shampoing Nateïs Cheveux fragiles - 250ml","p":1.35,"u":"5,40 €/L","img":"https://fd16-photos.leclercdrive.fr/image.ashx?id=2626844&use=l&cat=p&typeid=i","cat":284607},{"id":120741,"n":"Jus d'orange Bio Village Bio A base de concentré - 1L","p":2.19,"u":"2,19 €/L","img":"https://fd16-photos.leclercdrive.fr/image.ashx?id=2958777&use=l&cat=p&typeid=i","cat":284521},{"id":120857,"n":"Bonbons Carambar Mini Fête Assortiment - 326g","p":3.1,"u":"9,51 €/KG","img":"https://fd16-photos.leclercdrive.fr/image.ashx?id=2972035&use=l&cat=p&typeid=i","cat":304250},{"id":120858,"n":"Carambar Atomic 220g","p":2.23,"u":"10,14 €/KG","img":"https://fd16-photos.leclercdrive.fr/image.ashx?id=2757434&use=l&cat=p&typeid=i","cat":304250},{"id":120859,"n":"Goms saveurs Lpqc 265g","p":2.15,"u":"8,11 €/KG","img":"https://fd16-photos.leclercdrive.fr/image.ashx?id=2844957&use=l&cat=p&typeid=i","cat":304250},{"id":120864,"n":"Bonbons Lutti Flexifizz Piquants Fraise - 225g","p":1.56,"u":"6,93 €/KG","img":"https://fd16-photos.leclercdrive.fr/image.ashx?id=2806396&use=l&cat=p&typeid=i","cat":304250},{"id":120865,"n":"Poudre chocolatée NESQUIK Sticks  - 12x13.5g","p":2.62,"u":"16,17 €/KG","img":"https://fd16-photos.leclercdrive.fr/image.ashx?id=3005302&use=l&cat=p&typeid=i","cat":293235},{"id":121012,"n":"Chorizo Sarta doux Elpozo 200g","p":3.08,"u":"15,40 €/KG","img":"https://fd16-photos.leclercdrive.fr/image.ashx?id=2588639&use=l&cat=p&typeid=i","cat":316006},{"id":121014,"n":"Chorizo Sarta fort Elpozo 200g","p":3.08,"u":"15,40 €/KG","img":"https://fd16-photos.leclercdrive.fr/image.ashx?id=2588642&use=l&cat=p&typeid=i","cat":316006},{"id":121096,"n":"Chocolat Peluche mix Kinder Ours - 133g","p":13.94,"u":"104,81 €/KG","img":"https://fd16-photos.leclercdrive.fr/image.ashx?id=1895392&use=l&cat=p&typeid=i","cat":327789},{"id":121097,"n":"Chocolat Peluche mix Kinder Mouton - 133g","p":13.94,"u":"104,81 €/KG","img":"https://fd16-photos.leclercdrive.fr/image.ashx?id=1895389&use=l&cat=p&typeid=i","cat":327789},{"id":121098,"n":"Chocolat Peluche mix Kinder Lapin - 133g","p":13.94,"u":"104,81 €/KG","img":"https://fd16-photos.leclercdrive.fr/image.ashx?id=1895386&use=l&cat=p&typeid=i","cat":327789},{"id":121101,"n":"Chocolat Peluche mix Kinder Flamant - 133g","p":13.94,"u":"104,81 €/KG","img":"https://fd16-photos.leclercdrive.fr/image.ashx?id=1895383&use=l&cat=p&typeid=i","cat":327789},{"id":121237,"n":"Compotes Pom'Potes Gourdes  5 Fruits Rouges - 4x90g","p":2.26,"u":"6,28 €/KG","img":"https://fd16-photos.leclercdrive.fr/image.ashx?id=3010885&use=l&cat=p&typeid=i","cat":284508},{"id":121274,"n":"Compotes Pom'Potes Gourdes  Pomme Fraise - 4x90g","p":2.05,"u":"5,69 €/KG","img":"https://fd16-photos.leclercdrive.fr/image.ashx?id=3010897&use=l&cat=p&typeid=i","cat":284508},{"id":121278,"n":"Chorizo extra fort César Moroni 200g","p":2.95,"u":"14,75 €/KG","img":"https://fd16-photos.leclercdrive.fr/image.ashx?id=2518091&use=l&cat=p&typeid=i","cat":316006},{"id":121388,"n":"Sacs poubelle 20L Elembal Poignées coulissantes - x20","p":2.05,"u":"0,10 €/P","img":"https://fd16-photos.leclercdrive.fr/image.ashx?id=2958753&use=l&cat=p&typeid=i","cat":285168},{"id":121436,"n":"Crème anti-âge L'Oréal Paris Revitalift SPF 25 - 50ml","p":19.81,"u":"396,20 €/L","img":"https://fd16-photos.leclercdrive.fr/image.ashx?id=2853230&use=l&cat=p&typeid=i","cat":325345},{"id":121438,"n":"Sérum repulpant L'Oréal Paris Revitalift Anti-rides - 30ml","p":14.37,"u":"479,00 €/L","img":"https://fd16-photos.leclercdrive.fr/image.ashx?id=2926584&use=l&cat=p&typeid=i","cat":325345},{"id":121446,"n":"Peaches Haribo  Sachet bonbons - 250g","p":2.01,"u":"8,04 €/KG","img":"https://fd16-photos.leclercdrive.fr/image.ashx?id=2984925&use=l&cat=p&typeid=i","cat":304250},{"id":121447,"n":"Flanbolo Haribo Sachet bonbons - 200g","p":1.87,"u":"9,35 €/KG","img":"https://fd16-photos.leclercdrive.fr/image.ashx?id=2806117&use=l&cat=p&typeid=i","cat":304250},{"id":121492,"n":"Mini shampooing voyage Nateïs Tilleul Pomme - 100ml","p":1.09,"u":"10,90 €/L","img":"https://fd16-photos.leclercdrive.fr/image.ashx?id=2626841&use=l&cat=p&typeid=i","cat":284606},{"id":121493,"n":"Gel nettoyant Syphon Javel canalisation - 1L","p":2.98,"u":"2,98 €/L","img":"https://fd16-photos.leclercdrive.fr/image.ashx?id=1875773&use=l&cat=p&typeid=i","cat":284908},{"id":121707,"n":"Sauce bolognaise pur boeuf Panzani - 200g","p":1.67,"u":"8,35 €/KG","img":"https://fd16-photos.leclercdrive.fr/image.ashx?id=2880682&use=l&cat=p&typeid=i","cat":287599},{"id":121708,"n":"Céréales fourrées P'tit Déli Chocolat noisette - 650g","p":3.08,"u":"4,74 €/KG","img":"https://fd16-photos.leclercdrive.fr/image.ashx?id=2840740&use=l&cat=p&typeid=i","cat":309513},{"id":121709,"n":"Mortadelle Titours volaille 80g","p":1.59,"u":"19,88 €/KG","img":"https://fd16-photos.leclercdrive.fr/image.ashx?id=2148371&use=l&cat=p&typeid=i","cat":316009},{"id":121755,"n":"Dinosaure goût Ketchup 125g","p":1.41,"u":"11,28 €/KG","img":"https://fd16-photos.leclercdrive.fr/image.ashx?id=1879194&use=l&cat=p&typeid=i","cat":284449},{"id":122065,"n":"Biscuit pépite Nat&Vie Chocolat au lait - 200g","p":1.16,"u":"5,80 €/KG","img":"https://fd16-photos.leclercdrive.fr/image.ashx?id=1879927&use=l&cat=p&typeid=i","cat":318651},{"id":122099,"n":"Biscuit goûter Nat&Vie Aux raisins  - 200g","p":0.79,"u":"3,95 €/GK","img":"https://fd16-photos.leclercdrive.fr/image.ashx?id=1879972&use=l&cat=p&typeid=i","cat":318651},{"id":122100,"n":"Biscuit goûter Nat&Vie Aux pommes - 200g","p":1.06,"u":"5,30 €/KG","img":"https://fd16-photos.leclercdrive.fr/image.ashx?id=1879990&use=l&cat=p&typeid=i","cat":318651},{"id":122224,"n":"Concentré Sodastream 7UP Free - 440ml","p":5.99,"pp":4.99,"u":"11,34 €/L","img":"https://fd16-photos.leclercdrive.fr/image.ashx?id=2665822&use=l&cat=p&typeid=i","cat":295020},{"id":122367,"n":"Sacs Congélation Zip Alfapac Petit Modèle - x30","p":1.99,"u":"0,07 €/P","img":"https://fd16-photos.leclercdrive.fr/image.ashx?id=2986335&use=l&cat=p&typeid=i","cat":334134},{"id":122528,"n":"Skyr Siggi's  Framboise - 2x140g","p":2.11,"u":"7,54 €/KG","img":"https://fd16-photos.leclercdrive.fr/image.ashx?id=2692095&use=l&cat=p&typeid=i","cat":315000},{"id":122529,"n":"Skyr Siggi's  Myrtille - 2x140g","p":2.2,"u":"7,86 €/KG","img":"https://fd16-photos.leclercdrive.fr/image.ashx?id=2692098&use=l&cat=p&typeid=i","cat":315000},{"id":122676,"n":"Dentifrice Email Diamant Le Charbon - 75ml","p":3.57,"u":"47,60 €/L","img":"https://fd16-photos.leclercdrive.fr/image.ashx?id=2975960&use=l&cat=p&typeid=i","cat":284612},{"id":122790,"n":"Chips Tuiles Pringles Hot Spicy - 175g","p":1.74,"u":"9,94 €/KG","img":"https://fd16-photos.leclercdrive.fr/image.ashx?id=2902295&use=l&cat=p&typeid=i","cat":287899},{"id":122792,"n":"Chips Tuiles Pringles Crème et Oignon - 175g","p":1.7,"u":"9,71 €/KG","img":"https://fd16-photos.leclercdrive.fr/image.ashx?id=2902292&use=l&cat=p&typeid=i","cat":287899},{"id":122825,"n":"Sauce au poivre Rustica 245g","p":1.19,"u":"4,86 €/KG","img":"https://fd16-photos.leclercdrive.fr/image.ashx?id=2558829&use=l&cat=p&typeid=i","cat":318431},{"id":122895,"n":"Chips Tuiles Pringles Original - 175g","p":1.68,"u":"9,60 €/KG","img":"https://fd16-photos.leclercdrive.fr/image.ashx?id=2902298&use=l&cat=p&typeid=i","cat":287899},{"id":122902,"n":"Rasoirs jetables Gillette Blue 3 - x4","p":5.28,"u":"1,32 €/P","img":"https://fd16-photos.leclercdrive.fr/image.ashx?id=2674228&use=l&cat=p&typeid=i","cat":284616},{"id":122905,"n":"Shampooing antipelliculaire Vitanove cheveux normaux -250ml","p":1.66,"u":"6,64 €/L","img":"https://fd16-photos.leclercdrive.fr/image.ashx?id=2949212&use=l&cat=p&typeid=i","cat":284606},{"id":122973,"n":"Jambon de Paris Tradilège Découenné - 2 tranches - 80g","p":1.2,"u":"15,00 €/KG","img":"https://fd16-photos.leclercdrive.fr/image.ashx?id=2994384&use=l&cat=p&typeid=i","cat":316009},{"id":122993,"n":"Quenelles de brochet Forestière Petit Jean - 2+1offert","p":4.1,"u":"3,42 €/KG","img":"https://fd16-photos.leclercdrive.fr/image.ashx?id=2953869&use=l&cat=p&typeid=i","cat":284441},{"id":122995,"n":"Triple secret des Moines Froment - 8°- 75cl","p":3.95,"u":"5,27 €/L","img":"https://fd16-photos.leclercdrive.fr/image.ashx?id=2908003&use=l&cat=p&typeid=i","cat":334872},{"id":123062,"n":"Jambon de Paris Tradilège A l'étouffé - 160g","p":1.69,"u":"10,56 €/KG","img":"https://fd16-photos.leclercdrive.fr/image.ashx?id=2951143&use=l&cat=p&typeid=i","cat":316009},{"id":123063,"n":"Jambon de Paris Tradilège Découenné dégraissé x6 - 240g","p":2.39,"u":"9,96 €/KG","img":"https://fd16-photos.leclercdrive.fr/image.ashx?id=2951146&use=l&cat=p&typeid=i","cat":316009},{"id":123065,"n":"Jambon de Paris Tradilège À l'étouffée x8 - 320g","p":3.13,"u":"9,78 €/KG","img":"https://fd16-photos.leclercdrive.fr/image.ashx?id=2404184&use=l&cat=p&typeid=i","cat":316009},{"id":123067,"n":"Jambon de Paris Tradilège Découenné dégraissé x10 - 400g","p":3.85,"u":"9,63 €/KG","img":"https://fd16-photos.leclercdrive.fr/image.ashx?id=2930787&use=l&cat=p&typeid=i","cat":316009},{"id":123070,"n":"Jambon de Paris Tradilège -25% de sel - 4 tranches - 140g","p":2.05,"u":"14,64 €/KG","img":"https://fd16-photos.leclercdrive.fr/image.ashx?id=2991527&use=l&cat=p&typeid=i","cat":316009},{"id":123071,"n":"Jambon de Paris Tradilège -25% de sel - 6 tranches - 210g","p":2.49,"u":"11,86 €/KG","img":"https://fd16-photos.leclercdrive.fr/image.ashx?id=2208612&use=l&cat=p&typeid=i","cat":316009},{"id":123073,"n":"Jambon supérieur Tradilège Découenné - 2 tranches - 80g","p":1.25,"u":"15,63 €/KG","img":"https://fd16-photos.leclercdrive.fr/image.ashx?id=2943689&use=l&cat=p&typeid=i","cat":316009},{"id":123076,"n":"Jambon supérieur Tradilège Découenné dégraissé x6 - 240g","p":3.25,"u":"13,54 €/KG","img":"https://fd16-photos.leclercdrive.fr/image.ashx?id=2974879&use=l&cat=p&typeid=i","cat":316009},{"id":123103,"n":"Jambon supérieur Tradilège Sans couenne x8 - 320g","p":4.29,"u":"13,41 €/KG","img":"https://fd16-photos.leclercdrive.fr/image.ashx?id=2943692&use=l&cat=p&typeid=i","cat":316009},{"id":123105,"n":"Jambon supérieur Tradilège Avec couenne 4 tranches - 160g","p":2.06,"u":"12,88 €/KG","img":"https://fd16-photos.leclercdrive.fr/image.ashx?id=2925756&use=l&cat=p&typeid=i","cat":316009},{"id":123110,"n":"Jambon supérieur Tradilège Avec couenne -2 tranches - 80g","p":1.39,"u":"17,38 €/KG","img":"https://fd16-photos.leclercdrive.fr/image.ashx?id=2943695&use=l&cat=p&typeid=i","cat":316009},{"id":123183,"n":"IGP Terres du Midi rosé Listel Cuvée St Louis - 75cl","p":4.9,"u":"6,53 €/L","img":"https://fd16-photos.leclercdrive.fr/image.ashx?id=2630382&use=l&cat=p&typeid=i","cat":289558},{"id":123254,"n":"Rhum Blanc agricole Dillon  Martinique - 70cl","p":12.58,"u":"17,97 €/L","img":"https://fd16-photos.leclercdrive.fr/image.ashx?id=2650949&use=l&cat=p&typeid=i","cat":284550},{"id":123257,"n":"Capsules café Plantation Lungo forte n°7 - x16 - 105g","p":3.35,"u":"31,90 €/KG","img":"https://fd16-photos.leclercdrive.fr/image.ashx?id=2649744&use=l&cat=p&typeid=i","cat":293239},{"id":123319,"n":"Spaghettini N°3 Barilla Qualité Supérieure - 500g","p":1.0,"u":"2,00 €/KG","img":"https://fd16-photos.leclercdrive.fr/image.ashx?id=2392197&use=l&cat=p&typeid=i","cat":284427},{"id":123320,"n":"Macaroni Barilla Qualité Supérieure - 500g","p":1.02,"u":"2,04 €/KG","img":"https://fd16-photos.leclercdrive.fr/image.ashx?id=2133135&use=l&cat=p&typeid=i","cat":284427},{"id":123360,"n":"Pétales Tables du Monde A la crevette ASC - 50g","p":0.65,"u":"13,00 €/KG","img":"https://fd16-photos.leclercdrive.fr/image.ashx?id=2920220&use=l&cat=p&typeid=i","cat":288992},{"id":123368,"n":"Brume d'eau Mot d'enfant 200ml","p":1.99,"u":"9,95 €/L","img":"https://fd16-photos.leclercdrive.fr/image.ashx?id=3015123&use=l&cat=p&typeid=i","cat":284741},{"id":123369,"n":"Crème hydratante visage & corps 75 Ml","p":1.39,"u":"18,53 €/L","img":"https://fd16-photos.leclercdrive.fr/image.ashx?id=1890346&use=l&cat=p&typeid=i","cat":325345},{"id":123373,"n":"Soin visage Carré Homme et barbe de 3 jours - 50ml","p":3.29,"u":"65,80 €/L","img":"https://fd16-photos.leclercdrive.fr/image.ashx?id=1898122&use=l&cat=p&typeid=i","cat":284622},{"id":123393,"n":"Bière sans alcool Tourtel Twist Agrume 0,0° - 6x27,5cl","p":4.27,"u":"2,59 €/L","img":"https://fd16-photos.leclercdrive.fr/image.ashx?id=2730736&use=l&cat=p&typeid=i","cat":334877},{"id":123397,"n":"Bière sans alcool Tourtel Twist Framboise 0,0° - 6x27,5cl","p":4.14,"u":"2,51 €/L","img":"https://fd16-photos.leclercdrive.fr/image.ashx?id=2886705&use=l&cat=p&typeid=i","cat":334877},{"id":123407,"n":"Bière sans alcool Tourtel Twist Citron 0,0° - 6x27,5cl","p":3.85,"u":"2,33 €/L","img":"https://fd16-photos.leclercdrive.fr/image.ashx?id=2886702&use=l&cat=p&typeid=i","cat":334877},{"id":123416,"n":"Soda Coca-Cola Original Bouteille - Pack 6x1,75L","p":14.2,"u":"1,35 €/L","img":"https://fd16-photos.leclercdrive.fr/image.ashx?id=2878333&use=l&cat=p&typeid=i","cat":284530},{"id":123418,"n":"Bière blonde Leffe sans alcool 0,0% - 6x25cl","p":4.74,"u":"3,16 €/L","img":"https://fd16-photos.leclercdrive.fr/image.ashx?id=2548303&use=l&cat=p&typeid=i","cat":334877},{"id":123426,"n":"Sangria François d'Aubigne 7% vol - 1.5 L","p":2.39,"u":"1,59 €/L","img":"https://fd16-photos.leclercdrive.fr/image.ashx?id=2790865&use=l&cat=p&typeid=i","cat":286032},{"id":123434,"n":"Soda Schweppes Indian Tonic Zero - 6x33cl","p":3.7,"u":"1,87 €/L","img":"https://fd16-photos.leclercdrive.fr/image.ashx?id=2852420&use=l&cat=p&typeid=i","cat":284531},{"id":123436,"n":"Boisson fruit shoot Teisseire Tropical - 6x20cl","p":2.66,"u":"2,22 €/L","img":"https://fd16-photos.leclercdrive.fr/image.ashx?id=2858204&use=l&cat=p&typeid=i","cat":295018},{"id":123437,"n":"Boisson Fruit shoot Teisseire Multivamine - 6x20cl","p":2.68,"u":"2,23 €/L","img":"https://fd16-photos.leclercdrive.fr/image.ashx?id=2858201&use=l&cat=p&typeid=i","cat":295018},{"id":123448,"n":"Biscuits cacao Kinder Cards Au lait et au cacao 2x5 - 128g","p":3.57,"u":"13,95 €/KG","img":"https://fd16-photos.leclercdrive.fr/image.ashx?id=2672608&use=l&cat=p&typeid=i","cat":284488},{"id":123486,"n":"Pâtes Coquillage Panzani Créatives - 500G","p":1.39,"u":"2,78 €/KG","img":"https://fd16-photos.leclercdrive.fr/image.ashx?id=2902939&use=l&cat=p&typeid=i","cat":284427},{"id":123492,"n":"Crêpes Whaou! Chocolat x15 - 480g","p":3.67,"u":"7,65 €/KG","img":"https://fd16-photos.leclercdrive.fr/image.ashx?id=2986449&use=l&cat=p&typeid=i","cat":284494},{"id":123523,"n":"Tubes Copains Copines Arc-en-ciel - 200g","p":1.13,"u":"5,65 €/KG","img":"https://fd16-photos.leclercdrive.fr/image.ashx?id=2934739&use=l&cat=p&typeid=i","cat":304250},{"id":123528,"n":"Soucoupes Copains Copines Acides - 39g","p":0.99,"u":"25,38 €/KG","img":"https://fd16-photos.leclercdrive.fr/image.ashx?id=2874738&use=l&cat=p&typeid=i","cat":304250},{"id":123542,"n":"Eau minérale naturelle Evian  6x50cl","p":2.44,"u":"0,81 €/L","img":"https://fd16-photos.leclercdrive.fr/image.ashx?id=2969022&use=l&cat=p&typeid=i","cat":284535},{"id":123545,"n":"Quiche lorraine Marie Pur beurre - 400g","p":3.34,"u":"8,35 €/KG","img":"https://fd16-photos.leclercdrive.fr/image.ashx?id=2318546&use=l&cat=p&typeid=i","cat":333680},{"id":123546,"n":"Tarte noix St-Jacques Marie Pur beurre - 350g","p":4.3,"u":"12,29 €/KG","img":"https://fd16-photos.leclercdrive.fr/image.ashx?id=2318555&use=l&cat=p&typeid=i","cat":333680},{"id":123547,"n":"Tarte poireaux Marie Pur beurre - 400g","p":3.99,"u":"9,98 €/KG","img":"https://fd16-photos.leclercdrive.fr/image.ashx?id=2318549&use=l&cat=p&typeid=i","cat":333680},{"id":123550,"n":"Yaourt aux fruits brassés Velouté fruix Danone - 16x125g","p":4.34,"u":"2,17 €/KG","img":"https://fd16-photos.leclercdrive.fr/image.ashx?id=2912923&use=l&cat=p&typeid=i","cat":284410},{"id":123552,"n":"Yaourt fruits rouges brassés Velouté fruix Danone - 8x125g","p":2.7,"u":"2,70 €/KG","img":"https://fd16-photos.leclercdrive.fr/image.ashx?id=2912932&use=l&cat=p&typeid=i","cat":284410},{"id":123554,"n":"Yaourt aux fruits velouté fruix Danone brassé framboise -4x125g","p":1.85,"u":"3,70 €/KG","img":"https://fd16-photos.leclercdrive.fr/image.ashx?id=2911858&use=l&cat=p&typeid=i","cat":284410},{"id":123555,"n":"Yaourt fruits jaunes brassés Velouté fruix Danone - 8x125g","p":2.7,"u":"2,70 €/KG","img":"https://fd16-photos.leclercdrive.fr/image.ashx?id=2912926&use=l&cat=p&typeid=i","cat":284410},{"id":123557,"n":"Kiwi Panier du Primeur Filière Mûrs à point - x6","p":3.99,"u":"0,67 €/P","img":"https://fd16-photos.leclercdrive.fr/image.ashx?id=2955047&use=l&cat=p&typeid=i","cat":284356},{"id":123603,"n":"Kit Distributeur Savon Mains Dettol Citron 250ml","p":7.72,"u":"30,88 €/L","img":"https://fd16-photos.leclercdrive.fr/image.ashx?id=2975134&use=l&cat=p&typeid=i","cat":284597},{"id":123606,"n":"Lessive liquide blanc Epsil 25 lavages - 1.25L","p":2.54,"u":"2,03 €/L","img":"https://fd16-photos.leclercdrive.fr/image.ashx?id=2838933&use=l&cat=p&typeid=i","cat":284640},{"id":123623,"n":"Bière ambrée Affligem 6,7D 6x25 Cl","p":5.97,"u":"3,98 €/L","img":"https://fd16-photos.leclercdrive.fr/image.ashx?id=2672029&use=l&cat=p&typeid=i","cat":334852},{"id":123693,"n":"Pâtes Eco+ Vermicelles - 1kg","p":1.34,"u":"1,34 €/KG","img":"https://fd16-photos.leclercdrive.fr/image.ashx?id=2535247&use=l&cat=p&typeid=i","cat":284427},{"id":123710,"n":"Tomato Ketchup Zéro Heinz sans sucre ni sel - 425g","p":2.64,"u":"6,21 €/KG","img":"https://fd16-photos.leclercdrive.fr/image.ashx?id=2927723&use=l&cat=p&typeid=i","cat":284455},{"id":123841,"n":"Sardines sans arêtes au citron Connétable - 140g","p":2.78,"u":"19,86 €/KG","img":"https://fd16-photos.leclercdrive.fr/image.ashx?id=2677333&use=l&cat=p&typeid=i","cat":305146},{"id":123864,"n":"Crème Pieds Anti-Crevasses Talons 24h - 60 ml","p":4.84,"u":"80,67 €/L","img":"https://fd16-photos.leclercdrive.fr/image.ashx?id=2980878&use=l&cat=p&typeid=i","cat":325354},{"id":123960,"n":"Bière sans alcool Desperados Virgin - Agrumes 3x33cl","p":3.91,"u":"3,95 €/L","img":"https://fd16-photos.leclercdrive.fr/image.ashx?id=2977966&use=l&cat=p&typeid=i","cat":334877},{"id":124035,"n":"Jus de raisin ABC Eco+ 1L","p":0.98,"u":"0,98 €/L","img":"https://fd16-photos.leclercdrive.fr/image.ashx?id=2802275&use=l&cat=p&typeid=i","cat":284915},{"id":124047,"n":"Pilchards hareng Petit Pierre Tomate huile - 367g","p":2.29,"u":"6,24 €/KG","img":"https://fd16-photos.leclercdrive.fr/image.ashx?id=3004408&use=l&cat=p&typeid=i","cat":305147},{"id":124052,"n":"Nouilles de riz Table du monde 250g","p":1.99,"u":"7,96 €/KG","img":"https://fd16-photos.leclercdrive.fr/image.ashx?id=2679780&use=l&cat=p&typeid=i","cat":288992},{"id":124262,"n":"Le Champignon Émincé Épais Bonduelle Sans Sulfite 230g","p":1.76,"u":"7,65 €/KG","img":"https://fd16-photos.leclercdrive.fr/image.ashx?id=2915724&use=l&cat=p&typeid=i","cat":312610},{"id":124271,"n":"Morceaux de thon Eco+ A l'huile de tournesol - 130g","p":1.33,"u":"10,23 €/KG","img":"https://fd16-photos.leclercdrive.fr/image.ashx?id=2678529&use=l&cat=p&typeid=i","cat":303867},{"id":124374,"n":"Eau aromatisée Volvic bio Pamplemousse romarin - 75cl","p":1.59,"u":"2,12 €/L","img":"https://fd16-photos.leclercdrive.fr/image.ashx?id=2462514&use=l&cat=p&typeid=i","cat":284537},{"id":124466,"n":"AOC Crémant d'Alsace brut Bio Rebmann - 75cl","p":6.99,"u":"9,32 €/L","img":"https://fd16-photos.leclercdrive.fr/image.ashx?id=2714992&use=l&cat=p&typeid=i","cat":284545},{"id":124473,"n":"Cabillaud MSC citron Côté Table Riz - 290g","p":2.99,"u":"10,31 €/KG","img":"https://fd16-photos.leclercdrive.fr/image.ashx?id=2638539&use=l&cat=p&typeid=i","cat":333665},{"id":124478,"n":"IGP Méditérranée rosé Les Calandières - 75cl","p":3.9,"u":"5,20 €/L","img":"https://fd16-photos.leclercdrive.fr/image.ashx?id=2996608&use=l&cat=p&typeid=i","cat":289558},{"id":124533,"n":"Confiture extra bio Bio Village Rhubarbe - 370g","p":2.59,"u":"7,00 €/KG","img":"https://fd16-photos.leclercdrive.fr/image.ashx?id=2482514&use=l&cat=p&typeid=i","cat":284480},{"id":124617,"n":"Chocolat Peluche mix Kinder Kangourou - 133g","p":13.94,"u":"104,81 €/KG","img":"https://fd16-photos.leclercdrive.fr/image.ashx?id=1899696&use=l&cat=p&typeid=i","cat":327789},{"id":124618,"n":"Chocolat Peluche mix Kinder Jaguar  - 133g","p":13.94,"u":"104,81 €/KG","img":"https://fd16-photos.leclercdrive.fr/image.ashx?id=1899699&use=l&cat=p&typeid=i","cat":327789},{"id":124646,"n":"Bouchées à garnir Les 3 Toques x6 - 159g","p":1.5,"u":"9,43 €/KG","img":"https://fd16-photos.leclercdrive.fr/image.ashx?id=2007938&use=l&cat=p&typeid=i","cat":284441},{"id":124670,"n":"Pain de mie complet Jacquet Maxi - Sans sucre ajouté - 550g","p":1.6,"u":"2,91 €/KG","img":"https://fd16-photos.leclercdrive.fr/image.ashx?id=2935708&use=l&cat=p&typeid=i","cat":284477},{"id":124671,"n":"Pain de mie Sans croûte Jacquet Sans sucre ajouté - 475g","p":1.78,"u":"3,75 €/KG","img":"https://fd16-photos.leclercdrive.fr/image.ashx?id=2919754&use=l&cat=p&typeid=i","cat":284477},{"id":124714,"n":"Combinés gratte éponges Spontex x3","p":2.72,"u":"0,91 €/P","img":"https://fd16-photos.leclercdrive.fr/image.ashx?id=2968895&use=l&cat=p&typeid=i","cat":284667},{"id":124743,"n":"Gratte éponge Spontex anti bactérien - x2","p":1.85,"u":"0,93 €/P","img":"https://fd16-photos.leclercdrive.fr/image.ashx?id=2973081&use=l&cat=p&typeid=i","cat":284667},{"id":124744,"n":"Gratte éponge Spontex x3","p":2.57,"u":"0,86 €/P","img":"https://fd16-photos.leclercdrive.fr/image.ashx?id=2973084&use=l&cat=p&typeid=i","cat":284667},{"id":124791,"n":"Serviette Nana Maxi goodnight - x12","p":1.94,"u":"0,16 €/P","img":"https://fd16-photos.leclercdrive.fr/image.ashx?id=2806402&use=l&cat=p&typeid=i","cat":284624},{"id":124795,"n":"Protège lingerie Nana Extra long - x24","p":1.87,"u":"0,08 €/P","img":"https://fd16-photos.leclercdrive.fr/image.ashx?id=2968499&use=l&cat=p&typeid=i","cat":284625},{"id":124837,"n":"Dual nature saumon One Purina Chat stérilisé - 1,4kg","p":7.46,"u":"5,33 €/KG","img":"https://fd16-photos.leclercdrive.fr/image.ashx?id=2871145&use=l&cat=p&typeid=i","cat":284680},{"id":124854,"n":"Huile de lin Mieuxa 1L","p":6.5,"u":"6,50 €/L","img":"https://fd16-photos.leclercdrive.fr/image.ashx?id=2277026&use=l&cat=p&typeid=i","cat":300576},{"id":124896,"n":"KINDER JOY Chocolat au lait - 3x20g","p":3.25,"u":"54,17 €/KG","img":"https://fd16-photos.leclercdrive.fr/image.ashx?id=2971769&use=l&cat=p&typeid=i","cat":284958},{"id":124902,"n":"Eponges végétales Eco+ x2","p":0.46,"u":"0,23 €/P","img":"https://fd16-photos.leclercdrive.fr/image.ashx?id=1901695&use=l&cat=p&typeid=i","cat":284667},{"id":124903,"n":"Laque fixation forte Eco+ 400ml","p":1.11,"u":"2,78 €/L","img":"https://fd16-photos.leclercdrive.fr/image.ashx?id=2270223&use=l&cat=p&typeid=i","cat":284609},{"id":124904,"n":"Liquide allume-feu Eco+ 1L","p":2.92,"u":"2,92 €/L","img":"https://fd16-photos.leclercdrive.fr/image.ashx?id=1901698&use=l&cat=p&typeid=i","cat":300577},{"id":124905,"n":"Sacs poubelle coulissants Eco+ 30 l - x20","p":1.23,"u":"0,06 €/P","img":"https://fd16-photos.leclercdrive.fr/image.ashx?id=2756989&use=l&cat=p&typeid=i","cat":285168},{"id":124906,"n":"Sacs poubelle Eco+ 50L Coulissants - x25","p":2.33,"u":"0,09 €/P","img":"https://fd16-photos.leclercdrive.fr/image.ashx?id=2775700&use=l&cat=p&typeid=i","cat":285168},{"id":124909,"n":"Culotte Enuresie Mots d'Enfants 4-7 ans -17-30 kg - x15","p":9.49,"u":"0,63 €/P","img":"https://fd16-photos.leclercdrive.fr/image.ashx?id=2704496&use=l&cat=p&typeid=i","cat":290633},{"id":124910,"n":"Culotte Enuresie Mots d'enfants 8/15 ans -27/57 kg- x12","p":9.29,"u":"0,77 €/P","img":"https://fd16-photos.leclercdrive.fr/image.ashx?id=2791335&use=l&cat=p&typeid=i","cat":290633},{"id":124911,"n":"Diffuseur Insectivor Anti-Moustique - 40ml","p":4.39,"u":"109,75 €/L","img":"https://fd16-photos.leclercdrive.fr/image.ashx?id=1921904&use=l&cat=p&typeid=i","cat":298368},{"id":124912,"n":"Insecticide Insectivor Anti-acariens puce- 400ml","p":4.99,"u":"12,48 €/L","img":"https://fd16-photos.leclercdrive.fr/image.ashx?id=1901710&use=l&cat=p&typeid=i","cat":298368},{"id":124913,"n":"Insecticide Insectivor Volant/rampant - 400ml","p":3.95,"u":"9,88 €/L","img":"https://fd16-photos.leclercdrive.fr/image.ashx?id=2582990&use=l&cat=p&typeid=i","cat":298368},{"id":124923,"n":"Croquettes chat stérilisé  Ultima Nature bœuf – 1,1kg","p":6.63,"u":"6,03 €/KG","img":"https://fd16-photos.leclercdrive.fr/image.ashx?id=2629884&use=l&cat=p&typeid=i","cat":284680},{"id":124926,"n":"Sacs poubelle container Elembal 120L - x10","p":3.99,"u":"0,40 €/P","img":"https://fd16-photos.leclercdrive.fr/image.ashx?id=2898272&use=l&cat=p&typeid=i","cat":285168},{"id":124927,"n":"Sacs gravats Elembal 50L - X5","p":4.24,"u":"0,02 €/L","img":"https://fd16-photos.leclercdrive.fr/image.ashx?id=1959208&use=l&cat=p&typeid=i","cat":285168},{"id":124928,"n":"Sacs poubelle Elembal 240L - x10","p":4.56,"u":"0,46 €/P","img":"https://fd16-photos.leclercdrive.fr/image.ashx?id=2898275&use=l&cat=p&typeid=i","cat":285168},{"id":124929,"n":"Insecticide Insectivor Antivolant végétal - 400ml","p":2.71,"u":"6,78 €/L","img":"https://fd16-photos.leclercdrive.fr/image.ashx?id=2673999&use=l&cat=p&typeid=i","cat":298368},{"id":124930,"n":"Sacs poubelle Elembal Coulissants spécial tri 50L-x10","p":2.19,"u":"0,22 €/P","img":"https://fd16-photos.leclercdrive.fr/image.ashx?id=2958756&use=l&cat=p&typeid=i","cat":285168},{"id":124935,"n":"Tampons à récurer Eco+ x5","p":1.01,"u":"0,20 €/P","img":"https://fd16-photos.leclercdrive.fr/image.ashx?id=2593336&use=l&cat=p&typeid=i","cat":284667},{"id":124936,"n":"Serviettes hygiéniques Eco+ Normales Ultra minces - x14","p":0.51,"u":"0,04 €/P","img":"https://fd16-photos.leclercdrive.fr/image.ashx?id=2943593&use=l&cat=p&typeid=i","cat":284624},{"id":124957,"n":"Serviettes hygiéniques Eco+ Normales - x20","p":0.7,"u":"0,04 €/P","img":"https://fd16-photos.leclercdrive.fr/image.ashx?id=2923381&use=l&cat=p&typeid=i","cat":284624},{"id":124959,"n":"Shampooing sec Nateïs Pomme - 150ml","p":2.16,"u":"14,40 €/L","img":"https://fd16-photos.leclercdrive.fr/image.ashx?id=2843602&use=l&cat=p&typeid=i","cat":289143},{"id":124961,"n":"Shampoing sec Nateis 150ml","p":1.87,"u":"12,47 €/L","img":"https://fd16-photos.leclercdrive.fr/image.ashx?id=2751919&use=l&cat=p&typeid=i","cat":289143},{"id":124962,"n":"Sacs poubelle Elembal Salle de bain 5L - x40","p":1.26,"u":"0,03 €/P","img":"https://fd16-photos.leclercdrive.fr/image.ashx?id=2793284&use=l&cat=p&typeid=i","cat":285168},{"id":125216,"n":"Cacahuètes Eco+ Grillées à sec - 150g","p":0.46,"u":"3,07 €/KG","img":"https://fd16-photos.leclercdrive.fr/image.ashx?id=2780710&use=l&cat=p&typeid=i","cat":284448},{"id":125217,"n":"Soufflés Eco+ Goût fromage - 100g","p":0.54,"u":"5,40 €/KG","img":"https://fd16-photos.leclercdrive.fr/image.ashx?id=2887392&use=l&cat=p&typeid=i","cat":284449},{"id":125218,"n":"Cacahuètes Eco  Grillées et salées - 250g","p":0.7,"u":"2,80 €/KG","img":"https://fd16-photos.leclercdrive.fr/image.ashx?id=2836801&use=l&cat=p&typeid=i","cat":284448},{"id":125220,"n":"Snacks Eco+ Gôut bacon - 100g","p":0.72,"u":"7,20 €/KG","img":"https://fd16-photos.leclercdrive.fr/image.ashx?id=2287233&use=l&cat=p&typeid=i","cat":284449},{"id":125222,"n":"Assortiment biscuit Eco+ Soufflé - 125g","p":0.87,"u":"6,96 €/KG","img":"https://fd16-photos.leclercdrive.fr/image.ashx?id=2964559&use=l&cat=p&typeid=i","cat":284449},{"id":125223,"n":"Pistaches grillées à sec Eco+ 200g","p":2.58,"u":"12,90 €/KG","img":"https://fd16-photos.leclercdrive.fr/image.ashx?id=2746784&use=l&cat=p&typeid=i","cat":284448},{"id":125225,"n":"Chips nature Eco+ 6x30g","p":1.23,"u":"6,83 €/KG","img":"https://fd16-photos.leclercdrive.fr/image.ashx?id=2943599&use=l&cat=p&typeid=i","cat":284447},{"id":125227,"n":"Mini cookies P'tit Déli 160g","p":1.49,"u":"9,31 €/KG","img":"https://fd16-photos.leclercdrive.fr/image.ashx?id=2932426&use=l&cat=p&typeid=i","cat":325066},{"id":125235,"n":"Tartelette framboise P'tit Déli 150g","p":1.3,"u":"8,67 €/KG","img":"https://fd16-photos.leclercdrive.fr/image.ashx?id=2683922&use=l&cat=p&typeid=i","cat":284489},{"id":125238,"n":"Cookies P'tit Déli Chocolat noisette - 200g","p":1.69,"u":"8,45 €/KG","img":"https://fd16-photos.leclercdrive.fr/image.ashx?id=1943253&use=l&cat=p&typeid=i","cat":325066},{"id":125328,"n":"Ketchup Rustica Nature - 560g","p":1.25,"u":"2,23 €/KG","img":"https://fd16-photos.leclercdrive.fr/image.ashx?id=2870050&use=l&cat=p&typeid=i","cat":284455},{"id":125383,"n":"Comté fromage râpé Les Croisés 130g","p":1.95,"u":"15,00 €/KG","img":"https://fd16-photos.leclercdrive.fr/image.ashx?id=2897820&use=l&cat=p&typeid=i","cat":314035},{"id":125389,"n":"Dégraissant cuisine Sanytol 500ml","p":2.62,"u":"5,24 €/L","img":"https://fd16-photos.leclercdrive.fr/image.ashx?id=2899356&use=l&cat=p&typeid=i","cat":325357},{"id":125417,"n":"Vinaigre nettoyant ménager surpuissant - 5L","p":6.35,"u":"1,27 €/L","img":"https://fd16-photos.leclercdrive.fr/image.ashx?id=2149432&use=l&cat=p&typeid=i","cat":325365},{"id":125723,"n":"Céréales fourées P'tit Déli Tout chocolat - 650g","p":2.89,"u":"4,45 €/KG","img":"https://fd16-photos.leclercdrive.fr/image.ashx?id=2878603&use=l&cat=p&typeid=i","cat":309513},{"id":125916,"n":"Fromages frais Pat'Patrouille Yoplait goûts fruits - 24x50g","p":3.35,"u":"2,79 €/KG","img":"https://fd16-photos.leclercdrive.fr/image.ashx?id=2733688&use=l&cat=p&typeid=i","cat":284414},{"id":125966,"n":"Chips Tyrrell's Sel et poivre - 150g","p":2.19,"u":"14,60 €/KG","img":"https://fd16-photos.leclercdrive.fr/image.ashx?id=2884777&use=l&cat=p&typeid=i","cat":284447},{"id":126139,"n":"Chips  Sel de mer Tyrell's Saveur vinaigre - 150g","p":2.19,"u":"14,60 €/KG","img":"https://fd16-photos.leclercdrive.fr/image.ashx?id=2941865&use=l&cat=p&typeid=i","cat":284447},{"id":126140,"n":"Chips Tyrells Piment doux et poivron - 150g","p":2.19,"u":"14,60 €/KG","img":"https://fd16-photos.leclercdrive.fr/image.ashx?id=2225657&use=l&cat=p&typeid=i","cat":284447},{"id":126178,"n":"Riz long thaï Eco+ 1kg","p":1.61,"u":"1,61 €/KG","img":"https://fd16-photos.leclercdrive.fr/image.ashx?id=2799751&use=l&cat=p&typeid=i","cat":284428},{"id":126186,"n":"Riz rond Eco+ 1kg","p":1.77,"u":"1,77 €/KG","img":"https://fd16-photos.leclercdrive.fr/image.ashx?id=2704594&use=l&cat=p&typeid=i","cat":284428},{"id":126187,"n":"Biscuits Lotus Biscoff Fourré Crème saveur chocolat 150g","p":1.78,"u":"11,87 €/KG","img":"https://fd16-photos.leclercdrive.fr/image.ashx?id=2859818&use=l&cat=p&typeid=i","cat":284487},{"id":126310,"n":"Crème dépilatoire Pure Veet Corps Peaux normales 200ml","p":4.07,"u":"20,35 €/L","img":"https://fd16-photos.leclercdrive.fr/image.ashx?id=3014437&use=l&cat=p&typeid=i","cat":325351},{"id":126314,"n":"Crème dépilatoire Pure Veet Corps Peaux sensibles 200ml","p":4.44,"u":"22,20 €/L","img":"https://fd16-photos.leclercdrive.fr/image.ashx?id=2965692&use=l&cat=p&typeid=i","cat":325351},{"id":126396,"n":"Bière sans alcool Kronenbourg Pur Malt 0,4° - 12x25cl","p":5.36,"u":"1,79 €/L","img":"https://fd16-photos.leclercdrive.fr/image.ashx?id=2992756&use=l&cat=p&typeid=i","cat":334877},{"id":126424,"n":"Biscuits Sprits sablés Delacre Chocolat au lait - 200g","p":1.78,"u":"8,90 €/KG","img":"https://fd16-photos.leclercdrive.fr/image.ashx?id=2855873&use=l&cat=p&typeid=i","cat":284488},{"id":126430,"n":"Dosettes café Senseo Milka x8","p":2.93,"u":"26,16 €/KG","img":"https://fd16-photos.leclercdrive.fr/image.ashx?id=2127012&use=l&cat=p&typeid=i","cat":293238},{"id":126478,"n":"Morceaux Thon PETIT NAVIRE 160g Nature Démarche Responsable","p":1.99,"u":"17,77 €/KG","img":"https://fd16-photos.leclercdrive.fr/image.ashx?id=2549453&use=l&cat=p&typeid=i","cat":303867},{"id":126503,"n":"Durex Gel Lubrifiant Intime  Perfect Gliss Silicone 50ml","p":5.68,"u":"113,60 €/L","img":"https://fd16-photos.leclercdrive.fr/image.ashx?id=2996497&use=l&cat=p&typeid=i","cat":285160},{"id":126519,"n":"Bloc WC Bref Color Activ+  Marine toilettes - 50g x1","p":1.94,"u":"388,00 €/KG","img":"https://fd16-photos.leclercdrive.fr/image.ashx?id=2890112&use=l&cat=p&typeid=i","cat":284662},{"id":126555,"n":"Noix de coco 1p","p":1.49,"img":"https://fd16-photos.leclercdrive.fr/image.ashx?id=1629549&use=l&cat=p&typeid=i","cat":284356},{"id":126570,"n":"Soda Sprite Original  Bouteille  - 1.25L","p":1.29,"u":"1,03 €/L","img":"https://fd16-photos.leclercdrive.fr/image.ashx?id=2796989&use=l&cat=p&typeid=i","cat":284531},{"id":126579,"n":"Pommes Bicolores Eco+ Sachet 2kg","p":2.99,"u":"1,50 €/KG","img":"https://fd16-photos.leclercdrive.fr/image.ashx?id=2537872&use=l&cat=p&typeid=i","cat":284356},{"id":126581,"n":"Pommes jaunes Eco+ Sachet 2kg","p":2.99,"u":"1,50 €/KG","img":"https://fd16-photos.leclercdrive.fr/image.ashx?id=2441890&use=l&cat=p&typeid=i","cat":284356},{"id":126583,"n":"Kiwi vert Eco+ Barquette 1kg","p":3.99,"u":"3,99 €/KG","img":"https://fd16-photos.leclercdrive.fr/image.ashx?id=2922373&use=l&cat=p&typeid=i","cat":284356},{"id":126585,"n":"Tomates rondes Eco+ Filet 1kg","p":1.89,"u":"1,89 €/KG","img":"https://fd16-photos.leclercdrive.fr/image.ashx?id=2769420&use=l&cat=p&typeid=i","cat":284352},{"id":126589,"n":"Endives Eco+ Sachet 500g","p":1.49,"u":"2,98 €/KG","img":"https://fd16-photos.leclercdrive.fr/image.ashx?id=2922917&use=l&cat=p&typeid=i","cat":284352},{"id":126590,"n":"Ail Eco+ Filet 250g","p":1.99,"u":"7,96 €/KG","img":"https://fd16-photos.leclercdrive.fr/image.ashx?id=2919586&use=l&cat=p&typeid=i","cat":284352},{"id":126591,"n":"Echalotes Eco+ Filet 500g","p":1.19,"u":"2,38 €/KG","img":"https://fd16-photos.leclercdrive.fr/image.ashx?id=2777946&use=l&cat=p&typeid=i","cat":284352},{"id":126601,"n":"Biscuits à thé Delacre Tea Time Boîte Assortiment - 300g","p":4.49,"u":"14,97 €/KG","img":"https://fd16-photos.leclercdrive.fr/image.ashx?id=2867972&use=l&cat=p&typeid=i","cat":284490},{"id":126629,"n":"Merguez  6x1p","p":7.5,"u":"1,25 €/P","img":"https://fd16-photos.leclercdrive.fr/image.ashx?id=632149&use=l&cat=p&typeid=i","cat":284334},{"id":126655,"n":"Rillettes de thon aux olives  Ronde des Mers - 125g","p":1.68,"u":"13,44 €/KG","img":"https://fd16-photos.leclercdrive.fr/image.ashx?id=2436705&use=l&cat=p&typeid=i","cat":303867},{"id":126659,"n":"Fromage fondu Eco+ 24 portions - 400g","p":2.45,"u":"6,13 €/KG","img":"https://fd16-photos.leclercdrive.fr/image.ashx?id=2415746&use=l&cat=p&typeid=i","cat":314030},{"id":126849,"n":"Batonnets Smicy Vanille chocolat - x12 - 456g","p":3.53,"u":"7,74 €/KG","img":"https://fd16-photos.leclercdrive.fr/image.ashx?id=2902558&use=l&cat=p&typeid=i","cat":284265},{"id":126958,"n":"Kiwi vert 1p","p":0.69,"img":"https://fd16-photos.leclercdrive.fr/image.ashx?id=2077670&use=l&cat=p&typeid=i","cat":284356},{"id":126960,"n":"Cheeseburgers Côté Croc x6 - 780g","p":6.29,"u":"8,06 €/KG","img":"https://fd16-photos.leclercdrive.fr/image.ashx?id=2077373&use=l&cat=p&typeid=i","cat":319822},{"id":126984,"n":"Concombre 1p","p":2.49,"img":"https://fd16-photos.leclercdrive.fr/image.ashx?id=1631895&use=l&cat=p&typeid=i","cat":284352},{"id":126987,"n":"Avocats Eco+ Filet x3","p":1.99,"u":"0,66 €/P","img":"https://fd16-photos.leclercdrive.fr/image.ashx?id=2373009&use=l&cat=p&typeid=i","cat":284352},{"id":126994,"n":"Céleri rave 1p","p":2.49,"img":"https://fd16-photos.leclercdrive.fr/image.ashx?id=1631904&use=l&cat=p&typeid=i","cat":284352},{"id":127017,"n":"Butternut 1p","p":2.0,"img":"https://fd16-photos.leclercdrive.fr/image.ashx?id=1631577&use=l&cat=p&typeid=i","cat":284352},{"id":127019,"n":"Potimarron 1p","p":2.0,"img":"https://fd16-photos.leclercdrive.fr/image.ashx?id=1633196&use=l&cat=p&typeid=i","cat":284352},{"id":127021,"n":"Chou blanc 1p","p":1.99,"img":"https://fd16-photos.leclercdrive.fr/image.ashx?id=560849&use=l&cat=p&typeid=i","cat":284352},{"id":127026,"n":"Chou frisé 1p","p":1.99,"img":"https://fd16-photos.leclercdrive.fr/image.ashx?id=560851&use=l&cat=p&typeid=i","cat":284352},{"id":127027,"n":"Bouchées Feuilletées 3 Toques x12 - 318g","p":2.65,"u":"8,33 €/KG","img":"https://fd16-photos.leclercdrive.fr/image.ashx?id=1913859&use=l&cat=p&typeid=i","cat":284441},{"id":127336,"n":"Saucisson sec Henri Raffin A l'ancienne nature - 360g","p":5.99,"u":"16,64 €/KG","img":"https://fd16-photos.leclercdrive.fr/image.ashx?id=2950240&use=l&cat=p&typeid=i","cat":316006},{"id":127386,"n":"Gel douche Cottage lait cerise noire et pistache - 250ml","p":2.15,"u":"8,60 €/L","img":"https://fd16-photos.leclercdrive.fr/image.ashx?id=1914546&use=l&cat=p&typeid=i","cat":284594},{"id":127396,"n":"Soin de jour Diadermine Lift+ Lissage Immédiat - 50 ml","p":6.93,"u":"138,60 €/L","img":"https://fd16-photos.leclercdrive.fr/image.ashx?id=2551111&use=l&cat=p&typeid=i","cat":325345},{"id":127430,"n":"Céréales fourrées P'tit Déli Chocolat au lait - 450g","p":2.58,"u":"5,73 €/KG","img":"https://fd16-photos.leclercdrive.fr/image.ashx?id=2824713&use=l&cat=p&typeid=i","cat":309513},{"id":127476,"n":"Piperade basquaise NRT 600g","p":3.7,"u":"6,17 €/KG","img":"https://fd16-photos.leclercdrive.fr/image.ashx?id=2771420&use=l&cat=p&typeid=i","cat":284441},{"id":127482,"n":"Pâté de foie Vasseur Saveurs en Or - 300g","p":2.5,"u":"8,33 €/KG","img":"https://fd16-photos.leclercdrive.fr/image.ashx?id=2480752&use=l&cat=p&typeid=i","cat":316008},{"id":127484,"n":"Pâté pimenté Vasseur Saveurs en Or - 200g","p":2.0,"u":"10,00 €/KG","img":"https://fd16-photos.leclercdrive.fr/image.ashx?id=2908108&use=l&cat=p&typeid=i","cat":316008},{"id":127710,"n":"Surligneurs Esquisse x4","p":1.89,"u":"0,47 €/P","img":"https://fd16-photos.leclercdrive.fr/image.ashx?id=1929801&use=l&cat=p&typeid=i","cat":284696},{"id":128006,"n":"Paire de ciseaux Esquisse Bleu - Souple - 13cm","p":0.95,"img":"https://fd16-photos.leclercdrive.fr/image.ashx?id=2566754&use=l&cat=p&typeid=i","cat":334133},{"id":128007,"n":"Paire de ciseaux Esquisse Rose - Souple - 13cm","p":0.95,"img":"https://fd16-photos.leclercdrive.fr/image.ashx?id=2566757&use=l&cat=p&typeid=i","cat":334133},{"id":128008,"n":"Paire de ciseaux Esquisse Gris - 13cm","p":0.95,"img":"https://fd16-photos.leclercdrive.fr/image.ashx?id=2566760&use=l&cat=p&typeid=i","cat":334133},{"id":128009,"n":"Paire de ciseaux Esquisse Orange - 13cm","p":0.95,"img":"https://fd16-photos.leclercdrive.fr/image.ashx?id=2566763&use=l&cat=p&typeid=i","cat":334133},{"id":128821,"n":"Galette Trégalette Jambon fromage  - 220g","p":3.05,"u":"13,86 €/KG","img":"https://fd16-photos.leclercdrive.fr/image.ashx?id=2827953&use=l&cat=p&typeid=i","cat":333672},{"id":128826,"n":"Boisson a base de vin Don Simon Sangria blanche 1,5L","p":2.13,"u":"1,42 €/L","img":"https://fd16-photos.leclercdrive.fr/image.ashx?id=1918577&use=l&cat=p&typeid=i","cat":304569},{"id":128976,"n":"Sucre poudre Daddy 750g","p":1.69,"u":"2,25 €/KG","img":"https://fd16-photos.leclercdrive.fr/image.ashx?id=2944699&use=l&cat=p&typeid=i","cat":284502},{"id":129106,"n":"Liqueur de Whisky Jack Daniel's Apple 70cL","p":19.95,"pp":17.95,"u":"25,64 €/L","img":"https://fd16-photos.leclercdrive.fr/image.ashx?id=2764586&use=l&cat=p&typeid=i","cat":286032},{"id":129162,"n":"Boisson énergisante Monster Mango Loco - 50cl","p":1.55,"u":"3,10 €/L","img":"https://fd16-photos.leclercdrive.fr/image.ashx?id=2433443&use=l&cat=p&typeid=i","cat":284533},{"id":129189,"n":"Biscuit Lotus Biscoff  Original 375g (3x125g)","p":2.49,"u":"6,64 €/KG","img":"https://fd16-photos.leclercdrive.fr/image.ashx?id=2740271&use=l&cat=p&typeid=i","cat":284487},{"id":129235,"n":"Soda Coca-Cola sans sucres Bouteille - 6x1.75L","p":10.3,"u":"0,98 €/L","img":"https://fd16-photos.leclercdrive.fr/image.ashx?id=2878330&use=l&cat=p&typeid=i","cat":284530},{"id":129237,"n":"Baume Barbe Gillette 100ml","p":8.5,"pp":5.1,"u":"51,00 €/L","img":"https://fd16-photos.leclercdrive.fr/image.ashx?id=2655145&use=l&cat=p&typeid=i","cat":284622},{"id":129393,"n":"Tablette Chocolat Noir Atelier Myrtille Amandes Noisettes 170g","p":3.52,"u":"20,71 €/KG","img":"https://fd16-photos.leclercdrive.fr/image.ashx?id=2663057&use=l&cat=p&typeid=i","cat":284956},{"id":129394,"n":"Tablette Chocolat Noir Nestlé L'Atelier Cranberries 170g","p":3.64,"u":"21,41 €/KG","img":"https://fd16-photos.leclercdrive.fr/image.ashx?id=2663054&use=l&cat=p&typeid=i","cat":284956},{"id":129395,"n":"Tablette Chocolat Lait Nestlé  L'Atelier Cranberries 170g","p":3.55,"u":"20,88 €/KG","img":"https://fd16-photos.leclercdrive.fr/image.ashx?id=2663051&use=l&cat=p&typeid=i","cat":284497},{"id":129396,"n":"Tablette Chocolat Lait Nestlé  L'atelier Raisins Amandes 170g","p":3.43,"u":"20,18 €/KG","img":"https://fd16-photos.leclercdrive.fr/image.ashx?id=2663048&use=l&cat=p&typeid=i","cat":284497},{"id":129397,"n":"Tablette Chocolat Noir Nestlé L'Atelier Raisins Amandes 170g","p":3.45,"u":"20,29 €/KG","img":"https://fd16-photos.leclercdrive.fr/image.ashx?id=2662147&use=l&cat=p&typeid=i","cat":284956},{"id":129398,"n":"Tablette Chocolat Lait Nestlé  L'Atelier Noisettes 170g","p":3.7,"u":"21,76 €/KG","img":"https://fd16-photos.leclercdrive.fr/image.ashx?id=2663060&use=l&cat=p&typeid=i","cat":284497},{"id":129399,"n":"Tablette Chocolat Noir Nestlé L'Atelier Noisettes 170g","p":3.72,"u":"21,88 €/KG","img":"https://fd16-photos.leclercdrive.fr/image.ashx?id=2663063&use=l&cat=p&typeid=i","cat":284956},{"id":129560,"n":"Filets cabillaud MSC 800g","p":11.98,"u":"14,98 €/KG","img":"https://fd16-photos.leclercdrive.fr/image.ashx?id=1983986&use=l&cat=p&typeid=i","cat":319786},{"id":129570,"n":"Chipolatas  6P","p":6.9,"u":"1,15 €/P","img":"https://fd16-photos.leclercdrive.fr/image.ashx?id=584345&use=l&cat=p&typeid=i","cat":284334},{"id":129602,"n":"Lait demi-écrémé Grandlait Candia Bouteille - 6x25cl","p":4.15,"u":"2,77 €/L","img":"https://fd16-photos.leclercdrive.fr/image.ashx?id=2916189&use=l&cat=p&typeid=i","cat":284377},{"id":129802,"n":"Café dosettes Tassimo Columbus Lungo x14","p":4.68,"u":"52,00 €/KG","img":"https://fd16-photos.leclercdrive.fr/image.ashx?id=2154833&use=l&cat=p&typeid=i","cat":293240},{"id":129809,"n":"Bonbons Carambar Sucettes Caramel - 156g","p":2.07,"u":"13,27 €/KG","img":"https://fd16-photos.leclercdrive.fr/image.ashx?id=2580804&use=l&cat=p&typeid=i","cat":304252},{"id":129906,"n":"IGP Pays d'Oc blanc Miss Anais 75cl","p":5.8,"pp":4.06,"u":"5,41 €/L","img":"https://fd16-photos.leclercdrive.fr/image.ashx?id=2093220&use=l&cat=p&typeid=i","cat":289557},{"id":129934,"n":"Beignets Pasquier Chocolat noisette - x6 - 270g","p":2.17,"u":"8,04 €/KG","img":"https://fd16-photos.leclercdrive.fr/image.ashx?id=2986374&use=l&cat=p&typeid=i","cat":284495},{"id":129935,"n":"Beignets Pasquier Framboise x6 - 270g","p":3.07,"u":"11,37 €/KG","img":"https://fd16-photos.leclercdrive.fr/image.ashx?id=2986377&use=l&cat=p&typeid=i","cat":284495},{"id":129946,"n":"Ailes de poulet Maître Coq Rôties nature - 1kg","p":7.0,"u":"7,00 €/KG","img":"https://fd16-photos.leclercdrive.fr/image.ashx?id=2094316&use=l&cat=p&typeid=i","cat":333685},{"id":130006,"n":"Sirop Sport Menthe glaciale - 60cl","p":2.2,"u":"3,67 €/L","img":"https://fd16-photos.leclercdrive.fr/image.ashx?id=1936776&use=l&cat=p&typeid=i","cat":295020},{"id":130009,"n":"Vin de france Rosé Pinot noir Bouchard Ainé & Fils - 75cl","p":6.1,"u":"8,13 €/L","img":"https://fd16-photos.leclercdrive.fr/image.ashx?id=1927698&use=l&cat=p&typeid=i","cat":289558},{"id":130334,"n":"Lessive liquide bébé Epsil 25 lavages - 1.25L","p":3.88,"u":"3,10 €/L","img":"https://fd16-photos.leclercdrive.fr/image.ashx?id=2838939&use=l&cat=p&typeid=i","cat":284640},{"id":130393,"n":"Calculatrice bureau Esquisse Bleu turquoise","p":4.9,"u":"Dont 0,13 € d'éco-part.","img":"https://fd16-photos.leclercdrive.fr/image.ashx?id=1932867&use=l&cat=p&typeid=i","cat":334133},{"id":130394,"n":"Calculatrice bureau Esquisse Rouge","p":4.9,"u":"Dont 0,13 € d'éco-part.","img":"https://fd16-photos.leclercdrive.fr/image.ashx?id=1932870&use=l&cat=p&typeid=i","cat":334133},{"id":130395,"n":"Calculatrice bureau Esquisse Rose","p":4.9,"u":"Dont 0,13 € d'éco-part.","img":"https://fd16-photos.leclercdrive.fr/image.ashx?id=1932873&use=l&cat=p&typeid=i","cat":334133},{"id":130396,"n":"Calculatrice bureau Esquisse Bleu","p":4.9,"u":"Dont 0,13 € d'éco-part.","img":"https://fd16-photos.leclercdrive.fr/image.ashx?id=1932876&use=l&cat=p&typeid=i","cat":334133},{"id":130539,"n":"Rhum brun Havana Club 7 ans - 40%vol - 70cl","p":26.22,"u":"37,46 €/L","img":"https://fd16-photos.leclercdrive.fr/image.ashx?id=2874093&use=l&cat=p&typeid=i","cat":284550},{"id":130555,"n":"Salade plateau champêtre Daunat Poulet - 320g","p":4.85,"img":"https://fd16-photos.leclercdrive.fr/image.ashx?id=2903260&use=l&cat=p&typeid=i","cat":333657},{"id":130719,"n":"Balai d interieur vinyl 1 pièce","p":4.49,"img":"https://fd16-photos.leclercdrive.fr/image.ashx?id=1932471&use=l&cat=p&typeid=i","cat":284669},{"id":130727,"n":"Fleur de bière Wolfberger 37,5%vol. - 70cl","p":19.5,"pp":16.0,"u":"22,86 €/L","img":"https://fd16-photos.leclercdrive.fr/image.ashx?id=1941284&use=l&cat=p&typeid=i","cat":284913},{"id":130744,"n":"Nouilles aux oeufs Suzi Wan 250g","p":1.73,"u":"6,92 €/KG","img":"https://fd16-photos.leclercdrive.fr/image.ashx?id=2892928&use=l&cat=p&typeid=i","cat":288992},{"id":130759,"n":"Barres Nakd Cacahuètes Raw   Barres de Fruits & Noix 4x35g","p":2.86,"u":"20,43 €/KG","img":"https://fd16-photos.leclercdrive.fr/image.ashx?id=3005251&use=l&cat=p&typeid=i","cat":285869},{"id":130776,"n":"Confiture  Bonne Maman Fraise framboise intenses 335g","p":2.47,"u":"7,37 €/KG","img":"https://fd16-photos.leclercdrive.fr/image.ashx?id=2396378&use=l&cat=p&typeid=i","cat":284480},{"id":130777,"n":"Arrangé Héritage Charrette Le Vanille 40% vol - 70cl","p":23.58,"u":"33,69 €/L","img":"https://fd16-photos.leclercdrive.fr/image.ashx?id=2306225&use=l&cat=p&typeid=i","cat":284551},{"id":130784,"n":"Crème colorante Eugène Color N°15","p":3.87,"img":"https://fd16-photos.leclercdrive.fr/image.ashx?id=2476455&use=l&cat=p&typeid=i","cat":288899},{"id":130788,"n":"Tablette chocolat au lait Eco+ Ménage - 5x100g","p":3.49,"u":"6,98 €/KG","img":"https://fd16-photos.leclercdrive.fr/image.ashx?id=2746778&use=l&cat=p&typeid=i","cat":284497},{"id":130789,"n":"Préparation Gâteau alsa Moelleux Nature - 435g","p":2.19,"u":"5,03 €/KG","img":"https://fd16-photos.leclercdrive.fr/image.ashx?id=2996431&use=l&cat=p&typeid=i","cat":284505},{"id":130790,"n":"Préparation Gâteau alsa Moelleux Chocolat - 435g","p":2.19,"u":"5,03 €/KG","img":"https://fd16-photos.leclercdrive.fr/image.ashx?id=2996434&use=l&cat=p&typeid=i","cat":284505},{"id":130804,"n":"Préparation Gâteau alsa Fondant au Chocolat - 435g","p":2.7,"u":"8,44 €/KG","img":"https://fd16-photos.leclercdrive.fr/image.ashx?id=2996437&use=l&cat=p&typeid=i","cat":284505},{"id":130805,"n":"Nappage Sainte Lucie Chocolat - 200g","p":3.41,"u":"17,05 €/KG","img":"https://fd16-photos.leclercdrive.fr/image.ashx?id=2776121&use=l&cat=p&typeid=i","cat":284504},{"id":130806,"n":"Nappage Sainte Lucie Caramel beurre salé - 180g","p":3.79,"u":"21,06 €/KG","img":"https://fd16-photos.leclercdrive.fr/image.ashx?id=2144098&use=l&cat=p&typeid=i","cat":284504},{"id":130810,"n":"Brosse à dents Signal Eclat souple - 1 pièce","p":2.99,"img":"https://fd16-photos.leclercdrive.fr/image.ashx?id=2769822&use=l&cat=p&typeid=i","cat":284614},{"id":130811,"n":"Brosse à Dents Signal Système Blancheur Medium x1","p":2.85,"img":"https://fd16-photos.leclercdrive.fr/image.ashx?id=2832539&use=l&cat=p&typeid=i","cat":284614},{"id":130812,"n":"Brosse à Dents Signal Ultra Access Medium x1","p":3.47,"img":"https://fd16-photos.leclercdrive.fr/image.ashx?id=3009263&use=l&cat=p&typeid=i","cat":284614},{"id":130816,"n":"Dentifrice Zendium Protection complète - 75ml","p":3.06,"img":"https://fd16-photos.leclercdrive.fr/image.ashx?id=2927711&use=l&cat=p&typeid=i","cat":284612},{"id":130820,"n":"Spray habitat bio So Bio Etic Purifiant assainissant - 200ml","p":10.79,"u":"53,95 €/L","img":"https://fd16-photos.leclercdrive.fr/image.ashx?id=2799922&use=l&cat=p&typeid=i","cat":311626},{"id":130911,"n":"Vanille en poudre Saint Lucie Sucrée - Pot 8g","p":3.89,"u":"486,25 €/KG","img":"https://fd16-photos.leclercdrive.fr/image.ashx?id=2174904&use=l&cat=p&typeid=i","cat":284504},{"id":130917,"n":"Lait en poudre Guigoz 1er âge - 0-6 mois - 800g","p":17.88,"u":"22,35 €/KG","img":"https://fd16-photos.leclercdrive.fr/image.ashx?id=2891313&use=l&cat=p&typeid=i","cat":284726},{"id":130918,"n":"Lait bébé poudre Guigoz Evolia  2ème âge - 6-12 mois - 800g","p":14.32,"u":"17,90 €/KG","img":"https://fd16-photos.leclercdrive.fr/image.ashx?id=2737111&use=l&cat=p&typeid=i","cat":284727},{"id":131011,"n":"Glenmorangie Lasanta 12ans Whisky Ecossais 43° - 70cl","p":37.7,"u":"53,86 €/L","img":"https://fd16-photos.leclercdrive.fr/image.ashx?id=2393332&use=l&cat=p&typeid=i","cat":284547},{"id":131134,"n":"Ris de veau 500 g","p":15.98,"u":"31,96 €/KG","img":"https://fd16-photos.leclercdrive.fr/image.ashx?id=1941839&use=l&cat=p&typeid=i","cat":321330},{"id":131144,"n":"Recharge adhésive 36 feuilles 2 rouleaux","p":2.59,"u":"1,30 €/P","img":"https://fd16-photos.leclercdrive.fr/image.ashx?id=1937818&use=l&cat=p&typeid=i","cat":284669},{"id":131150,"n":"Manche rétractable 1 pièce","p":2.72,"img":"https://fd16-photos.leclercdrive.fr/image.ashx?id=1937809&use=l&cat=p&typeid=i","cat":284669},{"id":131158,"n":"Brosse vaisselle design 1 pièce","p":3.9,"img":"https://fd16-photos.leclercdrive.fr/image.ashx?id=1937824&use=l&cat=p&typeid=i","cat":284669},{"id":131192,"n":"Croquettes chien Ultima Nature  Poulet - 3kg","p":11.67,"u":"3,89 €/KG","img":"https://fd16-photos.leclercdrive.fr/image.ashx?id=2593167&use=l&cat=p&typeid=i","cat":284672},{"id":131251,"n":"Dessert liégeois Viennois  Fraise - 4x100g","p":1.69,"u":"4,23 €/KG","img":"https://fd16-photos.leclercdrive.fr/image.ashx?id=2875993&use=l&cat=p&typeid=i","cat":285042},{"id":131257,"n":"Thon entier MSC Saupiquet Nature - 112g","p":2.26,"u":"20,18 €/KG","img":"https://fd16-photos.leclercdrive.fr/image.ashx?id=2860874&use=l&cat=p&typeid=i","cat":303867},{"id":131387,"n":"AOP Champagne Granzamy Brut Cuvée spéciale - 75cl","p":18.9,"u":"25,20 €/L","img":"https://fd16-photos.leclercdrive.fr/image.ashx?id=2367988&use=l&cat=p&typeid=i","cat":284542},{"id":131390,"n":"Capsules Starbucks by Nespresso  House Blend Int 8 - x10","p":3.33,"u":"58,42 €/KG","img":"https://fd16-photos.leclercdrive.fr/image.ashx?id=2868143&use=l&cat=p&typeid=i","cat":284749},{"id":131399,"n":"Café Capsules NESPRESSO int 7 Starbucks Pike Place Roast x10","p":3.33,"u":"62,83 €/KG","img":"https://fd16-photos.leclercdrive.fr/image.ashx?id=2945775&use=l&cat=p&typeid=i","cat":284749},{"id":131424,"n":"Capsules Starbucks by Nespresso  Blonde Espresso Int 6 - x10","p":3.33,"u":"62,83 €/KG","img":"https://fd16-photos.leclercdrive.fr/image.ashx?id=2868146&use=l&cat=p&typeid=i","cat":284749},{"id":131431,"n":"Café Capsules by DOLCE GUSTO Starbucks Caramel Macchiato 2x6","p":4.39,"u":"34,57 €/KG","img":"https://fd16-photos.leclercdrive.fr/image.ashx?id=2966785&use=l&cat=p&typeid=i","cat":293239},{"id":131620,"n":"Vinaigre d'alcool blanc citron 100cl","p":1.25,"u":"1,25 €/L","img":"https://fd16-photos.leclercdrive.fr/image.ashx?id=2813938&use=l&cat=p&typeid=i","cat":325365},{"id":131623,"n":"AOP Vin de Muscat Frontignan - 3x75cl","p":14.75,"u":"6,56 €/L","img":"https://fd16-photos.leclercdrive.fr/image.ashx?id=1945036&use=l&cat=p&typeid=i","cat":284913},{"id":131742,"n":"crème dessert chocolat au lait danette - 4x125g","p":1.69,"u":"3,38 €/KG","img":"https://fd16-photos.leclercdrive.fr/image.ashx?id=2093984&use=l&cat=p&typeid=i","cat":285041},{"id":131782,"n":"Abricots demi-fruits Eco+ Sirop léger - 475 g","p":1.79,"u":"3,77 €/KG","img":"https://fd16-photos.leclercdrive.fr/image.ashx?id=2618220&use=l&cat=p&typeid=i","cat":284507},{"id":131784,"n":"Barres céréales Eco+ Choco/banane - 125g","p":0.71,"u":"5,68 €/KG","img":"https://fd16-photos.leclercdrive.fr/image.ashx?id=2791203&use=l&cat=p&typeid=i","cat":285869},{"id":131788,"n":"Barres céréales Eco+ Pomme/abricot - 125g","p":0.69,"u":"5,52 €/KG","img":"https://fd16-photos.leclercdrive.fr/image.ashx?id=2791206&use=l&cat=p&typeid=i","cat":285869},{"id":131790,"n":"Barres céréales Eco+ Chocolat & cacahuètes x6 - 126g","p":0.71,"u":"5,63 €/KG","img":"https://fd16-photos.leclercdrive.fr/image.ashx?id=2791209&use=l&cat=p&typeid=i","cat":285869},{"id":131791,"n":"Céréales blé soufflé Eco+ Au miel - 750g","p":2.96,"u":"3,95 €/KG","img":"https://fd16-photos.leclercdrive.fr/image.ashx?id=2826897&use=l&cat=p&typeid=i","cat":309513},{"id":131794,"n":"Betteraves rouges 3x130g","p":1.79,"u":"4,59 €/KG","img":"https://fd16-photos.leclercdrive.fr/image.ashx?id=2537848&use=l&cat=p&typeid=i","cat":312611},{"id":131799,"n":"Boules de céréales Eco+ Au chocolat - 750g","p":2.97,"u":"3,96 €/KG","img":"https://fd16-photos.leclercdrive.fr/image.ashx?id=2772948&use=l&cat=p&typeid=i","cat":309513},{"id":131801,"n":"Bonbons tendres aux fruits Eco + - 500g","p":1.99,"u":"3,98 €/KG","img":"https://fd16-photos.leclercdrive.fr/image.ashx?id=2942169&use=l&cat=p&typeid=i","cat":304250},{"id":131802,"n":"Boules céréales miel P'tit Déli 400g","p":2.33,"u":"5,83 €/KG","img":"https://fd16-photos.leclercdrive.fr/image.ashx?id=2183110&use=l&cat=p&typeid=i","cat":309513},{"id":131806,"n":"Céréales fourrées P'tit Déli Chocolat au lait - 450g","p":2.45,"u":"5,44 €/KG","img":"https://fd16-photos.leclercdrive.fr/image.ashx?id=2835211&use=l&cat=p&typeid=i","cat":309513},{"id":131809,"n":"Chocolat noir dégustation 100g","p":1.0,"u":"10,00 €/KG","img":"https://fd16-photos.leclercdrive.fr/image.ashx?id=2858375&use=l&cat=p&typeid=i","cat":284956},{"id":131814,"n":"Confiture Eco+ Fraise - 1kg","p":2.3,"u":"2,30 €/KG","img":"https://fd16-photos.leclercdrive.fr/image.ashx?id=2953197&use=l&cat=p&typeid=i","cat":284480},{"id":131816,"n":"Couscous boulettes volaille 1050g","p":3.1,"u":"2,95 €/KG","img":"https://fd16-photos.leclercdrive.fr/image.ashx?id=2807273&use=l&cat=p&typeid=i","cat":325094},{"id":131818,"n":"Céréales Corn Flakes Eco+ Nature - 750g","p":1.9,"u":"2,53 €/KG","img":"https://fd16-photos.leclercdrive.fr/image.ashx?id=2711589&use=l&cat=p&typeid=i","cat":309513},{"id":131820,"n":"Corn Flackes sucrés 400g","p":1.74,"u":"4,35 €/KG","img":"https://fd16-photos.leclercdrive.fr/image.ashx?id=2688764&use=l&cat=p&typeid=i","cat":309513},{"id":131821,"n":"Croissants Eco+ x10 - 400g","p":1.45,"u":"3,63 €/KG","img":"https://fd16-photos.leclercdrive.fr/image.ashx?id=2922914&use=l&cat=p&typeid=i","cat":296366},{"id":131823,"n":"Gratin dauphinois 850g","p":1.35,"u":"1,59 €/KG","img":"https://fd16-photos.leclercdrive.fr/image.ashx?id=2841747&use=l&cat=p&typeid=i","cat":284441},{"id":131824,"n":"Marshmallows 200g","p":0.79,"u":"3,95 €/KG","img":"https://fd16-photos.leclercdrive.fr/image.ashx?id=2761289&use=l&cat=p&typeid=i","cat":304250},{"id":131826,"n":"Miettes thon à la tomate Eco + 160g","p":0.77,"u":"4,81 €/KG","img":"https://fd16-photos.leclercdrive.fr/image.ashx?id=2751856&use=l&cat=p&typeid=i","cat":303867},{"id":131831,"n":"Pâté de campagne Eco+ 3x78g","p":1.31,"u":"5,60 €/KG","img":"https://fd16-photos.leclercdrive.fr/image.ashx?id=2852943&use=l&cat=p&typeid=i","cat":305149},{"id":131833,"n":"Olives vertes réduite en sel Dénoyautées - 160g","p":1.69,"u":"10,56 €/KG","img":"https://fd16-photos.leclercdrive.fr/image.ashx?id=1942587&use=l&cat=p&typeid=i","cat":284458},{"id":131834,"n":"Pain de mie Epi d'Or Extra moelleux - 500g","p":0.99,"u":"1,98 €/KG","img":"https://fd16-photos.leclercdrive.fr/image.ashx?id=2860781&use=l&cat=p&typeid=i","cat":284477},{"id":131853,"n":"Potage tomate vermicelle Eco + 66g","p":0.79,"u":"11,97 €/KG","img":"https://fd16-photos.leclercdrive.fr/image.ashx?id=2674017&use=l&cat=p&typeid=i","cat":284463},{"id":131864,"n":"Potage déshydratée Eco + poireaux pommes de terre 74g","p":0.59,"u":"7,97 €/KG","img":"https://fd16-photos.leclercdrive.fr/image.ashx?id=2656378&use=l&cat=p&typeid=i","cat":284463},{"id":132067,"n":"Mayonnaise Rustica 830g","p":3.59,"u":"4,33 €/KG","img":"https://fd16-photos.leclercdrive.fr/image.ashx?id=2994827&use=l&cat=p&typeid=i","cat":298295},{"id":132069,"n":"Sauce Samourai Rustica 840g","p":3.79,"u":"4,51 €/KG","img":"https://fd16-photos.leclercdrive.fr/image.ashx?id=1944261&use=l&cat=p&typeid=i","cat":318431},{"id":132072,"n":"Sauce Burger Rustica 850g","p":3.79,"u":"4,46 €/KG","img":"https://fd16-photos.leclercdrive.fr/image.ashx?id=1944270&use=l&cat=p&typeid=i","cat":318431},{"id":132073,"n":"Huile de Friture Rustica 5L","p":11.99,"u":"2,40 €/L","img":"https://fd16-photos.leclercdrive.fr/image.ashx?id=2916716&use=l&cat=p&typeid=i","cat":284453},{"id":132088,"n":"Sauce Barilla Tomates Cuisinées - 400g","p":1.72,"u":"4,30 €/KG","img":"https://fd16-photos.leclercdrive.fr/image.ashx?id=2832527&use=l&cat=p&typeid=i","cat":287599},{"id":132192,"n":"Donut fourré choco St Michel x6 - 180g","p":2.04,"u":"11,33 €/KG","img":"https://fd16-photos.leclercdrive.fr/image.ashx?id=2949961&use=l&cat=p&typeid=i","cat":284495},{"id":132227,"n":"Caffe Latte Classique Lactel 3x20cl","p":3.18,"u":"5,30 €/L","img":"https://fd16-photos.leclercdrive.fr/image.ashx?id=2975308&use=l&cat=p&typeid=i","cat":295246},{"id":132228,"n":"Caffe Latte Cappuccino Lactel 3x20cl","p":2.85,"u":"4,75 €/L","img":"https://fd16-photos.leclercdrive.fr/image.ashx?id=2890992&use=l&cat=p&typeid=i","cat":295246},{"id":132234,"n":"Flocons d'avoine Grainea 500g","p":0.84,"u":"1,68 €/KG","img":"https://fd16-photos.leclercdrive.fr/image.ashx?id=2919655&use=l&cat=p&typeid=i","cat":309512},{"id":132243,"n":"Lessive liquide couleur Epsil 25 lavages - 1.25L","p":2.54,"u":"2,03 €/L","img":"https://fd16-photos.leclercdrive.fr/image.ashx?id=2933449&use=l&cat=p&typeid=i","cat":284640},{"id":132254,"n":"Vin Mousseux Paul Robin Blanc rosé - 75cl","p":3.6,"u":"4,80 €/L","img":"https://fd16-photos.leclercdrive.fr/image.ashx?id=2516329&use=l&cat=p&typeid=i","cat":284544},{"id":132258,"n":"Eponges grattantes Nicol's Cello classic - 6+4 offertes","p":2.99,"u":"0,30 €/P","img":"https://fd16-photos.leclercdrive.fr/image.ashx?id=2491802&use=l&cat=p&typeid=i","cat":284667},{"id":132290,"n":"Huile d'Olive Carapelli Extra Vierge Classico - 75cl","p":12.53,"u":"16,71 €/L","img":"https://fd16-photos.leclercdrive.fr/image.ashx?id=2737480&use=l&cat=p&typeid=i","cat":284453},{"id":132330,"n":"Ail semoule Eco + 54g","p":0.79,"u":"14,63 €/KG","img":"https://fd16-photos.leclercdrive.fr/image.ashx?id=2717249&use=l&cat=p&typeid=i","cat":298297},{"id":132342,"n":"Tablette de chocolat Eco+ Blanc - 4x100g","p":3.67,"u":"9,18 €/KG","img":"https://fd16-photos.leclercdrive.fr/image.ashx?id=2661927&use=l&cat=p&typeid=i","cat":284957},{"id":132368,"n":"Repas bébé Blédichef 15 mois Pâtes sauce tomate jambon -250g","p":1.89,"u":"7,56 €/KG","img":"https://fd16-photos.leclercdrive.fr/image.ashx?id=2643743&use=l&cat=p&typeid=i","cat":312238},{"id":132369,"n":"Repas bébé Blédichef 24 mois  Pâtes légumes cabillaud - 250g","p":1.95,"u":"7,80 €/KG","img":"https://fd16-photos.leclercdrive.fr/image.ashx?id=2644725&use=l&cat=p&typeid=i","cat":312238},{"id":132370,"n":"Pain de mie Jacquet Sans croute - Nature - 710g","p":2.53,"u":"3,56 €/KG","img":"https://fd16-photos.leclercdrive.fr/image.ashx?id=2991867&use=l&cat=p&typeid=i","cat":284477},{"id":132392,"n":"Gratte éponge Spontex Longue durée - x3","p":2.25,"u":"0,75 €/P","img":"https://fd16-photos.leclercdrive.fr/image.ashx?id=2973072&use=l&cat=p&typeid=i","cat":284667},{"id":132393,"n":"Lait croissance Guigoz Optipro En poudre - dès 18 mois - 900g","p":10.55,"u":"11,72 €/KG","img":"https://fd16-photos.leclercdrive.fr/image.ashx?id=2517589&use=l&cat=p&typeid=i","cat":290219},{"id":132446,"n":"Serviettes ultra normal Tadam Dermo-sensitives bio - x14","p":2.68,"img":"https://fd16-photos.leclercdrive.fr/image.ashx?id=2754752&use=l&cat=p&typeid=i","cat":284624},{"id":132486,"n":"Eau micellaire 100ml","p":1.49,"u":"14,90 €/L","img":"https://fd16-photos.leclercdrive.fr/image.ashx?id=1947543&use=l&cat=p&typeid=i","cat":284603},{"id":132487,"n":"Gel déboucheur Syphon Javel soude - 1L","p":1.36,"u":"1,36 €/L","img":"https://fd16-photos.leclercdrive.fr/image.ashx?id=2202476&use=l&cat=p&typeid=i","cat":284908},{"id":132547,"n":"Boule de pain  1P","p":1.35,"img":"https://fd16-photos.leclercdrive.fr/image.ashx?id=782110&use=l&cat=p&typeid=i","cat":284359},{"id":132581,"n":"Céréales soufflé P'tit Déli Au chocolat - 400g","p":2.37,"u":"5,93 €/KG","img":"https://fd16-photos.leclercdrive.fr/image.ashx?id=2811875&use=l&cat=p&typeid=i","cat":309513},{"id":132582,"n":"Céréales soufflé blé P'tit Déli Miel caramel - 400g","p":1.99,"u":"4,98 €/KG","img":"https://fd16-photos.leclercdrive.fr/image.ashx?id=2900178&use=l&cat=p&typeid=i","cat":309513},{"id":132585,"n":"Skyr Yoplait  Nature 0%Mg - 4x100g","p":2.07,"u":"5,18 €/KG","img":"https://fd16-photos.leclercdrive.fr/image.ashx?id=2884435&use=l&cat=p&typeid=i","cat":315000},{"id":132601,"n":"Fan of Pik Haribo  Sachet bonbons acidulés - 200g","p":1.85,"u":"9,25 €/KG","img":"https://fd16-photos.leclercdrive.fr/image.ashx?id=2789766&use=l&cat=p&typeid=i","cat":304250},{"id":132602,"n":"Bandz Pik Haribo Sachet bonbons acidulés - 200g","p":1.8,"u":"9,00 €/KG","img":"https://fd16-photos.leclercdrive.fr/image.ashx?id=2982417&use=l&cat=p&typeid=i","cat":304250},{"id":132621,"n":"Tablette de chocolat noir Lindt doux 85% - 100g","p":2.62,"u":"26,20 €/KG","img":"https://fd16-photos.leclercdrive.fr/image.ashx?id=2423777&use=l&cat=p&typeid=i","cat":284956},{"id":132629,"n":"Pétales de blé P'tit Déli Au chocolat - 400g","p":2.17,"u":"5,43 €/KG","img":"https://fd16-photos.leclercdrive.fr/image.ashx?id=2765846&use=l&cat=p&typeid=i","cat":309513},{"id":132643,"n":"Shampooing bio Pétrole Hahn Fortifiant - 250ml","p":4.18,"u":"16,72 €/L","img":"https://fd16-photos.leclercdrive.fr/image.ashx?id=1948140&use=l&cat=p&typeid=i","cat":284606},{"id":132796,"n":"Haché moelleux Eco+ 500g","p":4.85,"u":"9,70 €/KG","img":"https://fd16-photos.leclercdrive.fr/image.ashx?id=2930606&use=l&cat=p&typeid=i","cat":284332},{"id":132808,"n":"Skyr Yoplait  Lit Fruits Rouges 0%Mg - 4x100g","p":2.3,"u":"5,75 €/KG","img":"https://fd16-photos.leclercdrive.fr/image.ashx?id=2884438&use=l&cat=p&typeid=i","cat":315000},{"id":132811,"n":"Skyr Yoplait  Sur Lit Myrtilles 0%MG - 4x100G","p":2.3,"u":"5,75 €/KG","img":"https://fd16-photos.leclercdrive.fr/image.ashx?id=2884441&use=l&cat=p&typeid=i","cat":315000},{"id":132812,"n":"Bière blonde Grimbergen Sans alcool 0,0° - 6x25cl","p":3.98,"u":"2,65 €/L","img":"https://fd16-photos.leclercdrive.fr/image.ashx?id=2334515&use=l&cat=p&typeid=i","cat":334877},{"id":132815,"n":"Skyr Yoplait  Sur Lit Citron 0%MG - 4x100g","p":2.25,"u":"5,63 €/KG","img":"https://fd16-photos.leclercdrive.fr/image.ashx?id=2317780&use=l&cat=p&typeid=i","cat":315000},{"id":132901,"n":"AOP Jurançon blanc moelleux Tradition Royale - 75cl","p":5.95,"u":"7,93 €/L","img":"https://fd16-photos.leclercdrive.fr/image.ashx?id=2996872&use=l&cat=p&typeid=i","cat":289557},{"id":132949,"n":"Rasoirs jetables Bic Miss soleil - x8","p":7.34,"u":"0,92 €/P","img":"https://fd16-photos.leclercdrive.fr/image.ashx?id=2327728&use=l&cat=p&typeid=i","cat":325352},{"id":133039,"n":"Lessive liquide noir Epsil 25 Lavages - 1.25L","p":2.54,"u":"2,03 €/L","img":"https://fd16-photos.leclercdrive.fr/image.ashx?id=2670350&use=l&cat=p&typeid=i","cat":284640},{"id":133044,"n":"Lessive laine & soie Epsil 25 lavages - 1.25L","p":2.54,"u":"2,03 €/L","img":"https://fd16-photos.leclercdrive.fr/image.ashx?id=2842319&use=l&cat=p&typeid=i","cat":284640},{"id":133115,"n":"Sauce Mayomix Heinz Mix mayonnaise & ketchup - 425g","p":2.75,"u":"6,47 €/KG","img":"https://fd16-photos.leclercdrive.fr/image.ashx?id=2926936&use=l&cat=p&typeid=i","cat":318431},{"id":133358,"n":"IGP Cidre Loic Raison Doux fruité - 75cl","p":2.9,"u":"3,87 €/L","img":"https://fd16-photos.leclercdrive.fr/image.ashx?id=2606286&use=l&cat=p&typeid=i","cat":334880},{"id":133368,"n":"Muscat Beaume de Venise Rosé - Origine 1348 - 75cl","p":9.95,"u":"13,27 €/L","img":"https://fd16-photos.leclercdrive.fr/image.ashx?id=1960098&use=l&cat=p&typeid=i","cat":284913},{"id":133369,"n":"AOP Muscat Beaume de Venise Blanc - Origine 1348 - 75cl","p":9.95,"u":"13,27 €/L","img":"https://fd16-photos.leclercdrive.fr/image.ashx?id=2021019&use=l&cat=p&typeid=i","cat":289557},{"id":133435,"n":"Bière la Chouffe 50cl","p":3.45,"u":"6,90 €/L","img":"https://fd16-photos.leclercdrive.fr/image.ashx?id=2374025&use=l&cat=p&typeid=i","cat":334853},{"id":134095,"n":"Eau aromatisée Volvic juicy jus de citron - 6x50cl","p":4.1,"u":"1,37 €/L","img":"https://fd16-photos.leclercdrive.fr/image.ashx?id=2961993&use=l&cat=p&typeid=i","cat":284537},{"id":134121,"n":"Poivre noir moulu Eco+ 44g","p":0.55,"u":"12,50 €/KG","img":"https://fd16-photos.leclercdrive.fr/image.ashx?id=2717246&use=l&cat=p&typeid=i","cat":284457},{"id":134122,"n":"Poivre noir moulu Eco+ 90g","p":1.15,"u":"12,78 €/KG","img":"https://fd16-photos.leclercdrive.fr/image.ashx?id=2836307&use=l&cat=p&typeid=i","cat":284457},{"id":134124,"n":"Velouté PurSoup' Liebig Poireaux pomme de terre - 1L","p":2.35,"u":"2,35 €/L","img":"https://fd16-photos.leclercdrive.fr/image.ashx?id=2864324&use=l&cat=p&typeid=i","cat":284462},{"id":134129,"n":"Verrine de Paté Eco+ 3x180g","p":2.69,"u":"4,98 €/KG","img":"https://fd16-photos.leclercdrive.fr/image.ashx?id=2852946&use=l&cat=p&typeid=i","cat":305149},{"id":134145,"n":"Rhum Diplomatico Reserva Exclusiva 70cL","p":38.5,"u":"55,00 €/L","img":"https://fd16-photos.leclercdrive.fr/image.ashx?id=2111349&use=l&cat=p&typeid=i","cat":284550},{"id":134146,"n":"Biscuits Nustikao Fourrés pâte à tartiner - 200g","p":1.67,"u":"8,35 €/KG","img":"https://fd16-photos.leclercdrive.fr/image.ashx?id=2473999&use=l&cat=p&typeid=i","cat":284488},{"id":134147,"n":"Purée fruit bébé Pomme Myrtille 4/6 mois Blédina - 4x100g","p":2.52,"u":"6,30 €/KG","img":"https://fd16-photos.leclercdrive.fr/image.ashx?id=2983057&use=l&cat=p&typeid=i","cat":312388},{"id":134162,"n":"Fromage frais nature Eco+ 9%mg - 6x60g","p":0.93,"u":"2,58 €/KG","img":"https://fd16-photos.leclercdrive.fr/image.ashx?id=2722372&use=l&cat=p&typeid=i","cat":284409},{"id":134165,"n":"Yaourt à la Grecque Délisse Stracciatella - 4x150g","p":2.39,"u":"3,98 €/KG","img":"https://fd16-photos.leclercdrive.fr/image.ashx?id=2753487&use=l&cat=p&typeid=i","cat":314999},{"id":134171,"n":"Nissin soba sachet chili 111g","p":1.65,"u":"14,86 €/KG","img":"https://fd16-photos.leclercdrive.fr/image.ashx?id=2433518&use=l&cat=p&typeid=i","cat":288992},{"id":134178,"n":"Sauce Sriracha Chilli Hot 215ml","p":3.2,"u":"14,88 €/L","img":"https://fd16-photos.leclercdrive.fr/image.ashx?id=2834062&use=l&cat=p&typeid=i","cat":288992},{"id":134184,"n":"Nissin Soba sachet classique 109g","p":1.79,"u":"16,42 €/KG","img":"https://fd16-photos.leclercdrive.fr/image.ashx?id=2647630&use=l&cat=p&typeid=i","cat":288992},{"id":134206,"n":"Matière grasse St Hubert Oméga 3 - Demi-sel - 750g","p":4.8,"u":"6,40 €/KG","img":"https://fd16-photos.leclercdrive.fr/image.ashx?id=2734081&use=l&cat=p&typeid=i","cat":315229},{"id":134316,"n":"Goûters P'tit Déli Croc' Goût Vanille - 300g","p":1.08,"u":"3,27 €/KG","img":"https://fd16-photos.leclercdrive.fr/image.ashx?id=2708901&use=l&cat=p&typeid=i","cat":284489},{"id":134317,"n":"Biscuit Croc Break P'tit Déli Goût Chocolat - 300g","p":1.15,"u":"3,83 €/KG","img":"https://fd16-photos.leclercdrive.fr/image.ashx?id=2390431&use=l&cat=p&typeid=i","cat":284488},{"id":134318,"n":"Biscuits P'tit déli Pirates Chocolat - 2x300g","p":2.17,"u":"3,62 €/KG","img":"https://fd16-photos.leclercdrive.fr/image.ashx?id=2718614&use=l&cat=p&typeid=i","cat":284488},{"id":134319,"n":"Biscuit Croc Break P'tit Déli Goût Tout Chocolat - 300g","p":1.17,"u":"3,90 €/KG","img":"https://fd16-photos.leclercdrive.fr/image.ashx?id=2472662&use=l&cat=p&typeid=i","cat":284488},{"id":134333,"n":"Muesli croustillant Grainéa Noix - 500g","p":2.02,"u":"4,04 €/KG","img":"https://fd16-photos.leclercdrive.fr/image.ashx?id=2917662&use=l&cat=p&typeid=i","cat":309512},{"id":134336,"n":"Muesli croustillant Grainéa  Aux fruits - 500g","p":1.87,"u":"3,74 €/KG","img":"https://fd16-photos.leclercdrive.fr/image.ashx?id=2931796&use=l&cat=p&typeid=i","cat":309512},{"id":134353,"n":"Muesli croustillant Grainéa Chocolat lait - 500g","p":2.27,"u":"4,54 €/KG","img":"https://fd16-photos.leclercdrive.fr/image.ashx?id=2925994&use=l&cat=p&typeid=i","cat":309512},{"id":134398,"n":"Saucisson Fuet d'Olot 150g","p":2.0,"u":"13,33 €/KG","img":"https://fd16-photos.leclercdrive.fr/image.ashx?id=1971722&use=l&cat=p&typeid=i","cat":316006},{"id":134600,"n":"Barres chocolat Milka Nussini - 5x31,5g","p":2.65,"u":"16,88 €/KG","img":"https://fd16-photos.leclercdrive.fr/image.ashx?id=2913487&use=l&cat=p&typeid=i","cat":284498},{"id":134602,"n":"Barres chocolat Oreo Milka 5x37g","p":2.67,"u":"14,43 €/KG","img":"https://fd16-photos.leclercdrive.fr/image.ashx?id=2498512&use=l&cat=p&typeid=i","cat":284498},{"id":134618,"n":"Méli Mélo gourmand Tipiak 330g","p":1.99,"u":"6,03 €/KG","img":"https://fd16-photos.leclercdrive.fr/image.ashx?id=2314434&use=l&cat=p&typeid=i","cat":284429},{"id":134631,"n":"Pommes de terre pour four purée potage Panier du Primeur - 2kg","p":2.29,"u":"1,15 €/KG","img":"https://fd16-photos.leclercdrive.fr/image.ashx?id=2959641&use=l&cat=p&typeid=i","cat":284352},{"id":134676,"n":"Friandises chien Pedigree  Schmackos multi mix x20 - 144g","p":2.24,"u":"15,56 €/KG","img":"https://fd16-photos.leclercdrive.fr/image.ashx?id=2338579&use=l&cat=p&typeid=i","cat":294527},{"id":134677,"n":"Friandise petit chien Pedigree  Os à mâcher x4 - 160g","p":2.41,"u":"15,06 €/KG","img":"https://fd16-photos.leclercdrive.fr/image.ashx?id=2997253&use=l&cat=p&typeid=i","cat":294527},{"id":134678,"n":"Friandise moyen chien Pedigree Os à mâcher x2 - 180g","p":2.44,"u":"13,56 €/KG","img":"https://fd16-photos.leclercdrive.fr/image.ashx?id=2981710&use=l&cat=p&typeid=i","cat":294527},{"id":134680,"n":"Biscuits chien Pedigree Markies fourrés - 1,5kg","p":5.37,"u":"3,58 €/KG","img":"https://fd16-photos.leclercdrive.fr/image.ashx?id=2109671&use=l&cat=p&typeid=i","cat":294527},{"id":134698,"n":"Pomme de terre filière vapeur  sautées Panier du Primeur - 2kg","p":2.29,"u":"1,15 €/KG","img":"https://fd16-photos.leclercdrive.fr/image.ashx?id=2959644&use=l&cat=p&typeid=i","cat":284352},{"id":134742,"n":"Chili con carne Paul et Louise 400g","p":2.26,"u":"5,65 €/KG","img":"https://fd16-photos.leclercdrive.fr/image.ashx?id=3008485&use=l&cat=p&typeid=i","cat":325094},{"id":134745,"n":"Yaourt nature ECO+ 12x125g","p":1.69,"u":"1,13 €/KG","img":"https://fd16-photos.leclercdrive.fr/image.ashx?id=2791194&use=l&cat=p&typeid=i","cat":284409},{"id":134748,"n":"Asperges blanches Eco+ Miniatures - 125g","p":0.99,"u":"7,92 €/KG","img":"https://fd16-photos.leclercdrive.fr/image.ashx?id=2661076&use=l&cat=p&typeid=i","cat":312611},{"id":134753,"n":"Assortiment de bonbons Eco+ 720g","p":3.32,"u":"4,61 €/KG","img":"https://fd16-photos.leclercdrive.fr/image.ashx?id=2756837&use=l&cat=p&typeid=i","cat":304250},{"id":134758,"n":"Compote Allégée en sucres Eco+ Coupelle pomme banane - 4x100g","p":0.58,"u":"1,45 €/KG","img":"https://fd16-photos.leclercdrive.fr/image.ashx?id=2953191&use=l&cat=p&typeid=i","cat":284508},{"id":134760,"n":"Confiture extra bio Bio Village Figues - 370g","p":2.31,"u":"6,24 €/KG","img":"https://fd16-photos.leclercdrive.fr/image.ashx?id=2077499&use=l&cat=p&typeid=i","cat":284480},{"id":134769,"n":"Galette de maïs Bio Village Chocolat au lait Bio - 100g","p":1.95,"u":"19,50 €/KG","img":"https://fd16-photos.leclercdrive.fr/image.ashx?id=2510636&use=l&cat=p&typeid=i","cat":318651},{"id":134772,"n":"Huile de noisette Rustica 25cl","p":2.89,"u":"11,56 €/L","img":"https://fd16-photos.leclercdrive.fr/image.ashx?id=2610336&use=l&cat=p&typeid=i","cat":284453},{"id":134777,"n":"Macaronis Bio Village Bio - 500g","p":1.19,"u":"2,38 €/KG","img":"https://fd16-photos.leclercdrive.fr/image.ashx?id=2624923&use=l&cat=p&typeid=i","cat":284429},{"id":134786,"n":"Potage poule aux vermicelles Eco+ - 56g","p":0.33,"u":"5,89 €/KG","img":"https://fd16-photos.leclercdrive.fr/image.ashx?id=2663260&use=l&cat=p&typeid=i","cat":284463},{"id":134792,"n":"Thon blanc Pêche océan MSC Entier nature - France - 112g","p":2.75,"u":"24,55 €/KG","img":"https://fd16-photos.leclercdrive.fr/image.ashx?id=2942235&use=l&cat=p&typeid=i","cat":303867},{"id":134793,"n":"Toasts fins nature Epi d'Or 100g","p":1.65,"u":"16,50 €/KG","img":"https://fd16-photos.leclercdrive.fr/image.ashx?id=2696283&use=l&cat=p&typeid=i","cat":285454},{"id":134796,"n":"Tomates entières pelées Eco+ 240g","p":0.55,"u":"2,29 €/KG","img":"https://fd16-photos.leclercdrive.fr/image.ashx?id=2762501&use=l&cat=p&typeid=i","cat":312608},{"id":134799,"n":"Vinaigre de vin 6° Eco +  1L","p":0.55,"u":"0,55 €/L","img":"https://fd16-photos.leclercdrive.fr/image.ashx?id=2846547&use=l&cat=p&typeid=i","cat":298543},{"id":134811,"n":"Pur jus d'orange Eco + Brique - 2l","p":3.14,"u":"1,57 €/L","img":"https://fd16-photos.leclercdrive.fr/image.ashx?id=2751859&use=l&cat=p&typeid=i","cat":284521},{"id":134815,"n":"Pur jus 4 agrumes Eco +  1L","p":1.43,"u":"1,43 €/L","img":"https://fd16-photos.leclercdrive.fr/image.ashx?id=2762943&use=l&cat=p&typeid=i","cat":284917},{"id":134819,"n":"Nectar d'orange Eco + Brique - 2L","p":1.83,"u":"0,92 €/L","img":"https://fd16-photos.leclercdrive.fr/image.ashx?id=2842444&use=l&cat=p&typeid=i","cat":284521},{"id":134823,"n":"Nectar multifruits Eco+ 6x20cl","p":1.75,"u":"1,46 €/L","img":"https://fd16-photos.leclercdrive.fr/image.ashx?id=2741598&use=l&cat=p&typeid=i","cat":284917},{"id":134825,"n":"Bière 0.0% Falsbourg  Sans alcool - 6x25cl","p":2.63,"u":"1,75 €/L","img":"https://fd16-photos.leclercdrive.fr/image.ashx?id=2637979&use=l&cat=p&typeid=i","cat":334877},{"id":134829,"n":"Bière forte 7.9% Millbrau 50CL","p":0.85,"u":"1,70 €/L","img":"https://fd16-photos.leclercdrive.fr/image.ashx?id=2955581&use=l&cat=p&typeid=i","cat":334853},{"id":134830,"n":"Eau minérale gaz Alizée Eco + 6x50cl","p":1.26,"u":"0,42 €/L","img":"https://fd16-photos.leclercdrive.fr/image.ashx?id=2971861&use=l&cat=p&typeid=i","cat":284536},{"id":134841,"n":"IGP Pays d'Oc Merlot vin rosé Vieux Carion 12% vol - BIB 3L","p":7.99,"u":"2,66 €/L","img":"https://fd16-photos.leclercdrive.fr/image.ashx?id=2887410&use=l&cat=p&typeid=i","cat":289560},{"id":134842,"n":"Vin d'Union Européenne blanc Adrien Champaud 11% vol BIB 5L","p":8.49,"u":"1,70 €/L","img":"https://fd16-photos.leclercdrive.fr/image.ashx?id=2960517&use=l&cat=p&typeid=i","cat":289557},{"id":134844,"n":"Crème de cassis Gildo 15% - 70cl","p":4.67,"u":"6,67 €/L","img":"https://fd16-photos.leclercdrive.fr/image.ashx?id=2563181&use=l&cat=p&typeid=i","cat":286032},{"id":134852,"n":"Bière blonde de luxe Millbrau 4% - 10x25cl","p":3.97,"u":"1,59 €/L","img":"https://fd16-photos.leclercdrive.fr/image.ashx?id=2955587&use=l&cat=p&typeid=i","cat":334873},{"id":134853,"n":"Bière speciale 4,9% Gildo 50cl","p":0.87,"u":"1,74 €/L","img":"https://fd16-photos.leclercdrive.fr/image.ashx?id=2955605&use=l&cat=p&typeid=i","cat":334853},{"id":134857,"n":"Désodorisant fraîcheur Uni Vert Plantes - 200ml","p":1.95,"u":"9,75 €/L","img":"https://fd16-photos.leclercdrive.fr/image.ashx?id=2573953&use=l&cat=p&typeid=i","cat":311626},{"id":134858,"n":"Brosse à dent enfant Dentamyl Clignotante licorne - 1 pièce","p":1.99,"img":"https://fd16-photos.leclercdrive.fr/image.ashx?id=1965773&use=l&cat=p&typeid=i","cat":288897},{"id":134882,"n":"K2r Pistolet Super Power 550 ml","p":4.7,"u":"8,55 €/L","img":"https://fd16-photos.leclercdrive.fr/image.ashx?id=2890109&use=l&cat=p&typeid=i","cat":284651},{"id":134989,"n":"Amora Cornichons Extra-Fins Bocal Croq'Vert 370g","p":2.8,"u":"7,57 €/KG","img":"https://fd16-photos.leclercdrive.fr/image.ashx?id=2670911&use=l&cat=p&typeid=i","cat":284458},{"id":134995,"n":"Nettoyant Désinfectant Protect 4 actions Sanytol - 1L","p":3.72,"u":"3,72 €/L","img":"https://fd16-photos.leclercdrive.fr/image.ashx?id=2965960&use=l&cat=p&typeid=i","cat":325357},{"id":135004,"n":"Baba au rhum Bonne Maman 2x140g","p":2.25,"u":"8,04 €/P","img":"https://fd16-photos.leclercdrive.fr/image.ashx?id=2912329&use=l&cat=p&typeid=i","cat":284419},{"id":135024,"n":"Cèpes en morceaux Magda","p":4.67,"u":"15,57 €/KG","img":"https://fd16-photos.leclercdrive.fr/image.ashx?id=2570373&use=l&cat=p&typeid=i","cat":319805},{"id":135033,"n":"Raclette tranchées Entremont Saveur d'Antan 700g+200g offert","p":9.84,"u":"99,39 €/KG","img":"https://fd16-photos.leclercdrive.fr/image.ashx?id=2938644&use=l&cat=p&typeid=i","cat":314037},{"id":135136,"n":"Coeur fondant chocolat Equador 2x90g","p":2.13,"u":"11,83 €/KG","img":"https://fd16-photos.leclercdrive.fr/image.ashx?id=1979707&use=l&cat=p&typeid=i","cat":284419},{"id":135179,"n":"Sauce béchamel Bridélice 50cl","p":2.66,"u":"5,32 €/L","img":"https://fd16-photos.leclercdrive.fr/image.ashx?id=2904718&use=l&cat=p&typeid=i","cat":284382},{"id":135191,"n":"Yaourt aromatisé sucré Eco+ Pack 12x125g","p":1.86,"u":"1,24 €/KG","img":"https://fd16-photos.leclercdrive.fr/image.ashx?id=2759774&use=l&cat=p&typeid=i","cat":286006},{"id":135203,"n":"Yaourt nature Eco+ 4x125g","p":0.58,"u":"1,16 €/KG","img":"https://fd16-photos.leclercdrive.fr/image.ashx?id=2442473&use=l&cat=p&typeid=i","cat":284409},{"id":135246,"n":"Crème fraiche Eco+ Légère - 15% MG - 50cl","p":1.35,"u":"2,70 €/L","img":"https://fd16-photos.leclercdrive.fr/image.ashx?id=2891869&use=l&cat=p&typeid=i","cat":284381},{"id":135247,"n":"Fromage fondu Eco+ 17%mg - x10 - 200g","p":1.08,"u":"5,40 €/KG","img":"https://fd16-photos.leclercdrive.fr/image.ashx?id=2652290&use=l&cat=p&typeid=i","cat":314028},{"id":135251,"n":"Yaourt nature sucré Yoplait - 8x125g","p":2.04,"u":"2,04 €/KG","img":"https://fd16-photos.leclercdrive.fr/image.ashx?id=2796830&use=l&cat=p&typeid=i","cat":284409},{"id":135266,"n":"Pruneau Eco+ 1kg","p":5.97,"u":"5,97 €/KG","img":"https://fd16-photos.leclercdrive.fr/image.ashx?id=2690868&use=l&cat=p&typeid=i","cat":284357},{"id":135267,"n":"Matière grasse Eco+ Tartine - 55%mg - 500g","p":1.21,"u":"2,42 €/KG","img":"https://fd16-photos.leclercdrive.fr/image.ashx?id=2910580&use=l&cat=p&typeid=i","cat":315229},{"id":135274,"n":"Pomme de terre pour frites Panier du Primeur - 2kg","p":2.29,"u":"1,15 €/KG","img":"https://fd16-photos.leclercdrive.fr/image.ashx?id=2959737&use=l&cat=p&typeid=i","cat":284352},{"id":135276,"n":"Pomme de terre Panier Primeur Micro-ondes - 750g","p":1.79,"u":"2,39 €/KG","img":"https://fd16-photos.leclercdrive.fr/image.ashx?id=2649903&use=l&cat=p&typeid=i","cat":284352},{"id":135279,"n":"Ail violet Panier du Primeur x3","p":2.99,"u":"1,00 €/P","img":"https://fd16-photos.leclercdrive.fr/image.ashx?id=2960520&use=l&cat=p&typeid=i","cat":284352},{"id":135292,"n":"Crème dessert Eco+ Panachées - 12x125g","p":2.43,"u":"1,62 €/KG","img":"https://fd16-photos.leclercdrive.fr/image.ashx?id=2804326&use=l&cat=p&typeid=i","cat":285041},{"id":135293,"n":"Crème dessert Eco+ Saveur vanille - 4x125g","p":0.77,"u":"1,54 €/KG","img":"https://fd16-photos.leclercdrive.fr/image.ashx?id=2765695&use=l&cat=p&typeid=i","cat":285041},{"id":135294,"n":"Crème dessert Eco+ Chocolat - 4x125g","p":0.74,"u":"1,48 €/KG","img":"https://fd16-photos.leclercdrive.fr/image.ashx?id=2777791&use=l&cat=p&typeid=i","cat":285041},{"id":135295,"n":"Tranchette de gouda Eco+ 28%mg - 300g","p":2.53,"u":"8,43 €/KG","img":"https://fd16-photos.leclercdrive.fr/image.ashx?id=1974470&use=l&cat=p&typeid=i","cat":314028},{"id":135296,"n":"Fromage mi-chèvre Eco+ 23%mg - 180g","p":1.65,"u":"9,17 €/KG","img":"https://fd16-photos.leclercdrive.fr/image.ashx?id=2978504&use=l&cat=p&typeid=i","cat":314031},{"id":135301,"n":"Hauts de cuisse Eco+ Poulet blanc - 1kg","p":4.49,"u":"4,49 €/KG","img":"https://fd16-photos.leclercdrive.fr/image.ashx?id=1975023&use=l&cat=p&typeid=i","cat":284336},{"id":135343,"n":"Râpé 3 fromages Les Croisés  Format familial - 350g","p":3.12,"u":"8,91 €/KG","img":"https://fd16-photos.leclercdrive.fr/image.ashx?id=2959734&use=l&cat=p&typeid=i","cat":314035},{"id":135359,"n":"Sandwich Maxi Côté Snack Jambon beurre - 190g","p":1.65,"u":"8,68 €/KG","img":"https://fd16-photos.leclercdrive.fr/image.ashx?id=2729293&use=l&cat=p&typeid=i","cat":333658},{"id":135360,"n":"Sandwich club maxi Côté Snack Jambon emmental crudité - 190g","p":1.51,"u":"7,95 €/KG","img":"https://fd16-photos.leclercdrive.fr/image.ashx?id=2604999&use=l&cat=p&typeid=i","cat":333658},{"id":135362,"n":"Sandwich club maxi Côté Snack Poulet Roti crudités - 190g","p":1.51,"u":"7,95 €/KG","img":"https://fd16-photos.leclercdrive.fr/image.ashx?id=2892067&use=l&cat=p&typeid=i","cat":333658},{"id":135364,"n":"Porc filet mignon x2 - 1kg","p":12.99,"u":"12,99 €/KG","img":"https://fd16-photos.leclercdrive.fr/image.ashx?id=760077&use=l&cat=p&typeid=i","cat":284331},{"id":135454,"n":"Brioche tranchée Harrys Nature sans additif Maxi - 680g","p":3.29,"u":"4,84 €/KG","img":"https://fd16-photos.leclercdrive.fr/image.ashx?id=2503022&use=l&cat=p&typeid=i","cat":284478},{"id":135456,"n":"Brioche tranchée Harrys Nature / Sans additifs - 485 g","p":2.39,"u":"4,93 €/KG","img":"https://fd16-photos.leclercdrive.fr/image.ashx?id=2503019&use=l&cat=p&typeid=i","cat":284478},{"id":135458,"n":"Brioche tranchée nature Harrys Allégée en sucre - 485g","p":3.03,"u":"6,25 €/KG","img":"https://fd16-photos.leclercdrive.fr/image.ashx?id=2503031&use=l&cat=p&typeid=i","cat":284478},{"id":135459,"n":"Brioche Tranchée Harrys Pépites de chocolat - 485g","p":2.97,"u":"6,12 €/KG","img":"https://fd16-photos.leclercdrive.fr/image.ashx?id=2503028&use=l&cat=p&typeid=i","cat":284478},{"id":135476,"n":"Fromage à Tartiner Tartare  Ail et Fines Herbes - 150g","p":1.89,"u":"12,60 €/KG","img":"https://fd16-photos.leclercdrive.fr/image.ashx?id=2243365&use=l&cat=p&typeid=i","cat":314029},{"id":135640,"n":"Cuadro 4 chocolat praliné Novi Noir, lait, blanc noisette 150g","p":3.9,"u":"26,00 €/KG","img":"https://fd16-photos.leclercdrive.fr/image.ashx?id=2922218&use=l&cat=p&typeid=i","cat":327595},{"id":135645,"n":"Cuadro 4 chocolat praliné Novi Pistaches - 150g","p":4.29,"u":"28,60 €/KG","img":"https://fd16-photos.leclercdrive.fr/image.ashx?id=2922215&use=l&cat=p&typeid=i","cat":327595},{"id":135679,"n":"Tartiflette au Reblochon Marie 300g","p":3.99,"u":"13,30 €/KG","img":"https://fd16-photos.leclercdrive.fr/image.ashx?id=2827200&use=l&cat=p&typeid=i","cat":333665},{"id":135738,"n":"Bière Rouge Vieux Lille 75 cl","p":4.14,"u":"5,52 €/L","img":"https://fd16-photos.leclercdrive.fr/image.ashx?id=2928831&use=l&cat=p&typeid=i","cat":334872},{"id":135764,"n":"Bière Triple ambrée Vieux Lille - 75 cl","p":4.19,"u":"5,59 €/L","img":"https://fd16-photos.leclercdrive.fr/image.ashx?id=2928822&use=l&cat=p&typeid=i","cat":334852},{"id":136302,"n":"Café moulu Velours Noir 100% Arabica - 250g","p":3.69,"u":"14,76 €/KG","img":"https://fd16-photos.leclercdrive.fr/image.ashx?id=1978401&use=l&cat=p&typeid=i","cat":284750},{"id":136389,"n":"Oeuf Maxi Kinder Surprise Garçon - 100g","p":5.67,"u":"56,70 €/KG","img":"https://fd16-photos.leclercdrive.fr/image.ashx?id=2940513&use=l&cat=p&typeid=i","cat":284958},{"id":136399,"n":"Oeuf maxi Kinder Surprise Jaune Pingouin - 100g","p":5.67,"u":"56,70 €/KG","img":"https://fd16-photos.leclercdrive.fr/image.ashx?id=2428932&use=l&cat=p&typeid=i","cat":327592},{"id":136445,"n":"Gateau marbré Savane Chocolat - 310g","p":2.57,"u":"8,29 €/KG","img":"https://fd16-photos.leclercdrive.fr/image.ashx?id=2870719&use=l&cat=p&typeid=i","cat":294776},{"id":136457,"n":"Pain grillé original Pasquier 415g","p":2.2,"u":"5,30 €/KG","img":"https://fd16-photos.leclercdrive.fr/image.ashx?id=2943957&use=l&cat=p&typeid=i","cat":284479},{"id":136579,"n":"Soupe liquide brique Liebig  Velouté de 12 légumes - 1L","p":2.0,"u":"2,00 €/L","img":"https://fd16-photos.leclercdrive.fr/image.ashx?id=2172645&use=l&cat=p&typeid=i","cat":284462},{"id":136580,"n":"Soupe liquide brique Liebig  Mouliné de 12 légumes - 1L","p":2.46,"u":"2,46 €/L","img":"https://fd16-photos.leclercdrive.fr/image.ashx?id=2172642&use=l&cat=p&typeid=i","cat":284462},{"id":136585,"n":"Plat bébé soir Blédiner 15 mois pâtes crème légumes - 2x200g","p":2.69,"u":"6,73 €/KG","img":"https://fd16-photos.leclercdrive.fr/image.ashx?id=2845859&use=l&cat=p&typeid=i","cat":312239},{"id":136599,"n":"Eau gazeuse aromatisée Salvetat citron - 6x50cl","p":3.33,"u":"1,11 €/L","img":"https://fd16-photos.leclercdrive.fr/image.ashx?id=2259472&use=l&cat=p&typeid=i","cat":284536},{"id":136604,"n":"Serviettes ultra nuit Tadam Dermosensitives - x10","p":2.68,"img":"https://fd16-photos.leclercdrive.fr/image.ashx?id=2754755&use=l&cat=p&typeid=i","cat":284624},{"id":136638,"n":"Biscuit cacao céréales Gerblé   - 160g","p":2.59,"u":"16,19 €/KG","img":"https://fd16-photos.leclercdrive.fr/image.ashx?id=2810798&use=l&cat=p&typeid=i","cat":318651},{"id":136671,"n":"Pommes bicolores Panier Primeur HVE - Sachet 1.5kg","p":2.99,"u":"1,99 €/KG","img":"https://fd16-photos.leclercdrive.fr/image.ashx?id=2928279&use=l&cat=p&typeid=i","cat":284356},{"id":136736,"n":"Quinoa parfumé Tipiak 240g","p":3.35,"u":"13,96 €/KG","img":"https://fd16-photos.leclercdrive.fr/image.ashx?id=2833747&use=l&cat=p&typeid=i","cat":284429},{"id":136761,"n":"Attache sapin Père Noël Rohan Aluminium - 200g","p":3.45,"u":"17,25 €/KG","img":"https://fd16-photos.leclercdrive.fr/image.ashx?id=2863461&use=l&cat=p&typeid=i","cat":327592},{"id":136775,"n":"Fleur de maïs Maïzena 700g","p":2.45,"pp":1.71,"u":"2,44 €/KG","img":"https://fd16-photos.leclercdrive.fr/image.ashx?id=2328361&use=l&cat=p&typeid=i","cat":288382},{"id":136777,"n":"Sachet chat Felix Succulent Campagne - 12x80g","p":5.21,"u":"5,43 €/KG","img":"https://fd16-photos.leclercdrive.fr/image.ashx?id=2861186&use=l&cat=p&typeid=i","cat":285286},{"id":136808,"n":"Biscuit pistache abricot Gerblé  - 160g","p":2.65,"u":"16,56 €/KG","img":"https://fd16-photos.leclercdrive.fr/image.ashx?id=2812711&use=l&cat=p&typeid=i","cat":318651},{"id":136814,"n":"Barre céréales Chocapic  Chocolat - 12x25g","p":3.99,"u":"13,30 €/KG","img":"https://fd16-photos.leclercdrive.fr/image.ashx?id=2846784&use=l&cat=p&typeid=i","cat":285869},{"id":136930,"n":"Bonbons de Noël Milka Lait pétillant - 86g","p":3.18,"u":"36,98 €/KG","img":"https://fd16-photos.leclercdrive.fr/image.ashx?id=2834008&use=l&cat=p&typeid=i","cat":327592},{"id":136933,"n":"Kit fajita Old El Paso Tomate poivrons - 500g","p":4.79,"u":"9,58 €/KG","img":"https://fd16-photos.leclercdrive.fr/image.ashx?id=2759715&use=l&cat=p&typeid=i","cat":288993},{"id":137014,"n":"Lasagne bolognaise 300g","p":2.95,"u":"9,83 €/KG","img":"https://fd16-photos.leclercdrive.fr/image.ashx?id=2993382&use=l&cat=p&typeid=i","cat":284254},{"id":137070,"n":"Petits pois Bio Village Bio - 420g","p":2.35,"u":"5,60 €/KG","img":"https://fd16-photos.leclercdrive.fr/image.ashx?id=3002707&use=l&cat=p&typeid=i","cat":312607},{"id":137228,"n":"Sucre en poudre Saint Louis 650g","p":1.51,"u":"2,32 €/KG","img":"https://fd16-photos.leclercdrive.fr/image.ashx?id=2659936&use=l&cat=p&typeid=i","cat":284502},{"id":137289,"n":"Yaourt à boire Ptit Yop Aromatisé Framboise - 6x180g","p":2.78,"u":"2,57 €/KG","img":"https://fd16-photos.leclercdrive.fr/image.ashx?id=2951797&use=l&cat=p&typeid=i","cat":284415},{"id":137325,"n":"Lait bébé Candia Baby  croissance 3ème âge - 6x25cl","p":3.82,"u":"2,55 €/L","img":"https://fd16-photos.leclercdrive.fr/image.ashx?id=2963346&use=l&cat=p&typeid=i","cat":284728},{"id":137331,"n":"Kinder moulage avec surprise Bonhomme de neige - 36g","p":2.17,"u":"60,28 €/KG","img":"https://fd16-photos.leclercdrive.fr/image.ashx?id=1984798&use=l&cat=p&typeid=i","cat":327592},{"id":137382,"n":"Spray retouche L'Oréal Paris Magic Retouch Châtain Clair","p":9.06,"u":"12,08 €/L","img":"https://fd16-photos.leclercdrive.fr/image.ashx?id=2597196&use=l&cat=p&typeid=i","cat":288899},{"id":137384,"n":"Déodorant bille Men Expert Efficacité 48h - 50ml","p":2.55,"u":"51,00 €/L","img":"https://fd16-photos.leclercdrive.fr/image.ashx?id=2300512&use=l&cat=p&typeid=i","cat":284618},{"id":137388,"n":"Gel Douche Bio Sans Savon Cadum Huile d'Amandes Douces - 500ml","p":2.34,"u":"4,68 €/L","img":"https://fd16-photos.leclercdrive.fr/image.ashx?id=2575627&use=l&cat=p&typeid=i","cat":284594},{"id":137421,"n":"Assortiment 60 mini roulés 720g","p":7.59,"u":"10,54 €/KG","img":"https://fd16-photos.leclercdrive.fr/image.ashx?id=2091563&use=l&cat=p&typeid=i","cat":319774},{"id":137422,"n":"Assortiment 50 mini saucisses 800g","p":7.59,"u":"9,49 €/KG","img":"https://fd16-photos.leclercdrive.fr/image.ashx?id=2177923&use=l&cat=p&typeid=i","cat":319774},{"id":137436,"n":"Masque Protection Couleur Elsève Color-Vive - 310ml","p":5.06,"u":"16,32 €/L","img":"https://fd16-photos.leclercdrive.fr/image.ashx?id=2865875&use=l&cat=p&typeid=i","cat":284608},{"id":137525,"n":"Galak Chocolat Noël  Moulage Renne - 88g","p":2.54,"u":"28,86 €/KG","img":"https://fd16-photos.leclercdrive.fr/image.ashx?id=2570604&use=l&cat=p&typeid=i","cat":327592},{"id":137562,"n":"Mug de Noël Fizzy Mme Princesse +100g de chocolat","p":6.7,"u":"67,00 €/KG","img":"https://fd16-photos.leclercdrive.fr/image.ashx?id=1985730&use=l&cat=p&typeid=i","cat":327789},{"id":137567,"n":"Père Noel Smarties Vert - 85g","p":2.54,"u":"29,88 €/KG","img":"https://fd16-photos.leclercdrive.fr/image.ashx?id=1985745&use=l&cat=p&typeid=i","cat":284958},{"id":137669,"n":"Croquette chiens Mix  Fido Volaille/légumes - 2.5kg","p":5.89,"u":"2,36 €/KG","img":"https://fd16-photos.leclercdrive.fr/image.ashx?id=2973309&use=l&cat=p&typeid=i","cat":284672},{"id":137680,"n":"Croquette pour chien  Fido Croq' Mix boeuf et légumes 3kg","p":6.28,"u":"2,09 €/KG","img":"https://fd16-photos.leclercdrive.fr/image.ashx?id=2973306&use=l&cat=p&typeid=i","cat":284672},{"id":137686,"n":"Croquette pour chiens Fido Boeuf & légumes - 7kg","p":14.39,"u":"2,06 €/KG","img":"https://fd16-photos.leclercdrive.fr/image.ashx?id=2973297&use=l&cat=p&typeid=i","cat":284672},{"id":137713,"n":"Préparation Flan Entremets alsa Chocolat - 192g","p":1.94,"u":"8,36 €/KG","img":"https://fd16-photos.leclercdrive.fr/image.ashx?id=2842546&use=l&cat=p&typeid=i","cat":284505},{"id":137746,"n":"Gourmet Purina Poulet / Dinde - 8x85g","p":6.16,"u":"9,06 €/KG","img":"https://fd16-photos.leclercdrive.fr/image.ashx?id=2896795&use=l&cat=p&typeid=i","cat":285286},{"id":137754,"n":"Barquettes chat Gourmet  Coffret de la mer - 8x85g","p":6.09,"u":"8,96 €/KG","img":"https://fd16-photos.leclercdrive.fr/image.ashx?id=2861770&use=l&cat=p&typeid=i","cat":285286},{"id":137757,"n":"Tarte aux poireaux Marie Gratinée à l'Emmental - 400g","p":3.29,"u":"8,23 €/KG","img":"https://fd16-photos.leclercdrive.fr/image.ashx?id=2996680&use=l&cat=p&typeid=i","cat":284257},{"id":137769,"n":"Soupe liquide brique Liebig  Poireaux Pomme de Terre 2x30cl","p":1.97,"u":"3,28 €/L","img":"https://fd16-photos.leclercdrive.fr/image.ashx?id=2864327&use=l&cat=p&typeid=i","cat":284462},{"id":137794,"n":"Liqueur Amaretto Giffard 25% vol - 50cl","p":9.03,"u":"18,06 €/L","img":"https://fd16-photos.leclercdrive.fr/image.ashx?id=1987083&use=l&cat=p&typeid=i","cat":286032},{"id":137864,"n":"Riz long étuvé Eco+ 4x125g","p":0.87,"u":"1,74 €/KG","img":"https://fd16-photos.leclercdrive.fr/image.ashx?id=1991126&use=l&cat=p&typeid=i","cat":284428},{"id":137865,"n":"Compote SSA Douceur du Verger Gourdes Pomme Poire - 4x90g","p":1.23,"u":"3,42 €/KG","img":"https://fd16-photos.leclercdrive.fr/image.ashx?id=2837069&use=l&cat=p&typeid=i","cat":284508},{"id":137892,"n":"Biscottes bio Bio Village sans sel ni sucres ajoutés 100g","p":2.09,"u":"6,97 €/KG","img":"https://fd16-photos.leclercdrive.fr/image.ashx?id=1987015&use=l&cat=p&typeid=i","cat":284479},{"id":137900,"n":"Barres de céréales Grainéa Chocolat noir x6 - 126g","p":1.39,"u":"11,03 €/KG","img":"https://fd16-photos.leclercdrive.fr/image.ashx?id=2721370&use=l&cat=p&typeid=i","cat":285869},{"id":137904,"n":"Barre de céréales Grainea 126g","p":1.39,"u":"11,03 €/KG","img":"https://fd16-photos.leclercdrive.fr/image.ashx?id=2724598&use=l&cat=p&typeid=i","cat":285869},{"id":137910,"n":"Compote Douceur du Verger Gourdes multivariétés - 20x90g","p":6.09,"u":"3,38 €/KG","img":"https://fd16-photos.leclercdrive.fr/image.ashx?id=2805045&use=l&cat=p&typeid=i","cat":284508},{"id":137958,"n":"Cocktail Venezzio Spritz Orange Sans alcool - 4x20cl","p":4.2,"u":"5,25 €/L","img":"https://fd16-photos.leclercdrive.fr/image.ashx?id=2896528&use=l&cat=p&typeid=i","cat":284913},{"id":137988,"n":"Préparation Tablier Blanc Frangipane - 200g","p":2.67,"u":"13,35 €/KG","img":"https://fd16-photos.leclercdrive.fr/image.ashx?id=2460628&use=l&cat=p&typeid=i","cat":284504},{"id":138050,"n":"Grandes coquillettes Lustucru Aux oeufs - 250g","p":1.07,"u":"4,28 €/KG","img":"https://fd16-photos.leclercdrive.fr/image.ashx?id=2033106&use=l&cat=p&typeid=i","cat":284427},{"id":138054,"n":"Macaroni Lustucru Aux oeufs - 500g","p":1.78,"u":"3,56 €/KG","img":"https://fd16-photos.leclercdrive.fr/image.ashx?id=2033109&use=l&cat=p&typeid=i","cat":284427},{"id":138057,"n":"Collerettes Lustucru Aux œufs - 500g","p":1.9,"u":"3,80 €/KG","img":"https://fd16-photos.leclercdrive.fr/image.ashx?id=2505756&use=l&cat=p&typeid=i","cat":284427},{"id":138076,"n":"Foie gras de canard Delpeyrat Entier du Sud-ouest - 180 g","p":23.5,"pp":15.51,"u":"86,17 €/KG","img":"https://fd16-photos.leclercdrive.fr/image.ashx?id=2905279&use=l&cat=p&typeid=i","cat":316008},{"id":138199,"n":"Repas bébé Blédichef 15 mois  Colombo de riz poisson - 250g","p":1.93,"u":"7,72 €/KG","img":"https://fd16-photos.leclercdrive.fr/image.ashx?id=2951599&use=l&cat=p&typeid=i","cat":312238},{"id":138200,"n":"Repas bébé Blédichef 15 mois  Tajine légumes poulet - 250g","p":1.88,"u":"7,52 €/KG","img":"https://fd16-photos.leclercdrive.fr/image.ashx?id=2951602&use=l&cat=p&typeid=i","cat":312238},{"id":138304,"n":"Fromage apéritif Apéricube Incontournables apéro 48 cubes","p":4.53,"u":"18,12 €/KG","img":"https://fd16-photos.leclercdrive.fr/image.ashx?id=2882671&use=l&cat=p&typeid=i","cat":314027},{"id":138537,"n":"Coloration Casting Crème Gloss  400 Châtain Craquant","p":8.88,"img":"https://fd16-photos.leclercdrive.fr/image.ashx?id=2869080&use=l&cat=p&typeid=i","cat":288899},{"id":138668,"n":"Masque Cheveux Nutrition Elsève Huile Extraordinaire - 310ml","p":4.93,"u":"15,90 €/L","img":"https://fd16-photos.leclercdrive.fr/image.ashx?id=2511859&use=l&cat=p&typeid=i","cat":284608},{"id":138669,"n":"Masque reconstructeur Elsève Dream Long Cheveu Abîmé - 310ml","p":5.1,"u":"16,45 €/L","img":"https://fd16-photos.leclercdrive.fr/image.ashx?id=2278139&use=l&cat=p&typeid=i","cat":284608},{"id":139254,"n":"Boite alcools du monde Abtey Chocolat noir … la liqueur 220g","p":7.37,"u":"29,48 €/KG","img":"https://fd16-photos.leclercdrive.fr/image.ashx?id=2662727&use=l&cat=p&typeid=i","cat":327601},{"id":139255,"n":"Ballotin chocolat  Abtey Royal des lys x17 220g","p":5.55,"u":"25,23 €/KG","img":"https://fd16-photos.leclercdrive.fr/image.ashx?id=2662718&use=l&cat=p&typeid=i","cat":327601},{"id":139328,"n":"Mug enfant garni Rohan Garni sucettes et moulages 154g","p":8.15,"u":"52,92 €/KG","img":"https://fd16-photos.leclercdrive.fr/image.ashx?id=1997589&use=l&cat=p&typeid=i","cat":327592},{"id":139339,"n":"Sachet père noel foot Rohan Père noel et ballons 225g","p":6.46,"u":"28,71 €/KG","img":"https://fd16-photos.leclercdrive.fr/image.ashx?id=2900875&use=l&cat=p&typeid=i","cat":327592},{"id":139395,"n":"Kinder chocolat mini mug  102g","p":9.19,"u":"90,10 €/KG","img":"https://fd16-photos.leclercdrive.fr/image.ashx?id=2940519&use=l&cat=p&typeid=i","cat":327592},{"id":141142,"n":"Sac à main peluche Fizzy Chat -100g","p":12.27,"u":"122,70 €/KG","img":"https://fd16-photos.leclercdrive.fr/image.ashx?id=2025719&use=l&cat=p&typeid=i","cat":327789},{"id":141183,"n":"Bonhomme de neige Riegelen Bleu - 125g","p":3.83,"u":"30,64 €/KG","img":"https://fd16-photos.leclercdrive.fr/image.ashx?id=2267050&use=l&cat=p&typeid=i","cat":284958},{"id":141185,"n":"Bonhomme de neige Riegelen Vert - 125g","p":3.83,"u":"30,64 €/KG","img":"https://fd16-photos.leclercdrive.fr/image.ashx?id=2267053&use=l&cat=p&typeid=i","cat":284958},{"id":141186,"n":"Bonhomme de neige Riegelen Mauve - 125g","p":3.83,"u":"30,64 €/KG","img":"https://fd16-photos.leclercdrive.fr/image.ashx?id=2267056&use=l&cat=p&typeid=i","cat":284958},{"id":141805,"n":"Repas Felix Tasty Purina Saumon thon 12x80g","p":5.1,"u":"5,31 €/KG","img":"https://fd16-photos.leclercdrive.fr/image.ashx?id=2478417&use=l&cat=p&typeid=i","cat":285286},{"id":141809,"n":"Friandise pour chat Dentalife Poulet - 40g","p":1.82,"u":"45,50 €/KG","img":"https://fd16-photos.leclercdrive.fr/image.ashx?id=2424716&use=l&cat=p&typeid=i","cat":285285},{"id":141810,"n":"Croquette Purina One Chat difficile  Cabillaud 1.5kg","p":7.82,"u":"5,21 €/KG","img":"https://fd16-photos.leclercdrive.fr/image.ashx?id=2477871&use=l&cat=p&typeid=i","cat":284680},{"id":142084,"n":"Pommes de terre Grenailles  Panier du Primeur - 1kg","p":1.99,"u":"1,99 €/KG","img":"https://fd16-photos.leclercdrive.fr/image.ashx?id=2233214&use=l&cat=p&typeid=i","cat":284352},{"id":142197,"n":"Poche à décorer Homeside Avec douilles - 1 pièce","p":2.9,"img":"https://fd16-photos.leclercdrive.fr/image.ashx?id=2017539&use=l&cat=p&typeid=i","cat":334135},{"id":142199,"n":"Spatule pâtisserie Homeside 1 pièce","p":1.9,"img":"https://fd16-photos.leclercdrive.fr/image.ashx?id=2017542&use=l&cat=p&typeid=i","cat":334135},{"id":142202,"n":"Tire Bouchon Homeside Limonadier - 1 pièce","p":1.69,"img":"https://fd16-photos.leclercdrive.fr/image.ashx?id=2017518&use=l&cat=p&typeid=i","cat":334135},{"id":142204,"n":"Allume gaz Homeside 1 pièce","p":3.99,"img":"https://fd16-photos.leclercdrive.fr/image.ashx?id=2017554&use=l&cat=p&typeid=i","cat":334135},{"id":142205,"n":"Mini piques brochettes Homeside 1 pièce","p":0.64,"img":"https://fd16-photos.leclercdrive.fr/image.ashx?id=2017503&use=l&cat=p&typeid=i","cat":334135},{"id":142210,"n":"Couteau à huîtres Homeside 1 pièce","p":2.1,"img":"https://fd16-photos.leclercdrive.fr/image.ashx?id=2017581&use=l&cat=p&typeid=i","cat":334135},{"id":142218,"n":"Pinceau de cuisine Homeside 1 pièce","p":0.82,"img":"https://fd16-photos.leclercdrive.fr/image.ashx?id=2017536&use=l&cat=p&typeid=i","cat":334135},{"id":142219,"n":"Cure-dents Homeside x2 boîtes","p":1.0,"u":"0,50 €/P","img":"https://fd16-photos.leclercdrive.fr/image.ashx?id=2026331&use=l&cat=p&typeid=i","cat":334135},{"id":142222,"n":"Râpe  Homeside 1 pièce","p":2.59,"img":"https://fd16-photos.leclercdrive.fr/image.ashx?id=2017614&use=l&cat=p&typeid=i","cat":334135},{"id":142228,"n":"Pailles en papier Homeside x24","p":1.05,"u":"0,04 €/P","img":"https://fd16-photos.leclercdrive.fr/image.ashx?id=2017620&use=l&cat=p&typeid=i","cat":334135},{"id":142230,"n":"Filtre à café Homeside 1 pièce","p":2.5,"img":"https://fd16-photos.leclercdrive.fr/image.ashx?id=2017512&use=l&cat=p&typeid=i","cat":334135},{"id":142840,"n":"Confit Maison Montfort Mangue Alphonso Abricot 110g","p":3.29,"u":"29,91 €/KG","img":"https://fd16-photos.leclercdrive.fr/image.ashx?id=2519483&use=l&cat=p&typeid=i","cat":305148},{"id":143001,"n":"Dosettes café Plantation CLassique - x60 - 416g","p":6.09,"u":"14,64 €/KG","img":"https://fd16-photos.leclercdrive.fr/image.ashx?id=2824289&use=l&cat=p&typeid=i","cat":293238},{"id":143023,"n":"Beef-Stick Vitakraft x4 - 48g","p":2.5,"u":"52,08 €/KG","img":"https://fd16-photos.leclercdrive.fr/image.ashx?id=2857686&use=l&cat=p&typeid=i","cat":294527},{"id":143132,"n":"Cordon bleu Maître coq Poulet - 200g","p":2.1,"u":"10,50 €/KG","img":"https://fd16-photos.leclercdrive.fr/image.ashx?id=2426932&use=l&cat=p&typeid=i","cat":333683},{"id":143237,"n":"Piles Eco+ AAA/LR3 - x8","p":1.27,"img":"https://fd16-photos.leclercdrive.fr/image.ashx?id=2036221&use=l&cat=p&typeid=i","cat":300572},{"id":143344,"n":"Biscottes Eco+ 90 tranches - 750g","p":2.08,"u":"2,77 €/KG","img":"https://fd16-photos.leclercdrive.fr/image.ashx?id=2662580&use=l&cat=p&typeid=i","cat":284479},{"id":143345,"n":"Biscottes Epi d'Or x108 - 900g","p":2.52,"u":"2,80 €/KG","img":"https://fd16-photos.leclercdrive.fr/image.ashx?id=2532847&use=l&cat=p&typeid=i","cat":284479},{"id":143379,"n":"Grain d'orge Brassin de Noël 12x25cl","p":8.49,"pp":6.37,"u":"2,12 €/L","img":"https://fd16-photos.leclercdrive.fr/image.ashx?id=2599239&use=l&cat=p&typeid=i","cat":334872},{"id":143477,"n":"Dessert liégeois Viennois  Café - 4x100g","p":1.57,"u":"3,93 €/KG","img":"https://fd16-photos.leclercdrive.fr/image.ashx?id=2692110&use=l&cat=p&typeid=i","cat":285042},{"id":143478,"n":"Dessert liégeois Viennois  Chocolat - 4x100g","p":1.57,"u":"3,93 €/KG","img":"https://fd16-photos.leclercdrive.fr/image.ashx?id=2849689&use=l&cat=p&typeid=i","cat":285042},{"id":143480,"n":"Cidre bio brut Ecusson Généreux - 2x75cl","p":5.55,"u":"3,70 €/L","img":"https://fd16-photos.leclercdrive.fr/image.ashx?id=2687827&use=l&cat=p&typeid=i","cat":334880},{"id":143528,"n":"Dessert liégeois Viennois  Panaché Chocolat Café - 8x100g","p":2.88,"u":"3,60 €/KG","img":"https://fd16-photos.leclercdrive.fr/image.ashx?id=2675298&use=l&cat=p&typeid=i","cat":285042},{"id":143605,"n":"Barre de céréales Chocolat au lait & coco - 126g","p":1.7,"u":"13,49 €/KG","img":"https://fd16-photos.leclercdrive.fr/image.ashx?id=2721373&use=l&cat=p&typeid=i","cat":285869},{"id":143812,"n":"Tomates farcies Marie Riz à la tomate - 360g","p":3.8,"u":"10,56 €/KG","img":"https://fd16-photos.leclercdrive.fr/image.ashx?id=2317483&use=l&cat=p&typeid=i","cat":333665},{"id":144055,"n":"Tartine P'tit Déj brioché Jacquet 14 tranches - 410g","p":1.85,"u":"4,51 €/KG","img":"https://fd16-photos.leclercdrive.fr/image.ashx?id=2991852&use=l&cat=p&typeid=i","cat":284477},{"id":144144,"n":"Foie gras de canard Delpeyrat Sud-Ouest Terroir - Bocal 180g","p":23.5,"pp":15.51,"u":"86,17 €/KG","img":"https://fd16-photos.leclercdrive.fr/image.ashx?id=2905282&use=l&cat=p&typeid=i","cat":316008},{"id":144367,"n":"Copeaux savon Marseille  UNI VERT - 750g","p":3.9,"u":"5,20 €/KG","img":"https://fd16-photos.leclercdrive.fr/image.ashx?id=2574470&use=l&cat=p&typeid=i","cat":325365},{"id":144422,"n":"Lot toast ronds Jacquet Nature - 2x250g","p":2.67,"u":"5,34 €/KG","img":"https://fd16-photos.leclercdrive.fr/image.ashx?id=2741343&use=l&cat=p&typeid=i","cat":285454},{"id":144423,"n":"Lot toast ronds Jacquet Foie gras - 500g","p":3.23,"u":"6,46 €/KG","img":"https://fd16-photos.leclercdrive.fr/image.ashx?id=2741346&use=l&cat=p&typeid=i","cat":285454},{"id":144834,"n":"Dosettes café Plantation  Corsé - x60 - 417g","p":5.79,"u":"13,88 €/KG","img":"https://fd16-photos.leclercdrive.fr/image.ashx?id=2824292&use=l&cat=p&typeid=i","cat":293238},{"id":144846,"n":"Dessert gourmand Mamie Nova Tiramisu cappuccino - 2x85g","p":2.23,"u":"13,12 €/KG","img":"https://fd16-photos.leclercdrive.fr/image.ashx?id=2921316&use=l&cat=p&typeid=i","cat":284419},{"id":144865,"n":"Bière La Goudale IPA 7.2% - 75cl","p":4.08,"u":"5,44 €/L","img":"https://fd16-photos.leclercdrive.fr/image.ashx?id=2892589&use=l&cat=p&typeid=i","cat":334872},{"id":144953,"n":"Gateau au fromage blanc Nature - Saint Amour - 350g","p":3.99,"u":"11,40 €/KG","img":"https://fd16-photos.leclercdrive.fr/image.ashx?id=2711271&use=l&cat=p&typeid=i","cat":284419},{"id":144990,"n":"Porc : Côte échine x2  450g","p":5.0,"u":"11,11 €/KG","img":"https://fd16-photos.leclercdrive.fr/image.ashx?id=619046&use=l&cat=p&typeid=i","cat":284331},{"id":145041,"n":"Dattes Couleurs Vives Moelleuses - 250g","p":1.99,"u":"7,96 €/KG","img":"https://fd16-photos.leclercdrive.fr/image.ashx?id=2543938&use=l&cat=p&typeid=i","cat":284357},{"id":145070,"n":"PIzza l'ovale Sodebo Chorizo poivrons - 200g","p":1.99,"u":"9,95 €/KG","img":"https://fd16-photos.leclercdrive.fr/image.ashx?id=2438567&use=l&cat=p&typeid=i","cat":333679},{"id":145115,"n":"Anti-moustiques Labo Marie Rose Répulsif & apaisant 6h - 100ml","p":6.46,"u":"64,60 €/L","img":"https://fd16-photos.leclercdrive.fr/image.ashx?id=2666743&use=l&cat=p&typeid=i","cat":299654},{"id":145117,"n":"Coupe-ongles Mercurochrome 1 pièce","p":3.85,"img":"https://fd16-photos.leclercdrive.fr/image.ashx?id=2665616&use=l&cat=p&typeid=i","cat":325354},{"id":145120,"n":"Préservatifs Classic Lubrifiés - x14","p":4.64,"img":"https://fd16-photos.leclercdrive.fr/image.ashx?id=2848704&use=l&cat=p&typeid=i","cat":284631},{"id":145121,"n":"Préservatifs Classic Intimy Lubrifiés - x28","p":8.95,"u":"0,32 €/P","img":"https://fd16-photos.leclercdrive.fr/image.ashx?id=2927324&use=l&cat=p&typeid=i","cat":284631},{"id":145205,"n":"Eau de roses Christian Lenart 200ml","p":3.83,"u":"19,15 €/L","img":"https://fd16-photos.leclercdrive.fr/image.ashx?id=2036140&use=l&cat=p&typeid=i","cat":284603},{"id":145227,"n":"Shampooing Marie Rose Anti-poux & Lentes  - 125ml","p":5.69,"u":"45,52 €/L","img":"https://fd16-photos.leclercdrive.fr/image.ashx?id=2689523&use=l&cat=p&typeid=i","cat":299654},{"id":145245,"n":"Pansements Mercurochrome Cors-portection - x12","p":4.35,"u":"0,36 €/P","img":"https://fd16-photos.leclercdrive.fr/image.ashx?id=2785829&use=l&cat=p&typeid=i","cat":284630},{"id":145255,"n":"Ciseaux à ongles Mercurochrome 1 pièce","p":3.91,"img":"https://fd16-photos.leclercdrive.fr/image.ashx?id=2788493&use=l&cat=p&typeid=i","cat":325354},{"id":145349,"n":"Purée Douceur du Verger Pomme banane - x4 - 400g","p":1.41,"u":"3,53 €/KG","img":"https://fd16-photos.leclercdrive.fr/image.ashx?id=2036728&use=l&cat=p&typeid=i","cat":284416},{"id":145355,"n":"Purée Douceur du Verger Pomme fraise - x4 - 400g","p":1.3,"u":"3,25 €/KG","img":"https://fd16-photos.leclercdrive.fr/image.ashx?id=2662631&use=l&cat=p&typeid=i","cat":284416},{"id":145410,"n":"Amandes grillées Couleurs Vives Décortiquées - non salé - 250g","p":3.47,"u":"13,88 €/KG","img":"https://fd16-photos.leclercdrive.fr/image.ashx?id=2542929&use=l&cat=p&typeid=i","cat":284357},{"id":145411,"n":"Filet de cabillaud Pêche Océan MSC - x4 - 400g","p":7.89,"u":"19,73 €/KG","img":"https://fd16-photos.leclercdrive.fr/image.ashx?id=2930129&use=l&cat=p&typeid=i","cat":319786},{"id":145492,"n":"Bière blonde Sant Erwann Originale - 75cl","p":3.69,"u":"4,92 €/L","img":"https://fd16-photos.leclercdrive.fr/image.ashx?id=2678053&use=l&cat=p&typeid=i","cat":334872},{"id":145500,"n":"Chips extra croquante Vico 150g","p":1.1,"u":"7,33 €/KG","img":"https://fd16-photos.leclercdrive.fr/image.ashx?id=2917822&use=l&cat=p&typeid=i","cat":284447},{"id":145556,"n":"Crêpes Whaou Chocolat cracky - x15 - 480g","p":4.32,"u":"9,00 €/KG","img":"https://fd16-photos.leclercdrive.fr/image.ashx?id=2971032&use=l&cat=p&typeid=i","cat":284494},{"id":145559,"n":"Fond de volaille Maggi 110g","p":2.75,"u":"25,00 €/KG","img":"https://fd16-photos.leclercdrive.fr/image.ashx?id=2917549&use=l&cat=p&typeid=i","cat":288379},{"id":145630,"n":"Porc : Côte première x2  450GR","p":5.0,"u":"11,11 €/KG","img":"https://fd16-photos.leclercdrive.fr/image.ashx?id=619330&use=l&cat=p&typeid=i","cat":284331},{"id":145700,"n":"Tartiflette Côté Table 900g","p":4.55,"u":"5,06 €/KG","img":"https://fd16-photos.leclercdrive.fr/image.ashx?id=2991142&use=l&cat=p&typeid=i","cat":284254},{"id":145755,"n":"Sauce champignons crème Knorr 30cl","p":1.97,"u":"6,57 €/L","img":"https://fd16-photos.leclercdrive.fr/image.ashx?id=2420030&use=l&cat=p&typeid=i","cat":288381},{"id":145810,"n":"Chocolat Peluche mix Kinder Renne -  133g","p":13.94,"u":"104,81 €/KG","img":"https://fd16-photos.leclercdrive.fr/image.ashx?id=2039380&use=l&cat=p&typeid=i","cat":327789},{"id":145881,"n":"Coulis de tomate NRT De Provence - 400g","p":1.31,"u":"3,28 €/KG","img":"https://fd16-photos.leclercdrive.fr/image.ashx?id=2228163&use=l&cat=p&typeid=i","cat":288384},{"id":145884,"n":"Mogette cuite au naturel NRT De Vendée - 265g","p":1.69,"u":"6,38 €/KG","img":"https://fd16-photos.leclercdrive.fr/image.ashx?id=2771426&use=l&cat=p&typeid=i","cat":312606},{"id":146366,"n":"Quiche Lorraine Marie Pur beurre - 400g","p":3.25,"u":"8,13 €/KG","img":"https://fd16-photos.leclercdrive.fr/image.ashx?id=2996674&use=l&cat=p&typeid=i","cat":284257},{"id":146463,"n":"Bloc foie gras Jean Larnaudie Canard du Sud-Ouest - 300g","p":19.46,"u":"64,87 €/KG","img":"https://fd16-photos.leclercdrive.fr/image.ashx?id=2042256&use=l&cat=p&typeid=i","cat":316008},{"id":146744,"n":"Serviettes Nana ultra nuit Plus Pure Sensitive x8","p":1.88,"u":"0,24 €/P","img":"https://fd16-photos.leclercdrive.fr/image.ashx?id=2743619&use=l&cat=p&typeid=i","cat":284624},{"id":146886,"n":"Gourde bébé bio Bio Village Semoule Vanille - 4x85g","p":3.03,"u":"8,91 €/KG","img":"https://fd16-photos.leclercdrive.fr/image.ashx?id=2704864&use=l&cat=p&typeid=i","cat":312393},{"id":146895,"n":"Lait concentré Régilait non sucré - 410g","p":1.65,"u":"4,02 €/KG","img":"https://fd16-photos.leclercdrive.fr/image.ashx?id=2405866&use=l&cat=p&typeid=i","cat":293236},{"id":147003,"n":"Feuilleté de Mousse La Laitière Vanille - 4x57g","p":1.72,"u":"7,54 €/KG","img":"https://fd16-photos.leclercdrive.fr/image.ashx?id=2764511&use=l&cat=p&typeid=i","cat":284417},{"id":147076,"n":"Bouillon Cube Maggi Volaille - 80g","p":0.88,"u":"11,00 €/KG","img":"https://fd16-photos.leclercdrive.fr/image.ashx?id=2737036&use=l&cat=p&typeid=i","cat":288379},{"id":147119,"n":"Lave glace Tech 9 -20°C - 5L","p":5.99,"u":"1,20 €/L","img":"https://fd16-photos.leclercdrive.fr/image.ashx?id=2054896&use=l&cat=p&typeid=i","cat":298252},{"id":147127,"n":"Spray dégraissant Clair Savon noir - 750ml","p":2.05,"u":"2,73 €/L","img":"https://fd16-photos.leclercdrive.fr/image.ashx?id=2840389&use=l&cat=p&typeid=i","cat":325357},{"id":147128,"n":"Coton carré Bio Bionaïa x80","p":2.99,"u":"0,04 €/P","img":"https://fd16-photos.leclercdrive.fr/image.ashx?id=2558832&use=l&cat=p&typeid=i","cat":285593},{"id":147200,"n":"Escargot de Bourgogne surgelé L'origine du goût x24 - 220g","p":11.99,"u":"54,50 €/KG","img":"https://fd16-photos.leclercdrive.fr/image.ashx?id=2809882&use=l&cat=p&typeid=i","cat":319775},{"id":147237,"n":"Compote Douceur du Verger    Bocal pomme morceaux - 730g","p":1.74,"u":"2,38 €/KG","img":"https://fd16-photos.leclercdrive.fr/image.ashx?id=2663563&use=l&cat=p&typeid=i","cat":284508},{"id":147246,"n":"Bonbons au miel NRT De Vendée - 200g","p":2.6,"u":"13,00 €/KG","img":"https://fd16-photos.leclercdrive.fr/image.ashx?id=2771423&use=l&cat=p&typeid=i","cat":304252},{"id":147250,"n":"Préparation Flan Entremets alsa Vanille - 192g","p":1.51,"u":"7,86 €/KG","img":"https://fd16-photos.leclercdrive.fr/image.ashx?id=2805117&use=l&cat=p&typeid=i","cat":284504},{"id":147251,"n":"Préparation Crème Anglaise alsa Vanille des Isles - 300g","p":2.74,"u":"9,13 €/KG","img":"https://fd16-photos.leclercdrive.fr/image.ashx?id=2999826&use=l&cat=p&typeid=i","cat":284504},{"id":147279,"n":"Croquettes Plénima Sans céréales - 2kg","p":6.0,"u":"3,00 €/KG","img":"https://fd16-photos.leclercdrive.fr/image.ashx?id=2047100&use=l&cat=p&typeid=i","cat":284672},{"id":147286,"n":"Croquette pour chat Plénima Poulet - 600g","p":2.45,"u":"4,08 €/KG","img":"https://fd16-photos.leclercdrive.fr/image.ashx?id=2047114&use=l&cat=p&typeid=i","cat":284680},{"id":147295,"n":"Croquette chat Plénima Saumon - Stérilisé 600g","p":2.45,"u":"4,08 €/KG","img":"https://fd16-photos.leclercdrive.fr/image.ashx?id=2047120&use=l&cat=p&typeid=i","cat":284680},{"id":147296,"n":"Gourde Bio Village - 6 mois Bio - 6x90g","p":4.39,"u":"8,13 €/KG","img":"https://fd16-photos.leclercdrive.fr/image.ashx?id=2704879&use=l&cat=p&typeid=i","cat":312393},{"id":147431,"n":"Yaourt à la grecque YAOS Nature lit de framboises 4x125g","p":2.82,"u":"5,64 €/KG","img":"https://fd16-photos.leclercdrive.fr/image.ashx?id=2654575&use=l&cat=p&typeid=i","cat":314999},{"id":147439,"n":"Tablette chocolat Mmmax Milka Chocolat - 300g","p":4.79,"u":"15,97 €/KG","img":"https://fd16-photos.leclercdrive.fr/image.ashx?id=2938364&use=l&cat=p&typeid=i","cat":284497},{"id":147441,"n":"Pochons Tous mes amis 4x100g","p":1.49,"u":"3,73 €/KG","img":"https://fd16-photos.leclercdrive.fr/image.ashx?id=2055346&use=l&cat=p&typeid=i","cat":284673},{"id":147442,"n":"Pochons Tous mes amis Sauce viande - 12x100g","p":3.65,"u":"3,04 €/KG","img":"https://fd16-photos.leclercdrive.fr/image.ashx?id=2054993&use=l&cat=p&typeid=i","cat":288578},{"id":147443,"n":"Stick torsades Tous mes amis x4 - 70g","p":0.72,"u":"10,29 €/KG","img":"https://fd16-photos.leclercdrive.fr/image.ashx?id=2361733&use=l&cat=p&typeid=i","cat":294527},{"id":147454,"n":"Granola Grainea 350g","p":2.64,"u":"7,54 €/KG","img":"https://fd16-photos.leclercdrive.fr/image.ashx?id=2568340&use=l&cat=p&typeid=i","cat":309512},{"id":147456,"n":"Capsules café Plantation Ristretto n°12 - x30 - 156g","p":5.19,"u":"33,27 €/KG","img":"https://fd16-photos.leclercdrive.fr/image.ashx?id=2867263&use=l&cat=p&typeid=i","cat":284749},{"id":147474,"n":"Coupe ongles Primoplast 1 pièce","p":2.0,"img":"https://fd16-photos.leclercdrive.fr/image.ashx?id=2833008&use=l&cat=p&typeid=i","cat":325354},{"id":147517,"n":"Merlu & riz D'Aucy Sauce beurre blanc - 300g","p":3.09,"u":"10,30 €/KG","img":"https://fd16-photos.leclercdrive.fr/image.ashx?id=2103184&use=l&cat=p&typeid=i","cat":284953},{"id":147525,"n":"Huile bio Bio naïa Jojoba - 50ml","p":4.57,"u":"91,40 €/L","img":"https://fd16-photos.leclercdrive.fr/image.ashx?id=2048983&use=l&cat=p&typeid=i","cat":325349},{"id":147526,"n":"Huile bio Bio naïa Argan - 50ml","p":4.75,"u":"95,00 €/L","img":"https://fd16-photos.leclercdrive.fr/image.ashx?id=2436714&use=l&cat=p&typeid=i","cat":325349},{"id":147527,"n":"Huile bio Bio naïa Ricin - 50ml","p":3.99,"u":"79,80 €/L","img":"https://fd16-photos.leclercdrive.fr/image.ashx?id=2929885&use=l&cat=p&typeid=i","cat":325349},{"id":147528,"n":"Huile bio Bio naïa Amande douce - 50ml","p":3.79,"u":"75,80 €/L","img":"https://fd16-photos.leclercdrive.fr/image.ashx?id=2436720&use=l&cat=p&typeid=i","cat":325349},{"id":147529,"n":"Blocs WC Eco + Parfum pin - 3x40g","p":1.17,"u":"9,75 €/KG","img":"https://fd16-photos.leclercdrive.fr/image.ashx?id=2849560&use=l&cat=p&typeid=i","cat":284662},{"id":147531,"n":"Bain moussant Eco + Pêche - 750ml","p":0.52,"u":"0,69 €/L","img":"https://fd16-photos.leclercdrive.fr/image.ashx?id=2779175&use=l&cat=p&typeid=i","cat":284594},{"id":147532,"n":"Crème à récurer Eco + Parfum citron - 750ml","p":0.6,"u":"0,80 €/L","img":"https://fd16-photos.leclercdrive.fr/image.ashx?id=2840731&use=l&cat=p&typeid=i","cat":325357},{"id":147533,"n":"Dentifrice arôme menthe Eco + 125ml","p":0.73,"u":"5,84 €/L","img":"https://fd16-photos.leclercdrive.fr/image.ashx?id=2776277&use=l&cat=p&typeid=i","cat":284612},{"id":147536,"n":"Liquide vaisselle Eco + Concentré citron - 500ml","p":0.42,"u":"0,84 €/L","img":"https://fd16-photos.leclercdrive.fr/image.ashx?id=2861407&use=l&cat=p&typeid=i","cat":284655},{"id":147537,"n":"Nettoyant ménager Eco + Citron - 2L","p":1.11,"u":"0,56 €/L","img":"https://fd16-photos.leclercdrive.fr/image.ashx?id=2946148&use=l&cat=p&typeid=i","cat":284907},{"id":147543,"n":"Gel WC détartrant Eco + Citron - 750ml","p":0.58,"u":"0,77 €/L","img":"https://fd16-photos.leclercdrive.fr/image.ashx?id=2836304&use=l&cat=p&typeid=i","cat":284662},{"id":147545,"n":"Pastilles anti-calcaire Eco + x20","p":1.25,"u":"0,06 €/P","img":"https://fd16-photos.leclercdrive.fr/image.ashx?id=2603853&use=l&cat=p&typeid=i","cat":284653},{"id":147546,"n":"Poudre détachante Eco + 1,2kg","p":3.29,"u":"2,74 €/KG","img":"https://fd16-photos.leclercdrive.fr/image.ashx?id=2596769&use=l&cat=p&typeid=i","cat":284651},{"id":147548,"n":"Gel désodorisant Eco + Parfum lavande - 1 pièce","p":0.53,"img":"https://fd16-photos.leclercdrive.fr/image.ashx?id=2466868&use=l&cat=p&typeid=i","cat":311628},{"id":147549,"n":"Désodorisant mèche Eco + Parfum marine - 375ml","p":1.27,"u":"3,39 €/L","img":"https://fd16-photos.leclercdrive.fr/image.ashx?id=2777788&use=l&cat=p&typeid=i","cat":311628},{"id":147550,"n":"Nettoyant vitres Eco + 1L","p":0.76,"u":"0,76 €/L","img":"https://fd16-photos.leclercdrive.fr/image.ashx?id=2834993&use=l&cat=p&typeid=i","cat":325363},{"id":147622,"n":"Culottes Lotus Baby Douceur Naturelle Taille 5 - x30","p":14.9,"u":"0,50 €/P","img":"https://fd16-photos.leclercdrive.fr/image.ashx?id=3011866&use=l&cat=p&typeid=i","cat":290633},{"id":147625,"n":"Couches Lotus Baby  Douceur Naturelle T3 - x43","p":15.34,"u":"0,36 €/P","img":"https://fd16-photos.leclercdrive.fr/image.ashx?id=3011875&use=l&cat=p&typeid=i","cat":284737},{"id":147626,"n":"Couches Lotus Baby Douceur Naturelle Taille 4 - x37","p":14.9,"u":"0,40 €/P","img":"https://fd16-photos.leclercdrive.fr/image.ashx?id=2914768&use=l&cat=p&typeid=i","cat":284737},{"id":147627,"n":"Couches Lotus Baby Douceur Naturelle Taille 4+ - x35","p":14.9,"u":"0,43 €/P","img":"https://fd16-photos.leclercdrive.fr/image.ashx?id=2912617&use=l&cat=p&typeid=i","cat":284737},{"id":147628,"n":"Couches Lotus Baby Douceur Naturelle Taille 5 - x35","p":14.9,"u":"0,43 €/P","img":"https://fd16-photos.leclercdrive.fr/image.ashx?id=2980103&use=l&cat=p&typeid=i","cat":284737},{"id":147677,"n":"Sauce béarnaise Rustica 240g","p":1.29,"u":"5,38 €/KG","img":"https://fd16-photos.leclercdrive.fr/image.ashx?id=2954382&use=l&cat=p&typeid=i","cat":318431},{"id":147678,"n":"Rillettes de saumon Ronde des Mers - 125g","p":1.58,"u":"12,64 €/KG","img":"https://fd16-photos.leclercdrive.fr/image.ashx?id=2436708&use=l&cat=p&typeid=i","cat":305147},{"id":147692,"n":"Fond pour rôtis Maggi 110g","p":2.67,"u":"24,27 €/KG","img":"https://fd16-photos.leclercdrive.fr/image.ashx?id=2917543&use=l&cat=p&typeid=i","cat":288379},{"id":147725,"n":"Flamiche au maroilles Le Père Glacet - 380g","p":4.41,"u":"11,61 €/KG","img":"https://fd16-photos.leclercdrive.fr/image.ashx?id=2463227&use=l&cat=p&typeid=i","cat":333680},{"id":148008,"n":"Genoise P'tit Déli Poire - 150g","p":1.15,"u":"7,67 €/KG","img":"https://fd16-photos.leclercdrive.fr/image.ashx?id=2482508&use=l&cat=p&typeid=i","cat":284489},{"id":148070,"n":"Thermomètre Primoplast Electronique - 1 pièce","p":3.89,"img":"https://fd16-photos.leclercdrive.fr/image.ashx?id=2856597&use=l&cat=p&typeid=i","cat":284630},{"id":148080,"n":"Shampooing Carré Homme Anti pelliculaire - 250ml","p":1.85,"u":"7,40 €/L","img":"https://fd16-photos.leclercdrive.fr/image.ashx?id=2350526&use=l&cat=p&typeid=i","cat":284621},{"id":148250,"n":"Ratatouille  Notre Jardin Provencale - 530g","p":2.76,"u":"5,21 €/KG","img":"https://fd16-photos.leclercdrive.fr/image.ashx?id=2526312&use=l&cat=p&typeid=i","cat":312612},{"id":148291,"n":"Bière Aromatisée Grimbergen Rouge 5,5° - 6x25cl","p":5.29,"u":"3,53 €/L","img":"https://fd16-photos.leclercdrive.fr/image.ashx?id=2873327&use=l&cat=p&typeid=i","cat":334878},{"id":148328,"n":"Bonbons eucalyptus Croibleu 250g","p":2.07,"u":"8,28 €/KG","img":"https://fd16-photos.leclercdrive.fr/image.ashx?id=2066584&use=l&cat=p&typeid=i","cat":304252},{"id":148339,"n":"Embouts jetables Prorhinel Souples - x10","p":5.79,"img":"https://fd16-photos.leclercdrive.fr/image.ashx?id=2148182&use=l&cat=p&typeid=i","cat":284630},{"id":148355,"n":"Déodorant Monsavon lait Fleur de coton - 200ml","p":2.02,"u":"10,10 €/L","img":"https://fd16-photos.leclercdrive.fr/image.ashx?id=2644930&use=l&cat=p&typeid=i","cat":284595},{"id":148384,"n":"Donut nappé chocolat 180g","p":1.39,"u":"7,72 €/KG","img":"https://fd16-photos.leclercdrive.fr/image.ashx?id=2590707&use=l&cat=p&typeid=i","cat":284495},{"id":148471,"n":"Pizza Crust Sodebo Farmer  Poulet Sauce Barbecue - 600g","p":5.99,"u":"9,98 €/KG","img":"https://fd16-photos.leclercdrive.fr/image.ashx?id=2912101&use=l&cat=p&typeid=i","cat":333679},{"id":148484,"n":"Lames Hydro 5 Wilkinson Skin protect - x4","p":14.5,"u":"3,63 €/P","img":"https://fd16-photos.leclercdrive.fr/image.ashx?id=2924644&use=l&cat=p&typeid=i","cat":284616},{"id":148485,"n":"Lames Hydro 5 Wilkinson Skin protect Sensitive - x4","p":13.06,"u":"3,27 €/P","img":"https://fd16-photos.leclercdrive.fr/image.ashx?id=2736343&use=l&cat=p&typeid=i","cat":284616},{"id":148498,"n":"Pack de 3 microdiscs Brita Filtrants - 1 pièce","p":13.15,"img":"https://fd16-photos.leclercdrive.fr/image.ashx?id=2878264&use=l&cat=p&typeid=i","cat":334135},{"id":148662,"n":"AOP Bordeaux supérieur rouge Château Manoubrey - 75cl","p":3.2,"u":"4,27 €/L","img":"https://fd16-photos.leclercdrive.fr/image.ashx?id=2059582&use=l&cat=p&typeid=i","cat":289556},{"id":148747,"n":"Shampooing Carré Homme Fortifiant - 250ml","p":1.76,"u":"7,04 €/L","img":"https://fd16-photos.leclercdrive.fr/image.ashx?id=2059050&use=l&cat=p&typeid=i","cat":284621},{"id":148748,"n":"Démaquillant yeux Bionaïa Biphase Water bio - 150ml","p":2.6,"u":"17,33 €/L","img":"https://fd16-photos.leclercdrive.fr/image.ashx?id=2474963&use=l&cat=p&typeid=i","cat":284603},{"id":148762,"n":"Bonbon Confiseo Sève de pin - 250g","p":1.99,"u":"7,96 €/KG","img":"https://fd16-photos.leclercdrive.fr/image.ashx?id=2934757&use=l&cat=p&typeid=i","cat":304252},{"id":148770,"n":"Préservatifs Intimy Classic lubrifiés - x7","p":2.69,"u":"0,38 €/P","img":"https://fd16-photos.leclercdrive.fr/image.ashx?id=2537962&use=l&cat=p&typeid=i","cat":284631},{"id":148774,"n":"Préservatifs Intimy Taille XL lubrifiés - x14","p":6.6,"u":"0,47 €/P","img":"https://fd16-photos.leclercdrive.fr/image.ashx?id=2926329&use=l&cat=p&typeid=i","cat":284631},{"id":148779,"n":"Pince à ongles Mercurochrome 1 pièce","p":5.43,"img":"https://fd16-photos.leclercdrive.fr/image.ashx?id=2788496&use=l&cat=p&typeid=i","cat":325354},{"id":148998,"n":"Papier cuisson Elembal Feuilles - x30","p":0.99,"u":"0,03 €/P","img":"https://fd16-photos.leclercdrive.fr/image.ashx?id=2059971&use=l&cat=p&typeid=i","cat":334134},{"id":149037,"n":"Saucisses de Toulouse L'Atelier Boucherie x6 - 750g","p":7.99,"u":"10,65 €/KG","img":"https://fd16-photos.leclercdrive.fr/image.ashx?id=2994405&use=l&cat=p&typeid=i","cat":284334},{"id":149390,"n":"Croc'Odor Frigo XL  140g","p":2.87,"u":"20,50 €/KG","img":"https://fd16-photos.leclercdrive.fr/image.ashx?id=2952646&use=l&cat=p&typeid=i","cat":311628},{"id":149396,"n":"Lave glace TECH9 Démoustiquant - 5L","p":3.89,"u":"0,78 €/L","img":"https://fd16-photos.leclercdrive.fr/image.ashx?id=2162699&use=l&cat=p&typeid=i","cat":298252},{"id":149465,"n":"Brosse à Dents Signal Soin Gencives Souple x4","p":3.06,"u":"0,77 €/P","img":"https://fd16-photos.leclercdrive.fr/image.ashx?id=2964234&use=l&cat=p&typeid=i","cat":284614},{"id":149778,"n":"Brewdog Punk IPA Boite 50cl","p":2.75,"u":"5,50 €/L","img":"https://fd16-photos.leclercdrive.fr/image.ashx?id=2941856&use=l&cat=p&typeid=i","cat":334853},{"id":149817,"n":"Rouleau Râpe Velvet Smooth Ultra Exfoliant Pieds - x2","p":14.71,"u":"7,36 €/P","img":"https://fd16-photos.leclercdrive.fr/image.ashx?id=2628404&use=l&cat=p&typeid=i","cat":325354},{"id":149853,"n":"Miettes généreuses de thon huile d'olive Le Savoureux 160g","p":3.45,"u":"21,56 €/KG","img":"https://fd16-photos.leclercdrive.fr/image.ashx?id=2167985&use=l&cat=p&typeid=i","cat":303867},{"id":149854,"n":"Dentifrice Elmex enfant 0-6ans Anti-caries - 75ml","p":3.71,"u":"49,47 €/L","img":"https://fd16-photos.leclercdrive.fr/image.ashx?id=2745289&use=l&cat=p&typeid=i","cat":288898},{"id":149919,"n":"Salade caesar poulet Daunat Tartinade poivron - 320g","p":4.95,"img":"https://fd16-photos.leclercdrive.fr/image.ashx?id=2903263&use=l&cat=p&typeid=i","cat":333657},{"id":149958,"n":"Brosse à Dents Signal Soin Classique Souple x1","p":1.75,"img":"https://fd16-photos.leclercdrive.fr/image.ashx?id=2950894&use=l&cat=p&typeid=i","cat":284614},{"id":150228,"n":"Chichis Le Gaulois Poulet - 200g","p":2.74,"u":"13,70 €/KG","img":"https://fd16-photos.leclercdrive.fr/image.ashx?id=2416721&use=l&cat=p&typeid=i","cat":333684},{"id":150238,"n":"Escalope Cordon Bleu Père Dodu  Double Cheese x2 - 200g","p":2.5,"u":"12,50 €/KG","img":"https://fd16-photos.leclercdrive.fr/image.ashx?id=2957185&use=l&cat=p&typeid=i","cat":333683},{"id":150488,"n":"Tartine pain campagne Pasquier - 180g","p":2.09,"u":"11,61 €/KG","img":"https://fd16-photos.leclercdrive.fr/image.ashx?id=2967028&use=l&cat=p&typeid=i","cat":285543},{"id":150590,"n":"Levure de bière Juvamine Beauté vitalité - x50 - 30g","p":3.26,"u":"108,67 €/KG","img":"https://fd16-photos.leclercdrive.fr/image.ashx?id=2773379&use=l&cat=p&typeid=i","cat":313217},{"id":150788,"n":"HERTA Tendre Croc Jambon Fromage sans nitrite 200g x2","p":1.86,"u":"9,30 €/KG","img":"https://fd16-photos.leclercdrive.fr/image.ashx?id=2752885&use=l&cat=p&typeid=i","cat":333671},{"id":150789,"n":"Détartrant multi-usages Melitta 375ml","p":3.75,"u":"10,00 €/L","img":"https://fd16-photos.leclercdrive.fr/image.ashx?id=2871070&use=l&cat=p&typeid=i","cat":325362},{"id":150793,"n":"HERTA Tendre Croc Jambon Fromage sans nitrite 400g x4","p":3.6,"u":"9,00 €/KG","img":"https://fd16-photos.leclercdrive.fr/image.ashx?id=2070144&use=l&cat=p&typeid=i","cat":333671},{"id":150798,"n":"HERTA Tendre Croc Comté Jambon sans nitrite 200g x2","p":2.09,"u":"10,45 €/KG","img":"https://fd16-photos.leclercdrive.fr/image.ashx?id=2070147&use=l&cat=p&typeid=i","cat":333671},{"id":150799,"n":"HERTA Tendre Croc Jambon Fromg ss croûte ss nitrite 200g","p":2.12,"u":"10,60 €/KG","img":"https://fd16-photos.leclercdrive.fr/image.ashx?id=2070153&use=l&cat=p&typeid=i","cat":333671},{"id":150821,"n":"Kinder Mix peluche Kinder 133g","p":13.94,"u":"104,81 €/KG","img":"https://fd16-photos.leclercdrive.fr/image.ashx?id=2428914&use=l&cat=p&typeid=i","cat":327789},{"id":151002,"n":"Gouter fourré carré P'tit Déli x16 - 295g","p":1.17,"u":"3,97 €/KG","img":"https://fd16-photos.leclercdrive.fr/image.ashx?id=2351238&use=l&cat=p&typeid=i","cat":284489},{"id":151160,"n":"Crème gourmande Mamie Nova Chocolat banane - 2x150g","p":1.63,"u":"5,43 €/KG","img":"https://fd16-photos.leclercdrive.fr/image.ashx?id=2909041&use=l&cat=p&typeid=i","cat":285041},{"id":151164,"n":"Paris Brest Mamie Nova 2x90g","p":2.56,"u":"14,22 €/KG","img":"https://fd16-photos.leclercdrive.fr/image.ashx?id=2921789&use=l&cat=p&typeid=i","cat":284419},{"id":151168,"n":"Mousse au chocolat Bonne Maman 4x50g","p":2.47,"u":"12,35 €/KG","img":"https://fd16-photos.leclercdrive.fr/image.ashx?id=2912323&use=l&cat=p&typeid=i","cat":284417},{"id":151464,"n":"Fromage blanc Calin Extra Nature - 8x100g","p":2.34,"u":"2,93 €/KG","img":"https://fd16-photos.leclercdrive.fr/image.ashx?id=2973736&use=l&cat=p&typeid=i","cat":284409},{"id":151472,"n":"Fromage blanc Calin Extra Nature - 850g","p":2.35,"u":"2,76 €/KG","img":"https://fd16-photos.leclercdrive.fr/image.ashx?id=2973739&use=l&cat=p&typeid=i","cat":284409},{"id":151474,"n":"Fromage blanc Calin 0% Extra Naure - 8x100g","p":2.47,"u":"3,09 €/KG","img":"https://fd16-photos.leclercdrive.fr/image.ashx?id=2973733&use=l&cat=p&typeid=i","cat":284409},{"id":151602,"n":"Papier cuisson Albal Rouleau - 8m","p":2.46,"pp":1.62,"u":"0,20 €/MT","img":"https://fd16-photos.leclercdrive.fr/image.ashx?id=2551450&use=l&cat=p&typeid=i","cat":334134},{"id":151613,"n":"Eau minérale naturelle Evian  6L","p":2.93,"u":"0,49 €/L","img":"https://fd16-photos.leclercdrive.fr/image.ashx?id=2969025&use=l&cat=p&typeid=i","cat":284535},{"id":151680,"n":"Macédoine de Légumes Bonduelle 3x130g","p":2.17,"u":"5,56 €/KG","img":"https://fd16-photos.leclercdrive.fr/image.ashx?id=2910022&use=l&cat=p&typeid=i","cat":312612},{"id":151795,"n":"AOP Corbières rouge Hérésie - 75cl","p":7.5,"u":"10,00 €/L","img":"https://fd16-photos.leclercdrive.fr/image.ashx?id=2742138&use=l&cat=p&typeid=i","cat":289556},{"id":151826,"n":"Sangria Rosé Don Simon 7%vol. - 1,5L","p":2.13,"u":"1,42 €/L","img":"https://fd16-photos.leclercdrive.fr/image.ashx?id=2089613&use=l&cat=p&typeid=i","cat":304569},{"id":151910,"n":"Kinder chocolat Moulage Poussin - 36g","p":2.17,"u":"60,28 €/KG","img":"https://fd16-photos.leclercdrive.fr/image.ashx?id=2065607&use=l&cat=p&typeid=i","cat":327592},{"id":151911,"n":"Kinder chocolat Moulage Ecureuil - 36g","p":2.17,"u":"60,28 €/KG","img":"https://fd16-photos.leclercdrive.fr/image.ashx?id=2077763&use=l&cat=p&typeid=i","cat":327592},{"id":151915,"n":"Kinder chocolat Moulage Mouton - 36g","p":2.17,"u":"60,28 €/KG","img":"https://fd16-photos.leclercdrive.fr/image.ashx?id=2077766&use=l&cat=p&typeid=i","cat":327592},{"id":151917,"n":"Kinder chocolat Moulage Coccinelle - 36g","p":2.17,"u":"60,28 €/KG","img":"https://fd16-photos.leclercdrive.fr/image.ashx?id=2077769&use=l&cat=p&typeid=i","cat":327592},{"id":151918,"n":"Kinder chocolat Moulage Grenouille - 36g","p":2.17,"u":"60,28 €/KG","img":"https://fd16-photos.leclercdrive.fr/image.ashx?id=2077772&use=l&cat=p&typeid=i","cat":327592},{"id":152001,"n":"Gnocchi à poêler Roll Lustucru  300g","p":1.73,"u":"5,77 €/KG","img":"https://fd16-photos.leclercdrive.fr/image.ashx?id=2792408&use=l&cat=p&typeid=i","cat":333682},{"id":152002,"n":"Gouter fourré P'tit Déli Vanille - 295g","p":1.22,"u":"4,14 €/KG","img":"https://fd16-photos.leclercdrive.fr/image.ashx?id=2399138&use=l&cat=p&typeid=i","cat":284489},{"id":152041,"n":"Déodorant bille bio BionaÏa Eau coco/Aloe Vera - 50ml","p":1.35,"u":"27,00 €/L","img":"https://fd16-photos.leclercdrive.fr/image.ashx?id=2496964&use=l&cat=p&typeid=i","cat":284595},{"id":152042,"n":"Déodorant bille bio BionaÏa A la rose/aloe vera - 50ml","p":1.35,"u":"27,00 €/L","img":"https://fd16-photos.leclercdrive.fr/image.ashx?id=2481240&use=l&cat=p&typeid=i","cat":284595},{"id":152043,"n":"Déodorant bio BionaÏa 100ml","p":1.8,"u":"18,00 €/L","img":"https://fd16-photos.leclercdrive.fr/image.ashx?id=2075272&use=l&cat=p&typeid=i","cat":284595},{"id":152051,"n":"Détachant avant lavage Texil 400ml","p":1.85,"u":"4,63 €/L","img":"https://fd16-photos.leclercdrive.fr/image.ashx?id=2988126&use=l&cat=p&typeid=i","cat":284651},{"id":152053,"n":"Adoucissant Hyperdou Pêche x30 - 750ml","p":1.58,"u":"2,11 €/L","img":"https://fd16-photos.leclercdrive.fr/image.ashx?id=2614518&use=l&cat=p&typeid=i","cat":284650},{"id":152054,"n":"Adoucissant Hyperdou Vanille x30 - 750ml","p":1.99,"u":"2,65 €/L","img":"https://fd16-photos.leclercdrive.fr/image.ashx?id=2614521&use=l&cat=p&typeid=i","cat":284650},{"id":152345,"n":"Crème nuit L'Oréal Paris Age perfect Golden Age - 50ml","p":11.97,"pp":7.9,"u":"158,00 €/L","img":"https://fd16-photos.leclercdrive.fr/image.ashx?id=2860358&use=l&cat=p&typeid=i","cat":325345},{"id":152349,"n":"Sérum nuit anti-âge L'Oréal Revitalift Rétinol Pur - 30ml","p":15.08,"u":"502,67 €/L","img":"https://fd16-photos.leclercdrive.fr/image.ashx?id=2867530&use=l&cat=p&typeid=i","cat":325345},{"id":152414,"n":"Crème hydratante Scholl Adoucissante - 75ml","p":4.75,"u":"63,33 €/L","img":"https://fd16-photos.leclercdrive.fr/image.ashx?id=2980884&use=l&cat=p&typeid=i","cat":325354},{"id":152422,"n":"Coupe-ongles Scholl 1 pièce","p":5.98,"img":"https://fd16-photos.leclercdrive.fr/image.ashx?id=2981295&use=l&cat=p&typeid=i","cat":284630},{"id":152459,"n":"Eau minérale naturelle Volvic 6x1L","p":2.92,"u":"0,49 €/L","img":"https://fd16-photos.leclercdrive.fr/image.ashx?id=2906076&use=l&cat=p&typeid=i","cat":284535},{"id":152473,"n":"Billes Chocolat au Lait KitKat Sachet - 400g","p":6.0,"u":"15,00 €/KG","img":"https://fd16-photos.leclercdrive.fr/image.ashx?id=2807087&use=l&cat=p&typeid=i","cat":304238},{"id":152503,"n":"Moelleux Ker Cadélac Gros éclats de chocolat - 500g","p":2.83,"u":"5,66 €/KG","img":"https://fd16-photos.leclercdrive.fr/image.ashx?id=2164861&use=l&cat=p&typeid=i","cat":294776},{"id":152506,"n":"Boisson avoine Bio Bjorg Sans sucres - 1L","p":2.31,"u":"2,31 €/L","img":"https://fd16-photos.leclercdrive.fr/image.ashx?id=2939454&use=l&cat=p&typeid=i","cat":316067},{"id":152576,"n":"Crêpes 1/2 lune Eco+ Jambon emmental - x20 - 1kg","p":2.31,"u":"2,31 €/KG","img":"https://fd16-photos.leclercdrive.fr/image.ashx?id=2698144&use=l&cat=p&typeid=i","cat":319776},{"id":152595,"n":"Barres chocolat Toblerone Chocolat au lait - 3x100g","p":5.06,"u":"16,87 €/KG","img":"https://fd16-photos.leclercdrive.fr/image.ashx?id=2078241&use=l&cat=p&typeid=i","cat":284498},{"id":152608,"n":"Mayonnaise de Dijon Amora 5 ingrédients - 400g","p":2.96,"u":"7,40 €/KG","img":"https://fd16-photos.leclercdrive.fr/image.ashx?id=3005392&use=l&cat=p&typeid=i","cat":298295},{"id":152612,"n":"Pasta Box Sodebo Fusilli à la Carbonara - 330g","p":2.5,"u":"7,58 €/KG","img":"https://fd16-photos.leclercdrive.fr/image.ashx?id=2919781&use=l&cat=p&typeid=i","cat":334983},{"id":152614,"n":"Pâtes collerettes Lustucru 3 min - 500g","p":1.48,"u":"2,96 €/KG","img":"https://fd16-photos.leclercdrive.fr/image.ashx?id=2108444&use=l&cat=p&typeid=i","cat":284427},{"id":152617,"n":"Happy Cherry Haribo Sachet bonbons - 220g","p":2.08,"u":"9,45 €/KG","img":"https://fd16-photos.leclercdrive.fr/image.ashx?id=2984901&use=l&cat=p&typeid=i","cat":304250},{"id":152651,"n":"Pansements Mercurochrome Coricide - x12","p":5.66,"u":"0,47 €/P","img":"https://fd16-photos.leclercdrive.fr/image.ashx?id=2663968&use=l&cat=p&typeid=i","cat":284630},{"id":152682,"n":"Bière Cherry Chouffe 75cl","p":4.49,"u":"5,99 €/L","img":"https://fd16-photos.leclercdrive.fr/image.ashx?id=3009050&use=l&cat=p&typeid=i","cat":334872},{"id":152684,"n":"Bière Duvel Triple hop 75cl","p":5.65,"u":"7,53 €/L","img":"https://fd16-photos.leclercdrive.fr/image.ashx?id=2089592&use=l&cat=p&typeid=i","cat":334872},{"id":152736,"n":"Camembert Le Rustique Extra coulant - 240g","p":3.5,"u":"14,58 €/KG","img":"https://fd16-photos.leclercdrive.fr/image.ashx?id=2797479&use=l&cat=p&typeid=i","cat":314033},{"id":152774,"n":"Sauce Algérienne Heinz - 220g","p":1.81,"u":"8,23 €/KG","img":"https://fd16-photos.leclercdrive.fr/image.ashx?id=2926846&use=l&cat=p&typeid=i","cat":318431},{"id":152940,"n":"Soin Mercurochrome ongles âbimés - 1 pièce","p":11.97,"img":"https://fd16-photos.leclercdrive.fr/image.ashx?id=2663995&use=l&cat=p&typeid=i","cat":284630},{"id":152954,"n":"Canettes Coca-cola Boite - 18+2 offertes 20x33cl","p":11.97,"u":"1,81 €/L","img":"https://fd16-photos.leclercdrive.fr/image.ashx?id=3009002&use=l&cat=p&typeid=i","cat":284530},{"id":152955,"n":"Canettes Coca-Cola Sans sucre - 2 offerts - 20x33cl","p":9.69,"u":"1,47 €/L","img":"https://fd16-photos.leclercdrive.fr/image.ashx?id=3009005&use=l&cat=p&typeid=i","cat":284530},{"id":153151,"n":"Jambon Supérieur Fleury Michon sans nitrite x4 - 140g","p":2.17,"u":"15,50 €/KG","img":"https://fd16-photos.leclercdrive.fr/image.ashx?id=2889475&use=l&cat=p&typeid=i","cat":316009},{"id":153152,"n":"Jambon Supérieur Fleury Michon sans nitrite x2 - 70g","p":1.84,"u":"26,29 €/KG","img":"https://fd16-photos.leclercdrive.fr/image.ashx?id=2889472&use=l&cat=p&typeid=i","cat":316009},{"id":153158,"n":"Jambon Simplement Bon Fleury  Michon -25% de sel - x6 - 210g","p":3.18,"u":"15,14 €/KG","img":"https://fd16-photos.leclercdrive.fr/image.ashx?id=2842696&use=l&cat=p&typeid=i","cat":316009},{"id":153164,"n":"Jambon  Simplement Bon Fleury  Michon x4 - 160g","p":2.17,"u":"13,56 €/KG","img":"https://fd16-photos.leclercdrive.fr/image.ashx?id=2843147&use=l&cat=p&typeid=i","cat":316009},{"id":153166,"n":"Jambon Simplement Bon Fleury Michon - x6 - 240g","p":2.63,"u":"10,96 €/KG","img":"https://fd16-photos.leclercdrive.fr/image.ashx?id=2843150&use=l&cat=p&typeid=i","cat":316009},{"id":153229,"n":"Mayonnaise de Dijon Amora Tube - 175g","p":1.54,"u":"8,80 €/KG","img":"https://fd16-photos.leclercdrive.fr/image.ashx?id=2082711&use=l&cat=p&typeid=i","cat":298295},{"id":153241,"n":"Blanc de poulet Fleury Michon doré au four - x8 - 240g","p":2.31,"u":"9,63 €/KG","img":"https://fd16-photos.leclercdrive.fr/image.ashx?id=2962845&use=l&cat=p&typeid=i","cat":316010},{"id":153242,"n":"Ketchup Amora  468g","p":2.14,"u":"4,57 €/KG","img":"https://fd16-photos.leclercdrive.fr/image.ashx?id=2766628&use=l&cat=p&typeid=i","cat":284455},{"id":153248,"n":"Rôti de porc Fleury Michon Extra tendre - x4 - 160g","p":2.95,"u":"18,44 €/KG","img":"https://fd16-photos.leclercdrive.fr/image.ashx?id=2314050&use=l&cat=p&typeid=i","cat":316009},{"id":153328,"n":"Gâteaux fourrés Napolitain LU Chocolat - 180g","p":1.53,"u":"8,50 €/KG","img":"https://fd16-photos.leclercdrive.fr/image.ashx?id=3002225&use=l&cat=p&typeid=i","cat":284495},{"id":153370,"n":"Piles alcalines LR20 x4","p":1.96,"u":"0,49 €/P","img":"https://fd16-photos.leclercdrive.fr/image.ashx?id=2102977&use=l&cat=p&typeid=i","cat":300572},{"id":153967,"n":"Changes bébé Lotus Baby T2 Douceur naturelle 3/6kg - x45","p":14.9,"u":"0,33 €/P","img":"https://fd16-photos.leclercdrive.fr/image.ashx?id=2909206&use=l&cat=p&typeid=i","cat":284737},{"id":154629,"n":"Bière Blonde Leffe 6,6% - 20x25cl","p":15.19,"u":"3,04 €/L","img":"https://fd16-photos.leclercdrive.fr/image.ashx?id=2995427&use=l&cat=p&typeid=i","cat":334852},{"id":154631,"n":"Boisson multifruits Jafun Format poche - 10x20Cl","p":3.2,"u":"1,60 €/L","img":"https://fd16-photos.leclercdrive.fr/image.ashx?id=2992561&use=l&cat=p&typeid=i","cat":284524},{"id":155114,"n":"Bicarbonate de soude Mousse de lin tradition - 1kg","p":3.6,"u":"3,60 €/KG","img":"https://fd16-photos.leclercdrive.fr/image.ashx?id=2336521&use=l&cat=p&typeid=i","cat":325365},{"id":155123,"n":"Biscuits fourrés  BN Fraises - 285g","p":1.36,"u":"4,77 €/KG","img":"https://fd16-photos.leclercdrive.fr/image.ashx?id=2878804&use=l&cat=p&typeid=i","cat":284489},{"id":155134,"n":"Knacki original Herta x4 - 140g","p":1.36,"u":"9,71 €/KG","img":"https://fd16-photos.leclercdrive.fr/image.ashx?id=2289840&use=l&cat=p&typeid=i","cat":316012},{"id":155198,"n":"Rôti de porc Fleury Michon Sans nitrite - x6 - 180g","p":3.36,"u":"18,67 €/KG","img":"https://fd16-photos.leclercdrive.fr/image.ashx?id=2335478&use=l&cat=p&typeid=i","cat":316009},{"id":155207,"n":"Bière blonde Anosteké prestige 8° - 33cl","p":2.3,"u":"6,97 €/L","img":"https://fd16-photos.leclercdrive.fr/image.ashx?id=2102287&use=l&cat=p&typeid=i","cat":334872},{"id":155282,"n":"Masques chirurgicaux Primoplast Français - x50","p":1.99,"u":"0,04 €/P","img":"https://fd16-photos.leclercdrive.fr/image.ashx?id=2856603&use=l&cat=p&typeid=i","cat":284630},{"id":155295,"n":"Préparation Cookies alsa Pépites de Chocolat - 240g","p":2.19,"u":"9,13 €/KG","img":"https://fd16-photos.leclercdrive.fr/image.ashx?id=2996446&use=l&cat=p&typeid=i","cat":284505},{"id":155301,"n":"Biscuit BN chocolat 285g","p":1.36,"u":"4,77 €/KG","img":"https://fd16-photos.leclercdrive.fr/image.ashx?id=2810705&use=l&cat=p&typeid=i","cat":284488},{"id":155302,"n":"Biscuits BN casse croute 400g","p":1.42,"u":"3,55 €/KG","img":"https://fd16-photos.leclercdrive.fr/image.ashx?id=2503900&use=l&cat=p&typeid=i","cat":284491},{"id":155352,"n":"Piles alcalines Eco+ LR14/C x6","p":2.95,"img":"https://fd16-photos.leclercdrive.fr/image.ashx?id=2102974&use=l&cat=p&typeid=i","cat":300572},{"id":155448,"n":"Gâche tranchée Pasquier 500g","p":2.42,"u":"4,84 €/KG","img":"https://fd16-photos.leclercdrive.fr/image.ashx?id=2650516&use=l&cat=p&typeid=i","cat":284478},{"id":155770,"n":"Cuvette carrée Nelly Ficelle - 10L","p":3.99,"img":"https://fd16-photos.leclercdrive.fr/image.ashx?id=2132220&use=l&cat=p&typeid=i","cat":335909},{"id":155771,"n":"Cuvette ronde ficelle Homeside 10L - 1 pièce","p":3.25,"img":"https://fd16-photos.leclercdrive.fr/image.ashx?id=2132223&use=l&cat=p&typeid=i","cat":335909},{"id":155772,"n":"Spray Détachant à Sec Vanish  500ml","p":5.56,"u":"11,12 €/L","img":"https://fd16-photos.leclercdrive.fr/image.ashx?id=2680410&use=l&cat=p&typeid=i","cat":284651},{"id":155776,"n":"Shampoing Le Petit Marseillais  Calendula & coco - 250ml","p":2.15,"u":"8,60 €/L","img":"https://fd16-photos.leclercdrive.fr/image.ashx?id=2684173&use=l&cat=p&typeid=i","cat":284606},{"id":155792,"n":"Compote bébé Blédina 4-6 mois Pomme coing - 4x130g","p":2.76,"u":"5,31 €/KG","img":"https://fd16-photos.leclercdrive.fr/image.ashx?id=2911205&use=l&cat=p&typeid=i","cat":312387},{"id":155793,"n":"Compote bébé Blédina 4-6 mois Pomme pruneau - 4x130g","p":2.83,"u":"5,44 €/KG","img":"https://fd16-photos.leclercdrive.fr/image.ashx?id=2911202&use=l&cat=p&typeid=i","cat":312387},{"id":155795,"n":"Soda Coca-Cola - SANS SUCRES Canette - 6x33cl","p":3.35,"u":"1,69 €/L","img":"https://fd16-photos.leclercdrive.fr/image.ashx?id=2736805&use=l&cat=p&typeid=i","cat":284530},{"id":155816,"n":"Compote avec morceaux Andros Framboise - 4x100g","p":2.58,"u":"6,45 €/KG","img":"https://fd16-photos.leclercdrive.fr/image.ashx?id=2908201&use=l&cat=p&typeid=i","cat":284416},{"id":155819,"n":"Yaourt brassé Perle de Lait Saveur Amande - 4x125g","p":2.07,"u":"4,14 €/KG","img":"https://fd16-photos.leclercdrive.fr/image.ashx?id=2939655&use=l&cat=p&typeid=i","cat":286006},{"id":155820,"n":"Salade Batavia verte 1p","p":1.29,"img":"https://fd16-photos.leclercdrive.fr/image.ashx?id=1633577&use=l&cat=p&typeid=i","cat":284352},{"id":155828,"n":"Chou rouge 1p","p":2.0,"img":"https://fd16-photos.leclercdrive.fr/image.ashx?id=560850&use=l&cat=p&typeid=i","cat":284352},{"id":155829,"n":"Salade laitue verte 1p","p":1.29,"img":"https://fd16-photos.leclercdrive.fr/image.ashx?id=1633040&use=l&cat=p&typeid=i","cat":284352},{"id":155833,"n":"Feuille de chêne rouge 1p","p":1.29,"img":"https://fd16-photos.leclercdrive.fr/image.ashx?id=1633670&use=l&cat=p&typeid=i","cat":284352},{"id":155900,"n":"Boisson aux Fruits Jafun Tropical - 10x20cl","p":3.2,"u":"1,60 €/L","img":"https://fd16-photos.leclercdrive.fr/image.ashx?id=2992567&use=l&cat=p&typeid=i","cat":295018},{"id":155914,"n":"Spatule trendy x1","p":3.9,"img":"https://fd16-photos.leclercdrive.fr/image.ashx?id=2118102&use=l&cat=p&typeid=i","cat":334135},{"id":155918,"n":"Rouleau avec poignées articulées - bois - x1","p":2.49,"img":"https://fd16-photos.leclercdrive.fr/image.ashx?id=2118081&use=l&cat=p&typeid=i","cat":334135},{"id":155965,"n":"Tasse en verre 33cl","p":2.0,"img":"https://fd16-photos.leclercdrive.fr/image.ashx?id=2118036&use=l&cat=p&typeid=i","cat":334134},{"id":155992,"n":"Moule 12 madeleines aluminium 35cmx27cm","p":5.5,"img":"https://fd16-photos.leclercdrive.fr/image.ashx?id=2833038&use=l&cat=p&typeid=i","cat":298490},{"id":155996,"n":"Bouchons collerette Homeside - x1","p":1.9,"img":"https://fd16-photos.leclercdrive.fr/image.ashx?id=2118075&use=l&cat=p&typeid=i","cat":334135},{"id":156020,"n":"Soda Sprite Canette - 6x33cl","p":3.53,"u":"1,78 €/L","img":"https://fd16-photos.leclercdrive.fr/image.ashx?id=2973994&use=l&cat=p&typeid=i","cat":284531},{"id":156067,"n":"Soda Coca-Cola Canette - 6x33cl","p":4.22,"u":"2,13 €/L","img":"https://fd16-photos.leclercdrive.fr/image.ashx?id=2997229&use=l&cat=p&typeid=i","cat":284530},{"id":156140,"n":"Soda Fanta Mangue fruit du dragon canettes - 6x33cl","p":3.37,"u":"1,70 €/L","img":"https://fd16-photos.leclercdrive.fr/image.ashx?id=2996118&use=l&cat=p&typeid=i","cat":284532},{"id":156141,"n":"Soda Fanta citron frappé canettes - 6x33cl","p":3.28,"u":"1,66 €/L","img":"https://fd16-photos.leclercdrive.fr/image.ashx?id=2660212&use=l&cat=p&typeid=i","cat":284532},{"id":156145,"n":"Thé glacé Fuze tea Saveur pêche - 1,75L","p":1.93,"u":"1,10 €/L","img":"https://fd16-photos.leclercdrive.fr/image.ashx?id=2944395&use=l&cat=p&typeid=i","cat":295019},{"id":156165,"n":"Sauce bolognaise Bolo Balls 400g","p":2.66,"u":"6,65 €/KG","img":"https://fd16-photos.leclercdrive.fr/image.ashx?id=2918571&use=l&cat=p&typeid=i","cat":287599},{"id":156174,"n":"Biscuits fourrés BN Framboise - 285g","p":1.61,"u":"5,65 €/KG","img":"https://fd16-photos.leclercdrive.fr/image.ashx?id=2474999&use=l&cat=p&typeid=i","cat":284489},{"id":156175,"n":"Doomino St Michel Chocolat - x6","p":1.93,"u":"10,72 €/KG","img":"https://fd16-photos.leclercdrive.fr/image.ashx?id=2949979&use=l&cat=p&typeid=i","cat":284495},{"id":156190,"n":"Joker 30% Moins Sucré Orange sans pulpe - 0,9L","p":2.23,"u":"2,48 €/L","img":"https://fd16-photos.leclercdrive.fr/image.ashx?id=3001296&use=l&cat=p&typeid=i","cat":284521},{"id":156193,"n":"Farine blé T45 Francine 750g","p":1.45,"u":"1,93 €/KG","img":"https://fd16-photos.leclercdrive.fr/image.ashx?id=2989141&use=l&cat=p&typeid=i","cat":284503},{"id":156199,"n":"Bière ambrée Kwak 8,4° - 6x33cl","p":12.95,"u":"6,54 €/L","img":"https://fd16-photos.leclercdrive.fr/image.ashx?id=2677504&use=l&cat=p&typeid=i","cat":334872},{"id":156200,"n":"Wraps Old El Paso de blé nature format familial x10 - 580g","p":3.87,"u":"6,67 €/KG","img":"https://fd16-photos.leclercdrive.fr/image.ashx?id=2745352&use=l&cat=p&typeid=i","cat":288993},{"id":156223,"n":"Croquette Truite One Sterilcat Indoor formula","p":14.22,"u":"4,74 €/KG","img":"https://fd16-photos.leclercdrive.fr/image.ashx?id=2488076&use=l&cat=p&typeid=i","cat":284680},{"id":156229,"n":"Repas Purina One Spécial chat stérilisé - 680g","p":4.11,"u":"6,04 €/KG","img":"https://fd16-photos.leclercdrive.fr/image.ashx?id=2899725&use=l&cat=p&typeid=i","cat":285286},{"id":156271,"n":"Smarties Hexatube Bonbons Chocolat - 6x34g","p":2.79,"u":"13,68 €/KG","img":"https://fd16-photos.leclercdrive.fr/image.ashx?id=2917690&use=l&cat=p&typeid=i","cat":304238},{"id":156339,"n":"Café solubleL'Or Classique Sticks - 235g","p":6.73,"u":"46,74 €/KG","img":"https://fd16-photos.leclercdrive.fr/image.ashx?id=2115929&use=l&cat=p&typeid=i","cat":284843},{"id":156342,"n":"Fromage le Coq  125g","p":2.87,"u":"22,96 €/KG","img":"https://fd16-photos.leclercdrive.fr/image.ashx?id=2985315&use=l&cat=p&typeid=i","cat":314032},{"id":156359,"n":"Crottin de chèvre Rians 3+1 offert - 240g","p":3.9,"u":"16,25 €/KG","img":"https://fd16-photos.leclercdrive.fr/image.ashx?id=2557951&use=l&cat=p&typeid=i","cat":314031},{"id":156428,"n":"Friandises chien Pedigree Schmackos volaille x20 - 144g","p":2.24,"u":"15,56 €/KG","img":"https://fd16-photos.leclercdrive.fr/image.ashx?id=2850174&use=l&cat=p&typeid=i","cat":294527},{"id":156493,"n":"Petit pot bébé Blédina 6 mois  Légumes bœuf - 2x200g","p":2.18,"u":"5,45 €/KG","img":"https://fd16-photos.leclercdrive.fr/image.ashx?id=2968091&use=l&cat=p&typeid=i","cat":312236},{"id":156495,"n":"Petit pot bébé Blédina 6 mois Légumes lieu - 2x200g","p":1.82,"u":"4,55 €/KG","img":"https://fd16-photos.leclercdrive.fr/image.ashx?id=2935771&use=l&cat=p&typeid=i","cat":312236},{"id":156497,"n":"Petit pot bébé Blédina 8 mois Riz ratatouille poisson -2x200g","p":2.17,"u":"5,43 €/KG","img":"https://fd16-photos.leclercdrive.fr/image.ashx?id=2911208&use=l&cat=p&typeid=i","cat":312236},{"id":156498,"n":"Compote bébé Blédina 4-6 mois Pomme poire - 4x130g","p":2.7,"u":"5,19 €/KG","img":"https://fd16-photos.leclercdrive.fr/image.ashx?id=2911873&use=l&cat=p&typeid=i","cat":312387},{"id":156499,"n":"Petit pot bébé Blédina 8 mois Légumes poulet - 2x200g","p":2.06,"u":"5,15 €/KG","img":"https://fd16-photos.leclercdrive.fr/image.ashx?id=2935765&use=l&cat=p&typeid=i","cat":312236},{"id":156501,"n":"Petit pot bébé Blédina 6 mois Légumes jambon - 2x200g","p":2.15,"u":"5,38 €/KG","img":"https://fd16-photos.leclercdrive.fr/image.ashx?id=2948767&use=l&cat=p&typeid=i","cat":312236},{"id":156503,"n":"Petit pot bébé Blédina 6 mois  Légumes verts poulet - 2x200g","p":2.19,"u":"5,48 €/KG","img":"https://fd16-photos.leclercdrive.fr/image.ashx?id=2983063&use=l&cat=p&typeid=i","cat":312236},{"id":156527,"n":"Capsules Starbucks by Nespresso  Blonde Espresso Int 6 - x18","p":6.05,"u":"64,36 €/KG","img":"https://fd16-photos.leclercdrive.fr/image.ashx?id=2668177&use=l&cat=p&typeid=i","cat":284749},{"id":156528,"n":"Petit pot bébé Blédina 4-6 mois Carotte - 2x130g","p":1.23,"u":"4,73 €/KG","img":"https://fd16-photos.leclercdrive.fr/image.ashx?id=2911870&use=l&cat=p&typeid=i","cat":312234},{"id":156538,"n":"Compote bébé Blédina 6 mois  Aux fruits - 4x130g","p":2.75,"u":"5,29 €/KG","img":"https://fd16-photos.leclercdrive.fr/image.ashx?id=2911196&use=l&cat=p&typeid=i","cat":312388},{"id":156540,"n":"Petit pot bébé Blédina 6 mois Patate douce carotte-2x200g","p":1.98,"u":"4,95 €/KG","img":"https://fd16-photos.leclercdrive.fr/image.ashx?id=2951617&use=l&cat=p&typeid=i","cat":312235},{"id":156541,"n":"Petit pot bébé Blédina 6 mois Purée de panais dinde - 2x200g","p":2.11,"u":"5,28 €/KG","img":"https://fd16-photos.leclercdrive.fr/image.ashx?id=2951611&use=l&cat=p&typeid=i","cat":312236},{"id":156563,"n":"Petit pot bébé Blédina 6 mois Purée carotte jambon - 2x200g","p":2.13,"u":"5,33 €/KG","img":"https://fd16-photos.leclercdrive.fr/image.ashx?id=2935762&use=l&cat=p&typeid=i","cat":312236},{"id":156564,"n":"Petit pot bébé Blédina 6 mois Riz tomate poulet - 2x200g","p":2.02,"u":"5,05 €/KG","img":"https://fd16-photos.leclercdrive.fr/image.ashx?id=2951614&use=l&cat=p&typeid=i","cat":312236},{"id":156622,"n":"Bière Leffe Ruby sans alcool 0,0% - 6x25cl","p":5.07,"u":"3,38 €/L","img":"https://fd16-photos.leclercdrive.fr/image.ashx?id=2548312&use=l&cat=p&typeid=i","cat":334877},{"id":157530,"n":"Cahier grands carreaux Esquisse Bleu - 48 pages - 17x22cm","p":0.99,"img":"https://fd16-photos.leclercdrive.fr/image.ashx?id=2131407&use=l&cat=p&typeid=i","cat":284697},{"id":157531,"n":"Cahier grands carreaux Esquisse Rouge - 48 pages - 17x22cm","p":0.99,"img":"https://fd16-photos.leclercdrive.fr/image.ashx?id=2131410&use=l&cat=p&typeid=i","cat":284697},{"id":157532,"n":"Cahier grands carreaux Esquisse Vert - 48 pages -17x22cm","p":0.99,"img":"https://fd16-photos.leclercdrive.fr/image.ashx?id=2131413&use=l&cat=p&typeid=i","cat":284697},{"id":157533,"n":"Cahier grands carreaux Esquisse Jaune - 48 pages -17x22cm","p":0.99,"img":"https://fd16-photos.leclercdrive.fr/image.ashx?id=2131416&use=l&cat=p&typeid=i","cat":284697},{"id":157590,"n":"Bière Jenlain triple 8.5° - 75cl","p":3.74,"u":"4,99 €/L","img":"https://fd16-photos.leclercdrive.fr/image.ashx?id=2732854&use=l&cat=p&typeid=i","cat":334872},{"id":157611,"n":"Bière blonde La Bête 8° - 75cl","p":4.29,"u":"5,72 €/L","img":"https://fd16-photos.leclercdrive.fr/image.ashx?id=3011242&use=l&cat=p&typeid=i","cat":334872},{"id":157638,"n":"Mon plateau apéro Gourmets charcutiers - 240g","p":6.0,"u":"25,00 €/KG","img":"https://fd16-photos.leclercdrive.fr/image.ashx?id=2123782&use=l&cat=p&typeid=i","cat":316007},{"id":157643,"n":"Sandwich Mega Club Sodebo  Pain Suédois Poulet Œuf - 230g","p":2.7,"u":"11,74 €/KG","img":"https://fd16-photos.leclercdrive.fr/image.ashx?id=2962542&use=l&cat=p&typeid=i","cat":333658},{"id":157655,"n":"Crème main Le Petit Marseillais Réparation - Karité - 75ml","p":2.07,"u":"27,60 €/L","img":"https://fd16-photos.leclercdrive.fr/image.ashx?id=2901893&use=l&cat=p&typeid=i","cat":325354},{"id":157737,"n":"Lingettes Démaquillantes Nivea Peaux Sèches - x20","p":2.34,"u":"0,12 €/P","img":"https://fd16-photos.leclercdrive.fr/image.ashx?id=3005227&use=l&cat=p&typeid=i","cat":284603},{"id":158136,"n":"Jus multifruits nectar Jafaden Sans sucres ajoutés - 1L","p":1.79,"u":"1,79 €/L","img":"https://fd16-photos.leclercdrive.fr/image.ashx?id=2956780&use=l&cat=p&typeid=i","cat":284917},{"id":158143,"n":"Bière menthe Desperados Virgin Mojito - 00%vol - 3x33cl","p":4.17,"u":"4,21 €/L","img":"https://fd16-photos.leclercdrive.fr/image.ashx?id=2975164&use=l&cat=p&typeid=i","cat":334877},{"id":158145,"n":"Bière agrumes Desperados Virgin 0%vol - 6x33cl","p":7.45,"u":"3,76 €/L","img":"https://fd16-photos.leclercdrive.fr/image.ashx?id=2767519&use=l&cat=p&typeid=i","cat":334877},{"id":158287,"n":"Galette Trégalette Saumon crème ciboulette - 200g","p":3.05,"u":"15,25 €/KG","img":"https://fd16-photos.leclercdrive.fr/image.ashx?id=2560146&use=l&cat=p&typeid=i","cat":333672},{"id":158316,"n":"Stick lèvres Dermophil Réparateur Protecteur- 2 pièces","p":7.09,"u":"443,13 €/KG","img":"https://fd16-photos.leclercdrive.fr/image.ashx?id=2939772&use=l&cat=p&typeid=i","cat":285485},{"id":158363,"n":"Crème Douche Surgras Bio Cadum Karité - 500ml","p":2.35,"u":"4,70 €/L","img":"https://fd16-photos.leclercdrive.fr/image.ashx?id=2575630&use=l&cat=p&typeid=i","cat":284594},{"id":158374,"n":"Shampoing Le Petit Marseillais  Thym & the vert - 250ml","p":1.95,"u":"7,80 €/L","img":"https://fd16-photos.leclercdrive.fr/image.ashx?id=2684176&use=l&cat=p&typeid=i","cat":284606},{"id":158525,"n":"Crème dessert Délisse Edition limitée - 4x125g","p":1.29,"u":"2,58 €/KG","img":"https://fd16-photos.leclercdrive.fr/image.ashx?id=2762404&use=l&cat=p&typeid=i","cat":285041},{"id":158569,"n":"Blanc de poulet Tradilège Sans nitrite - 4 Tranches 120g","p":1.45,"u":"12,08 €/KG","img":"https://fd16-photos.leclercdrive.fr/image.ashx?id=2970480&use=l&cat=p&typeid=i","cat":316010},{"id":158575,"n":"Single malt Scotch Glenfiddich Tripple Oak 40%vol - 70cl 12ans","p":32.53,"u":"46,47 €/L","img":"https://fd16-photos.leclercdrive.fr/image.ashx?id=2131596&use=l&cat=p&typeid=i","cat":284547},{"id":158621,"n":"Soda Schweppes Ginger Beer - 1L","p":1.79,"u":"1,79 €/L","img":"https://fd16-photos.leclercdrive.fr/image.ashx?id=2876233&use=l&cat=p&typeid=i","cat":284532},{"id":158649,"n":"Lait céréales Blédidej 12 mois Biscuité vanille - 500ml","p":1.88,"u":"3,76 €/KG","img":"https://fd16-photos.leclercdrive.fr/image.ashx?id=2503728&use=l&cat=p&typeid=i","cat":312226},{"id":158684,"n":"Bière blanche Affligem 6x25cl - 4.8%vol","p":5.25,"u":"3,50 €/L","img":"https://fd16-photos.leclercdrive.fr/image.ashx?id=2762055&use=l&cat=p&typeid=i","cat":334878},{"id":158732,"n":"Pâte à Tartiner Façon Rocher Sans Huile De Palme - 550g","p":6.12,"u":"11,13 €/KG","img":"https://fd16-photos.leclercdrive.fr/image.ashx?id=3010242&use=l&cat=p&typeid=i","cat":284481},{"id":158784,"n":"Petit pot bébé Blédina 8 mois Légumes viande poisson - 8x200g","p":7.67,"u":"4,79 €/KG","img":"https://fd16-photos.leclercdrive.fr/image.ashx?id=2935777&use=l&cat=p&typeid=i","cat":312236},{"id":158797,"n":"Lait céréales Blédidej 12 mois Chocolat - 500ml","p":1.81,"u":"3,62 €/L","img":"https://fd16-photos.leclercdrive.fr/image.ashx?id=2479042&use=l&cat=p&typeid=i","cat":312226},{"id":158803,"n":"Rotella Haribo Sachet bonbons réglisse - 300g","p":1.39,"u":"4,63 €/KG","img":"https://fd16-photos.leclercdrive.fr/image.ashx?id=2982402&use=l&cat=p&typeid=i","cat":304250},{"id":158837,"n":"Céréales Chocapic Nestlé Pack 6x30g","p":2.63,"u":"14,61 €/KG","img":"https://fd16-photos.leclercdrive.fr/image.ashx?id=2995436&use=l&cat=p&typeid=i","cat":309513},{"id":158845,"n":"Compote bébé Blédina 4-6 mois Pomme pêche - 4x130g","p":2.83,"u":"5,44 €/KG","img":"https://fd16-photos.leclercdrive.fr/image.ashx?id=2911199&use=l&cat=p&typeid=i","cat":312387},{"id":158955,"n":"Gambas royales rouges Gimbert - 400g","p":10.95,"u":"27,38 €/KG","img":"https://fd16-photos.leclercdrive.fr/image.ashx?id=2879080&use=l&cat=p&typeid=i","cat":319787},{"id":158966,"n":"Rainbow Pik Haribo  Sachet bonbons acidulés - 200g","p":1.42,"u":"7,10 €/KG","img":"https://fd16-photos.leclercdrive.fr/image.ashx?id=2982408&use=l&cat=p&typeid=i","cat":304250},{"id":158970,"n":"Sauce Tomacouli Panzani - 200G","p":0.73,"u":"3,65 €/KG","img":"https://fd16-photos.leclercdrive.fr/image.ashx?id=2872853&use=l&cat=p&typeid=i","cat":288384},{"id":158977,"n":"Tripe Paul et Louise 400g","p":2.31,"u":"5,78 €/KG","img":"https://fd16-photos.leclercdrive.fr/image.ashx?id=2367565&use=l&cat=p&typeid=i","cat":284441},{"id":158980,"n":"Tripe Paul et Louise Catalane - 400g","p":2.17,"u":"5,43 €/KG","img":"https://fd16-photos.leclercdrive.fr/image.ashx?id=2367574&use=l&cat=p&typeid=i","cat":284441},{"id":158982,"n":"Petit pot bébé Blédina 4-6 mois Purée de poireau - 2x130g","p":1.26,"u":"4,85 €/KG","img":"https://fd16-photos.leclercdrive.fr/image.ashx?id=2911190&use=l&cat=p&typeid=i","cat":312234},{"id":159067,"n":"Bière blonde Victoria 8,5% - 75cl","p":3.55,"u":"4,73 €/L","img":"https://fd16-photos.leclercdrive.fr/image.ashx?id=2157400&use=l&cat=p&typeid=i","cat":334872},{"id":159146,"n":"Cahier de textes Eco+ Dino - 100 pages - 17x22cm","p":0.97,"img":"https://fd16-photos.leclercdrive.fr/image.ashx?id=2553950&use=l&cat=p&typeid=i","cat":334133},{"id":159192,"n":"Cahier de textes Eco+ Licorne - 100 pages - 17x22cm","p":0.97,"img":"https://fd16-photos.leclercdrive.fr/image.ashx?id=2138121&use=l&cat=p&typeid=i","cat":334133},{"id":159196,"n":"Paire de ciseaux Esquisse Rose - Bout rond 13cm x1","p":0.89,"img":"https://fd16-photos.leclercdrive.fr/image.ashx?id=2138124&use=l&cat=p&typeid=i","cat":334133},{"id":159197,"n":"Paire de ciseaux Esquisse Rouge - Bout rond 13cm x1","p":0.89,"img":"https://fd16-photos.leclercdrive.fr/image.ashx?id=2138127&use=l&cat=p&typeid=i","cat":334133},{"id":159198,"n":"Paire de ciseaux Esquisse Bleu - Bout rond 13cm x1","p":0.89,"img":"https://fd16-photos.leclercdrive.fr/image.ashx?id=2138130&use=l&cat=p&typeid=i","cat":334133},{"id":159199,"n":"Paire de ciseaux Esquisse Bleu foncé - Bout rond 13cm x1","p":0.89,"img":"https://fd16-photos.leclercdrive.fr/image.ashx?id=2138133&use=l&cat=p&typeid=i","cat":334133},{"id":159317,"n":"Pastis de Marseille Duval 45d - 2L","p":35.66,"u":"17,83 €/L","img":"https://fd16-photos.leclercdrive.fr/image.ashx?id=2873372&use=l&cat=p&typeid=i","cat":284548},{"id":159343,"n":"Whisky Aerstone Land Cask 40d - 70cl","p":22.6,"pp":18.6,"u":"26,57 €/L","img":"https://fd16-photos.leclercdrive.fr/image.ashx?id=2834728&use=l&cat=p&typeid=i","cat":284547},{"id":159352,"n":"Concentré à diluer Pulco Citron Fraise - 70cl","p":2.69,"u":"3,84 €/L","img":"https://fd16-photos.leclercdrive.fr/image.ashx?id=2687782&use=l&cat=p&typeid=i","cat":295020},{"id":159355,"n":"Whisky aerstone Sea Cask 40° - 70cl","p":22.6,"pp":18.6,"u":"26,57 €/L","img":"https://fd16-photos.leclercdrive.fr/image.ashx?id=2834725&use=l&cat=p&typeid=i","cat":284547},{"id":159364,"n":"Houmous Tables du Monde 175g","p":2.25,"u":"12,86 €/KG","img":"https://fd16-photos.leclercdrive.fr/image.ashx?id=2860079&use=l&cat=p&typeid=i","cat":315999},{"id":159423,"n":"Préparation Flan Entremets alsa Pistache - 192g","p":1.92,"u":"10,67 €/KG","img":"https://fd16-photos.leclercdrive.fr/image.ashx?id=2939181&use=l&cat=p&typeid=i","cat":284504},{"id":159448,"n":"Boisson aux fruits Jafun Pomme Cassis Framboise - 2L","p":1.49,"u":"0,75 €/L","img":"https://fd16-photos.leclercdrive.fr/image.ashx?id=2956924&use=l&cat=p&typeid=i","cat":295018},{"id":159506,"n":"Ravioli bolognaise Turini 300g","p":1.99,"u":"6,63 €/KG","img":"https://fd16-photos.leclercdrive.fr/image.ashx?id=2989709&use=l&cat=p&typeid=i","cat":333682},{"id":159513,"n":"Bière aromatisée Desquiles Ginger - 50cl","p":1.39,"u":"2,78 €/L","img":"https://fd16-photos.leclercdrive.fr/image.ashx?id=2637982&use=l&cat=p&typeid=i","cat":334853},{"id":159519,"n":"Pates fusili Côté Snack Raclette - 300g","p":1.99,"u":"6,63 €/KG","img":"https://fd16-photos.leclercdrive.fr/image.ashx?id=2613291&use=l&cat=p&typeid=i","cat":334983},{"id":159537,"n":"Essuie-tout Abso Foxy Blanc 3 plis - 2 rouleaux","p":2.13,"u":"1,07 €/P","img":"https://fd16-photos.leclercdrive.fr/image.ashx?id=2793647&use=l&cat=p&typeid=i","cat":284635},{"id":159627,"n":"Fromage Fol Epi  Originale 8 Tranches - 150g","p":2.2,"u":"14,67 €/KG","img":"https://fd16-photos.leclercdrive.fr/image.ashx?id=2456801&use=l&cat=p&typeid=i","cat":314028},{"id":159630,"n":"Pomme de terre Eco+ Epluchées - 1kg","p":1.95,"u":"1,95 €/KG","img":"https://fd16-photos.leclercdrive.fr/image.ashx?id=2699096&use=l&cat=p&typeid=i","cat":284352},{"id":159875,"n":"Bières Florida Sunrise - Desperados - 3x33cL","p":4.98,"u":"15,09 €/L","img":"https://fd16-photos.leclercdrive.fr/image.ashx?id=2977972&use=l&cat=p&typeid=i","cat":334878},{"id":159892,"n":"Petits pots bébé P'TITE RECETTE Risotto 8M+ - 2x200g","p":2.37,"u":"5,93 €/KG","img":"https://fd16-photos.leclercdrive.fr/image.ashx?id=2737132&use=l&cat=p&typeid=i","cat":312236},{"id":159897,"n":"Fromage Enfant Kiri Crème 12 portions à tartiner - 216g","p":2.85,"u":"13,19 €/KG","img":"https://fd16-photos.leclercdrive.fr/image.ashx?id=2973565&use=l&cat=p&typeid=i","cat":314030},{"id":159899,"n":"Biscuit caramel P'tit Déli Beurre salé - 120g","p":2.06,"u":"17,17 €/KG","img":"https://fd16-photos.leclercdrive.fr/image.ashx?id=2141738&use=l&cat=p&typeid=i","cat":284487},{"id":159903,"n":"Boisson aux fruits Jafun Tropical - 2L","p":1.75,"u":"0,88 €/L","img":"https://fd16-photos.leclercdrive.fr/image.ashx?id=2897835&use=l&cat=p&typeid=i","cat":295018},{"id":159942,"n":"Huile motoculture Beaux Jours 2t 100% synthèse - 2L","p":11.49,"u":"5,75 €/L","img":"https://fd16-photos.leclercdrive.fr/image.ashx?id=2297789&use=l&cat=p&typeid=i","cat":298253},{"id":159947,"n":"Huile motoculture Beaux Jours 4t - 2L","p":7.49,"u":"3,75 €/L","img":"https://fd16-photos.leclercdrive.fr/image.ashx?id=2297798&use=l&cat=p&typeid=i","cat":298253},{"id":159951,"n":"Huile tronçonneuse Beaux Jours 5L","p":16.49,"u":"3,30 €/L","img":"https://fd16-photos.leclercdrive.fr/image.ashx?id=2297804&use=l&cat=p&typeid=i","cat":298253},{"id":159956,"n":"Huile moteur Tech 9 5W30 C3 504/507 - 5L","p":34.9,"u":"6,98 €/L","img":"https://fd16-photos.leclercdrive.fr/image.ashx?id=2148776&use=l&cat=p&typeid=i","cat":298253},{"id":159958,"n":"Huile moteur Tech 9 5W40 Diesel - 5L","p":23.5,"u":"4,70 €/L","img":"https://fd16-photos.leclercdrive.fr/image.ashx?id=2148782&use=l&cat=p&typeid=i","cat":298253},{"id":159965,"n":"Capsules Starbucks by Nespresso  Colombia Int 7 - x18","p":6.05,"u":"59,90 €/KG","img":"https://fd16-photos.leclercdrive.fr/image.ashx?id=2668174&use=l&cat=p&typeid=i","cat":284749},{"id":159976,"n":"Repas Enfant Poulet Et Légumes  P'tite Recette - 2x200g","p":2.2,"u":"11,00 €/KG","img":"https://fd16-photos.leclercdrive.fr/image.ashx?id=2525723&use=l&cat=p&typeid=i","cat":312236},{"id":159985,"n":"Huile moteur Tech 9 10W40 Essence - 5L","p":18.4,"u":"3,68 €/L","img":"https://fd16-photos.leclercdrive.fr/image.ashx?id=2148770&use=l&cat=p&typeid=i","cat":298253},{"id":159986,"n":"Huile moteur Tech 9 15W40 Diesel - 2L","p":7.98,"u":"3,99 €/L","img":"https://fd16-photos.leclercdrive.fr/image.ashx?id=2162666&use=l&cat=p&typeid=i","cat":298253},{"id":159990,"n":"Huile moteur Tech 9 15W40 Essence - 5L","p":15.75,"u":"3,15 €/L","img":"https://fd16-photos.leclercdrive.fr/image.ashx?id=2162675&use=l&cat=p&typeid=i","cat":298253},{"id":159993,"n":"Huile moteur Tech 9 5W30 C4 - 5L","p":36.99,"u":"7,40 €/L","img":"https://fd16-photos.leclercdrive.fr/image.ashx?id=2148779&use=l&cat=p&typeid=i","cat":298253},{"id":160101,"n":"Yaourt brassé Perle de Lait Panaché - 8x125g","p":3.49,"u":"3,49 €/KG","img":"https://fd16-photos.leclercdrive.fr/image.ashx?id=2989222&use=l&cat=p&typeid=i","cat":286006},{"id":160143,"n":"Dessert fruitier Andros Pomme/vanille - 4x100g","p":1.42,"u":"3,55 €/KG","img":"https://fd16-photos.leclercdrive.fr/image.ashx?id=2883937&use=l&cat=p&typeid=i","cat":284416},{"id":160428,"n":"Lessive liquide fraicheur Epsil 40 lavages - 2L","p":4.6,"u":"2,30 €/L","img":"https://fd16-photos.leclercdrive.fr/image.ashx?id=2602982&use=l&cat=p&typeid=i","cat":284640},{"id":160429,"n":"Lessive liquide printemps Epsil 40 Lavages - 2L","p":4.6,"u":"2,30 €/L","img":"https://fd16-photos.leclercdrive.fr/image.ashx?id=2958347&use=l&cat=p&typeid=i","cat":284640},{"id":160430,"n":"Lessive liquide sensitive Epsil 40 lavages - 2L","p":5.99,"u":"3,00 €/L","img":"https://fd16-photos.leclercdrive.fr/image.ashx?id=2838951&use=l&cat=p&typeid=i","cat":284640},{"id":160624,"n":"Kebab volaille veau Alsalor 800g","p":10.95,"u":"13,69 €/KG","img":"https://fd16-photos.leclercdrive.fr/image.ashx?id=2159421&use=l&cat=p&typeid=i","cat":null},{"id":160625,"n":"Kebab volaille Alsalor 800g","p":10.95,"u":"13,69 €/KG","img":"https://fd16-photos.leclercdrive.fr/image.ashx?id=2153906&use=l&cat=p&typeid=i","cat":null},{"id":160821,"n":"Onion rings Pickers by McCain 350g","p":3.2,"u":"9,14 €/KG","img":"https://fd16-photos.leclercdrive.fr/image.ashx?id=2920024&use=l&cat=p&typeid=i","cat":319822},{"id":160822,"n":"Italian Pops Pickers by McCain Bouchées tomates mozza - 230g","p":3.17,"u":"13,78 €/KG","img":"https://fd16-photos.leclercdrive.fr/image.ashx?id=2911588&use=l&cat=p&typeid=i","cat":319822},{"id":160924,"n":"Portion de cheddar Les Délices d'Amélie - 200g","p":3.49,"u":"17,45 €/KG","img":"https://fd16-photos.leclercdrive.fr/image.ashx?id=2156632&use=l&cat=p&typeid=i","cat":314028},{"id":160925,"n":"Tranchettes de cheddar Les Délices d'Amélie - 200g","p":3.25,"u":"14,77 €/KG","img":"https://fd16-photos.leclercdrive.fr/image.ashx?id=2855079&use=l&cat=p&typeid=i","cat":314028},{"id":161003,"n":"Mayonnaise Bénédicta Nature - 510g","p":2.49,"u":"4,88 €/KG","img":"https://fd16-photos.leclercdrive.fr/image.ashx?id=2548225&use=l&cat=p&typeid=i","cat":298295},{"id":161007,"n":"Mayonnaise Bénédicta Nature - 400g","p":2.56,"u":"6,40 €/KG","img":"https://fd16-photos.leclercdrive.fr/image.ashx?id=2548237&use=l&cat=p&typeid=i","cat":298295},{"id":161082,"n":"Café capsules DOLCE GUSTO Starbucks vanilla macchiato 2x6","p":4.39,"u":"33,26 €/KG","img":"https://fd16-photos.leclercdrive.fr/image.ashx?id=2986912&use=l&cat=p&typeid=i","cat":293239},{"id":161098,"n":"Shampooing solide Bionaîa Cheveux normaux bio - 85g","p":2.99,"u":"35,18 €/KG","img":"https://fd16-photos.leclercdrive.fr/image.ashx?id=2835214&use=l&cat=p&typeid=i","cat":284606},{"id":161123,"n":"Boisson aux fruits Jafun Fraise Framboise - 2L","p":2.12,"u":"1,06 €/L","img":"https://fd16-photos.leclercdrive.fr/image.ashx?id=2865287&use=l&cat=p&typeid=i","cat":295018},{"id":161126,"n":"Boisson aux fruits Jafun Multifruits - 2L","p":1.99,"u":"1,00 €/L","img":"https://fd16-photos.leclercdrive.fr/image.ashx?id=2897832&use=l&cat=p&typeid=i","cat":295018},{"id":161130,"n":"Boissons à base de fruit Jafun Pêche Abricot - 2L","p":1.99,"u":"1,00 €/L","img":"https://fd16-photos.leclercdrive.fr/image.ashx?id=2865293&use=l&cat=p&typeid=i","cat":295018},{"id":161410,"n":"Pains hot dog La Fournée Dorée Brioch' x6 - 270g","p":1.91,"u":"7,07 €/KG","img":"https://fd16-photos.leclercdrive.fr/image.ashx?id=2406136&use=l&cat=p&typeid=i","cat":284985},{"id":161433,"n":"Dragibus Doypack Haribo Sachet bonbons - 220g","p":1.8,"u":"8,18 €/KG","img":"https://fd16-photos.leclercdrive.fr/image.ashx?id=2984940&use=l&cat=p&typeid=i","cat":304250},{"id":161437,"n":"Happy Cola Pik Haribo Sachet bonbons acidulés - 200g","p":2.05,"u":"10,25 €/KG","img":"https://fd16-photos.leclercdrive.fr/image.ashx?id=2984928&use=l&cat=p&typeid=i","cat":304250},{"id":161444,"n":"Déodorant Anti-Traces Grenade - Monsavon - x1","p":1.98,"img":"https://fd16-photos.leclercdrive.fr/image.ashx?id=2630847&use=l&cat=p&typeid=i","cat":284595},{"id":161499,"n":"Bière Bellerose New England IPA 75cl","p":4.81,"u":"6,41 €/L","img":"https://fd16-photos.leclercdrive.fr/image.ashx?id=2672425&use=l&cat=p&typeid=i","cat":334872},{"id":161709,"n":"Déodorant bille Men Expert Thermic Resist - 50ml","p":2.55,"u":"51,00 €/L","img":"https://fd16-photos.leclercdrive.fr/image.ashx?id=2300518&use=l&cat=p&typeid=i","cat":284618},{"id":161846,"n":"Sucre roux Tablier blanc En morceaux - 1kg","p":1.81,"u":"1,81 €/KG","img":"https://fd16-photos.leclercdrive.fr/image.ashx?id=3010437&use=l&cat=p&typeid=i","cat":284502},{"id":161865,"n":"Bière \"La Mont Noire\" Blonde - 7%vol. - 75cl","p":3.66,"u":"4,88 €/L","img":"https://fd16-photos.leclercdrive.fr/image.ashx?id=2164984&use=l&cat=p&typeid=i","cat":334872},{"id":161891,"n":"Pain burger Beau & Bon Harry's Brioché x4 - 300g","p":2.17,"u":"7,23 €/KG","img":"https://fd16-photos.leclercdrive.fr/image.ashx?id=2526830&use=l&cat=p&typeid=i","cat":325067},{"id":161911,"n":"AOP Vin Rouge Bordeaux Château Tertre de Leyle75cl","p":4.07,"u":"5,43 €/L","img":"https://fd16-photos.leclercdrive.fr/image.ashx?id=2191677&use=l&cat=p&typeid=i","cat":289556},{"id":161914,"n":"Boisson aux fruits Jafun Tropical light - 2L","p":1.39,"u":"0,70 €/L","img":"https://fd16-photos.leclercdrive.fr/image.ashx?id=2982682&use=l&cat=p&typeid=i","cat":295018},{"id":161915,"n":"Boisson tropical brick Jafun 6x20cl","p":2.19,"u":"1,83 €/L","img":"https://fd16-photos.leclercdrive.fr/image.ashx?id=2529617&use=l&cat=p&typeid=i","cat":295018},{"id":162163,"n":"Compotes Pom'Potes Gourdes  Pomme, Pomme Fraise - 12x90g","p":6.08,"u":"5,63 €/KG","img":"https://fd16-photos.leclercdrive.fr/image.ashx?id=3007927&use=l&cat=p&typeid=i","cat":284508},{"id":162271,"n":"Tablette de chocolat noir Lindt Intense 70% - 2x200g","p":6.46,"pp":4.26,"u":"10,65 €/KG","img":"https://fd16-photos.leclercdrive.fr/image.ashx?id=2208936&use=l&cat=p&typeid=i","cat":285562},{"id":162275,"n":"Sauce Pita Heinz - 230g","p":1.88,"u":"8,17 €/KG","img":"https://fd16-photos.leclercdrive.fr/image.ashx?id=2973165&use=l&cat=p&typeid=i","cat":318431},{"id":162571,"n":"Sauce apéritif Doritos Goût fromage -280g","p":2.58,"u":"9,21 €/KG","img":"https://fd16-photos.leclercdrive.fr/image.ashx?id=2170208&use=l&cat=p&typeid=i","cat":284451},{"id":162572,"n":"Sauce apéritif Doritos Goût sour cream -280g","p":2.42,"u":"8,64 €/KG","img":"https://fd16-photos.leclercdrive.fr/image.ashx?id=2167528&use=l&cat=p&typeid=i","cat":284451},{"id":162575,"n":"Maquereaux Petit Navire Vin blanc citron&romarin - 175g","p":2.28,"u":"13,49 €/KG","img":"https://fd16-photos.leclercdrive.fr/image.ashx?id=2523906&use=l&cat=p&typeid=i","cat":303868},{"id":162596,"n":"Boisson aux fruits Jafun Orange - 2L","p":1.49,"u":"0,75 €/L","img":"https://fd16-photos.leclercdrive.fr/image.ashx?id=2997961&use=l&cat=p&typeid=i","cat":295018},{"id":162597,"n":"Lait concentré Régilait Sucré demi-écrémé - 300g","p":1.69,"u":"5,63 €/KG","img":"https://fd16-photos.leclercdrive.fr/image.ashx?id=2169956&use=l&cat=p&typeid=i","cat":293236},{"id":163021,"n":"Biscuits Knoppers Lait / Noisettes - 6x25g","p":2.01,"u":"13,40 €/KG","img":"https://fd16-photos.leclercdrive.fr/image.ashx?id=2659151&use=l&cat=p&typeid=i","cat":284488},{"id":163058,"n":"Déodorant homme Axe Black Anti-transpirant 72h - 200ml","p":4.52,"u":"22,60 €/L","img":"https://fd16-photos.leclercdrive.fr/image.ashx?id=2738476&use=l&cat=p&typeid=i","cat":284618},{"id":163080,"n":"Mini Lion Nestlé Le lot de 6 paquets de 40g","p":2.6,"u":"10,83 €/KG","img":"https://fd16-photos.leclercdrive.fr/image.ashx?id=2763957&use=l&cat=p&typeid=i","cat":309513},{"id":163132,"n":"Boisson orange Jafun Brique - 6x20cl","p":2.5,"u":"2,08 €/L","img":"https://fd16-photos.leclercdrive.fr/image.ashx?id=2992582&use=l&cat=p&typeid=i","cat":284524},{"id":163133,"n":"Bière ambrée Kwak 8.4% - 75cl","p":4.6,"u":"6,13 €/L","img":"https://fd16-photos.leclercdrive.fr/image.ashx?id=2948423&use=l&cat=p&typeid=i","cat":334872},{"id":163143,"n":"Dragibus Soft Haribo Sachet bonbons - 300g","p":1.35,"u":"4,50 €/KG","img":"https://fd16-photos.leclercdrive.fr/image.ashx?id=2806123&use=l&cat=p&typeid=i","cat":304250},{"id":163145,"n":"Dragibus Original Haribo Multipack bonbons - 250g","p":1.74,"u":"6,96 €/KG","img":"https://fd16-photos.leclercdrive.fr/image.ashx?id=2984943&use=l&cat=p&typeid=i","cat":304250},{"id":163147,"n":"Bonbons Haribo Dragolo - 750g","p":4.34,"u":"5,79 €/KG","img":"https://fd16-photos.leclercdrive.fr/image.ashx?id=2803586&use=l&cat=p&typeid=i","cat":304250},{"id":163192,"n":"Hachés moelleux Eco+ x4 - 400g","p":4.75,"u":"11,88 €/KG","img":"https://fd16-photos.leclercdrive.fr/image.ashx?id=2710906&use=l&cat=p&typeid=i","cat":284332},{"id":163319,"n":"Assiettes plates Homeside 23cm rouge sans film PE - x20","p":1.96,"u":"0,10 €/P","img":"https://fd16-photos.leclercdrive.fr/image.ashx?id=2177406&use=l&cat=p&typeid=i","cat":334134},{"id":163323,"n":"Assiettes plates Homeside 23cm turquoise sans film PE-x20","p":1.96,"u":"0,10 €/P","img":"https://fd16-photos.leclercdrive.fr/image.ashx?id=2177409&use=l&cat=p&typeid=i","cat":334134},{"id":163326,"n":"Assiettes plates Homeside 23 cm noir sans film PE - x20","p":1.96,"u":"0,10 €/P","img":"https://fd16-photos.leclercdrive.fr/image.ashx?id=2177397&use=l&cat=p&typeid=i","cat":334134},{"id":163333,"n":"Assiettes plates Homeside 23 cm Bleu nuit sans film - x20","p":1.96,"img":"https://fd16-photos.leclercdrive.fr/image.ashx?id=2742321&use=l&cat=p&typeid=i","cat":334134},{"id":163336,"n":"Olives vertes dénoyautées Croc'Frais basilic - 150g","p":2.14,"u":"14,27 €/KG","img":"https://fd16-photos.leclercdrive.fr/image.ashx?id=2176347&use=l&cat=p&typeid=i","cat":316002},{"id":163343,"n":"Olives vertes dénoyautées Croc'Frais ciboulette - 150g","p":2.14,"u":"14,27 €/KG","img":"https://fd16-photos.leclercdrive.fr/image.ashx?id=2175915&use=l&cat=p&typeid=i","cat":316002},{"id":163420,"n":"Smarties Mini Bonbons Chocolats 21 boites - 315g","p":3.86,"u":"12,25 €/KG","img":"https://fd16-photos.leclercdrive.fr/image.ashx?id=2740862&use=l&cat=p&typeid=i","cat":304238},{"id":163491,"n":"Lingettes Vanish  Anti-décoloration - x51","p":8.65,"u":"0,17 €/P","img":"https://fd16-photos.leclercdrive.fr/image.ashx?id=2298721&use=l&cat=p&typeid=i","cat":290450},{"id":163525,"n":"Petit pot bébé Blédina 6 mois Haricot carotte veau - 2x200g","p":2.19,"u":"5,48 €/KG","img":"https://fd16-photos.leclercdrive.fr/image.ashx?id=2935756&use=l&cat=p&typeid=i","cat":312236},{"id":163526,"n":"Petit pot bébé bledina 6 mois  Purée légumes agneau - 2x200g","p":2.26,"u":"5,65 €/KG","img":"https://fd16-photos.leclercdrive.fr/image.ashx?id=2976770&use=l&cat=p&typeid=i","cat":312236},{"id":163529,"n":"Compote bébé Blédina 4-6 mois Pomme - 2x130g","p":1.47,"u":"5,65 €/KG","img":"https://fd16-photos.leclercdrive.fr/image.ashx?id=2911211&use=l&cat=p&typeid=i","cat":312387},{"id":163533,"n":"Isey Skyr Crème brûlée - 400g","p":3.14,"u":"7,85 €/KG","img":"https://fd16-photos.leclercdrive.fr/image.ashx?id=2598627&use=l&cat=p&typeid=i","cat":315000},{"id":163534,"n":"Isey Skyr Fraise - 400g","p":2.96,"u":"7,40 €/KG","img":"https://fd16-photos.leclercdrive.fr/image.ashx?id=2601193&use=l&cat=p&typeid=i","cat":315000},{"id":163613,"n":"Mozzarella fromage râpé  Les Croisés - 150g","p":1.39,"u":"9,27 €/KG","img":"https://fd16-photos.leclercdrive.fr/image.ashx?id=2178848&use=l&cat=p&typeid=i","cat":314035},{"id":163749,"n":"Mousseline Purina Gourmet Boeuf nappé de sauce - 4x57g","p":2.97,"u":"13,03 €/KG","img":"https://fd16-photos.leclercdrive.fr/image.ashx?id=2861773&use=l&cat=p&typeid=i","cat":285286},{"id":163750,"n":"Mousseline Purina Gourmet Poulet nappé de sauce - 4x57g","p":3.07,"u":"13,46 €/KG","img":"https://fd16-photos.leclercdrive.fr/image.ashx?id=2864197&use=l&cat=p&typeid=i","cat":285286},{"id":163843,"n":"Bière Ch'ti Signature Triple - 8.5%vol 75cl","p":3.84,"u":"5,12 €/L","img":"https://fd16-photos.leclercdrive.fr/image.ashx?id=2560945&use=l&cat=p&typeid=i","cat":334872},{"id":163844,"n":"Bière Ch'ti IPA - 6%vol - 75cl","p":4.05,"u":"5,40 €/L","img":"https://fd16-photos.leclercdrive.fr/image.ashx?id=2560948&use=l&cat=p&typeid=i","cat":334872},{"id":164221,"n":"AOP Champagne Chanoine Frères Brut Blanc de Blancs - 75cl","p":26.7,"u":"35,60 €/L","img":"https://fd16-photos.leclercdrive.fr/image.ashx?id=2675469&use=l&cat=p&typeid=i","cat":284542},{"id":164235,"n":"Bière Triple Lefort 75cl","p":5.61,"u":"7,48 €/L","img":"https://fd16-photos.leclercdrive.fr/image.ashx?id=2398682&use=l&cat=p&typeid=i","cat":334872},{"id":164284,"n":"Rhum Japonais Ambré Ryoma Avec Etui - 70cl - 40°","p":34.9,"u":"49,86 €/L","img":"https://fd16-photos.leclercdrive.fr/image.ashx?id=2407916&use=l&cat=p&typeid=i","cat":284550},{"id":164367,"n":"Pizza Turini 4 fromages - 200g","p":1.31,"u":"6,55 €/KG","img":"https://fd16-photos.leclercdrive.fr/image.ashx?id=2839941&use=l&cat=p&typeid=i","cat":333679},{"id":164449,"n":"Yaourt à la Grecque Yaos Citron - 4x125g + 2 offerts","p":2.65,"u":"3,53 €/KG","img":"https://fd16-photos.leclercdrive.fr/image.ashx?id=2561631&use=l&cat=p&typeid=i","cat":314999},{"id":164537,"n":"Duo poivre sel Sainte Lucie 63g","p":1.74,"u":"27,62 €/KG","img":"https://fd16-photos.leclercdrive.fr/image.ashx?id=2775065&use=l&cat=p&typeid=i","cat":284457},{"id":164539,"n":"Noix de pécan Sainte Lucie Cerneaux - 50g","p":2.7,"u":"54,00 €/KG","img":"https://fd16-photos.leclercdrive.fr/image.ashx?id=2187751&use=l&cat=p&typeid=i","cat":284504},{"id":164540,"n":"Bouquet garni Sainte Lucie 7.5g - lot de 3","p":2.36,"u":"337,14 €/KG","img":"https://fd16-photos.leclercdrive.fr/image.ashx?id=2774451&use=l&cat=p&typeid=i","cat":293607},{"id":164541,"n":"Maïs Bonduelle Sans Résidu De Pesticides 285g","p":1.26,"u":"4,42 €/KG","img":"https://fd16-photos.leclercdrive.fr/image.ashx?id=2972892&use=l&cat=p&typeid=i","cat":312611},{"id":164542,"n":"Cumin entier Sainte Lucie 38g","p":2.54,"u":"66,84 €/KG","img":"https://fd16-photos.leclercdrive.fr/image.ashx?id=2774412&use=l&cat=p&typeid=i","cat":298297},{"id":164544,"n":"Colorants alimentaires Sainte L 30g","p":2.41,"u":"80,33 €/KG","img":"https://fd16-photos.leclercdrive.fr/image.ashx?id=2774319&use=l&cat=p&typeid=i","cat":284504},{"id":164546,"n":"Arôme naturel Sainte Lucie Citron - 20ml","p":3.46,"u":"173,00 €/L","img":"https://fd16-photos.leclercdrive.fr/image.ashx?id=2187745&use=l&cat=p&typeid=i","cat":284504},{"id":164547,"n":"Mélange pour paella Sainte Luci 55g","p":2.23,"u":"40,55 €/KG","img":"https://fd16-photos.leclercdrive.fr/image.ashx?id=2187763&use=l&cat=p&typeid=i","cat":298297},{"id":164548,"n":"Levure boulangère Sainte Lucie Traditionnelle - 40g","p":1.31,"u":"32,75 €/KG","img":"https://fd16-photos.leclercdrive.fr/image.ashx?id=2829949&use=l&cat=p&typeid=i","cat":284504},{"id":164550,"n":"Nappage caramel Sainte Lucie 200g","p":2.43,"u":"12,15 €/KG","img":"https://fd16-photos.leclercdrive.fr/image.ashx?id=2775709&use=l&cat=p&typeid=i","cat":284504},{"id":164551,"n":"Cannelle poudre Sainte Lucie 45g","p":2.19,"u":"48,67 €/KG","img":"https://fd16-photos.leclercdrive.fr/image.ashx?id=2972934&use=l&cat=p&typeid=i","cat":298297},{"id":164555,"n":"Ail Sainte Lucie Saveurs du potager - 2","p":3.11,"u":"129,58 €/KG","img":"https://fd16-photos.leclercdrive.fr/image.ashx?id=2968166&use=l&cat=p&typeid=i","cat":298297},{"id":164570,"n":"Gel Douche Sans Savon Cadum Huile d'Amandes Douces - 750ml","p":3.23,"u":"4,31 €/L","img":"https://fd16-photos.leclercdrive.fr/image.ashx?id=2352870&use=l&cat=p&typeid=i","cat":284594},{"id":164581,"n":"Démaquillant Maybelline  Lotion fraîcheur yeux - 150ml","p":2.32,"u":"15,47 €/L","img":"https://fd16-photos.leclercdrive.fr/image.ashx?id=2505657&use=l&cat=p&typeid=i","cat":284603},{"id":164593,"n":"Gel douche Shampoing Ushuaïa Minéraux Marins - 300ml","p":2.23,"u":"7,43 €/L","img":"https://fd16-photos.leclercdrive.fr/image.ashx?id=2445349&use=l&cat=p&typeid=i","cat":284606},{"id":164601,"n":"Muscat de Rivesaltes AOC 15,5%","p":4.67,"u":"6,23 €/L","img":"https://fd16-photos.leclercdrive.fr/image.ashx?id=2974717&use=l&cat=p&typeid=i","cat":284913},{"id":164602,"n":"Lessive liquide fraîcheur ECO+ 40 lavages - 2L","p":2.16,"u":"1,08 €/L","img":"https://fd16-photos.leclercdrive.fr/image.ashx?id=2597988&use=l&cat=p&typeid=i","cat":284640},{"id":164603,"n":"Lessive liquide fleurie Epsil 25 lavages - 1,25L","p":3.91,"u":"3,13 €/L","img":"https://fd16-photos.leclercdrive.fr/image.ashx?id=2603000&use=l&cat=p&typeid=i","cat":284640},{"id":164604,"n":"Lessive liquide fraîcheur Epsil 25 lavages - 1,25L","p":3.33,"u":"2,66 €/L","img":"https://fd16-photos.leclercdrive.fr/image.ashx?id=2602994&use=l&cat=p&typeid=i","cat":284640},{"id":164606,"n":"Rhum blanc DOM 40° - 70cl","p":9.11,"u":"13,01 €/L","img":"https://fd16-photos.leclercdrive.fr/image.ashx?id=2188772&use=l&cat=p&typeid=i","cat":284550},{"id":164836,"n":"Eau gazeuse St Amand Citron - 6x50cl","p":2.52,"u":"0,84 €/L","img":"https://fd16-photos.leclercdrive.fr/image.ashx?id=2191548&use=l&cat=p&typeid=i","cat":284536},{"id":164837,"n":"Eau gazeuse St Amand Citron - citron vert - 6x50cl","p":2.52,"u":"0,84 €/L","img":"https://fd16-photos.leclercdrive.fr/image.ashx?id=2191551&use=l&cat=p&typeid=i","cat":284536},{"id":165065,"n":"Huile moteur Tech 9 2T 100 Synhèse - 2L","p":12.89,"u":"6,45 €/L","img":"https://fd16-photos.leclercdrive.fr/image.ashx?id=2193821&use=l&cat=p&typeid=i","cat":298253},{"id":165105,"n":"Percabonate de soude en sac Recharge - 2kg","p":15.78,"u":"7,89 €/KG","img":"https://fd16-photos.leclercdrive.fr/image.ashx?id=2193620&use=l&cat=p&typeid=i","cat":325365},{"id":165140,"n":"Joker Défense Orange Kiwi Banane - 0,9L","p":2.29,"u":"2,54 €/L","img":"https://fd16-photos.leclercdrive.fr/image.ashx?id=3008149&use=l&cat=p&typeid=i","cat":284917},{"id":165156,"n":"Jus MultiFruits Désucré Jafaden - 1L","p":1.69,"u":"1,69 €/L","img":"https://fd16-photos.leclercdrive.fr/image.ashx?id=2497971&use=l&cat=p&typeid=i","cat":284917},{"id":165198,"n":"Pate à tartiner Bonne Maman Noisette et cacao - 250g","p":3.25,"u":"13,00 €/KG","img":"https://fd16-photos.leclercdrive.fr/image.ashx?id=2891103&use=l&cat=p&typeid=i","cat":284481},{"id":165230,"n":"Biftecks façon Maître d'hôtel  L'Absolu Socopa - 220g","p":5.5,"u":"25,00 €/KG","img":"https://fd16-photos.leclercdrive.fr/image.ashx?id=2414615&use=l&cat=p&typeid=i","cat":284328},{"id":165605,"n":"Tenders de poulet Coté Croc  - 600g","p":6.23,"u":"10,38 €/KG","img":"https://fd16-photos.leclercdrive.fr/image.ashx?id=2974819&use=l&cat=p&typeid=i","cat":319780},{"id":165644,"n":"Fromage Caprice Des Dieux En cas de Caprice - 150g","p":2.43,"u":"16,20 €/KG","img":"https://fd16-photos.leclercdrive.fr/image.ashx?id=2785859&use=l&cat=p&typeid=i","cat":314033},{"id":165661,"n":"Brosse à dent Dentamyl Tête rechargeable souple - x1","p":1.17,"img":"https://fd16-photos.leclercdrive.fr/image.ashx?id=2791006&use=l&cat=p&typeid=i","cat":284614},{"id":165666,"n":"Confitures Léonce Blanc 70% 4 agrumes - 320g","p":2.88,"u":"9,00 €/KG","img":"https://fd16-photos.leclercdrive.fr/image.ashx?id=2362591&use=l&cat=p&typeid=i","cat":284480},{"id":165667,"n":"Brosse à dent Dentamyl Tête rechargeable médium - x1","p":1.17,"img":"https://fd16-photos.leclercdrive.fr/image.ashx?id=2198532&use=l&cat=p&typeid=i","cat":284614},{"id":165669,"n":"Tête de recharge Dentamyl Brosse à dent souple - x3","p":1.0,"u":"0,33 €/P","img":"https://fd16-photos.leclercdrive.fr/image.ashx?id=2791015&use=l&cat=p&typeid=i","cat":284614},{"id":165670,"n":"Tête de recharge Dentamyl Brosse à dent médium - x3","p":1.0,"u":"0,33 €/P","img":"https://fd16-photos.leclercdrive.fr/image.ashx?id=2791018&use=l&cat=p&typeid=i","cat":284614},{"id":165671,"n":"Tête de recharge Dentamyl Brosse à dent dure - x3","p":1.0,"u":"0,33 €/P","img":"https://fd16-photos.leclercdrive.fr/image.ashx?id=2791021&use=l&cat=p&typeid=i","cat":284614},{"id":165678,"n":"Crème Whisky Baileys Caramel salé 17% vol - 70cl","p":11.56,"u":"16,51 €/L","img":"https://fd16-photos.leclercdrive.fr/image.ashx?id=2351475&use=l&cat=p&typeid=i","cat":286032},{"id":165696,"n":"Smarties Chocolat Noël Moulage Père Noël - 85g","p":2.54,"u":"29,88 €/KG","img":"https://fd16-photos.leclercdrive.fr/image.ashx?id=2202968&use=l&cat=p&typeid=i","cat":327592},{"id":165700,"n":"Chocolats à la liqueur Abtey Poire Williams x11 - 240g","p":4.95,"u":"20,63 €/KG","img":"https://fd16-photos.leclercdrive.fr/image.ashx?id=2870266&use=l&cat=p&typeid=i","cat":327601},{"id":165703,"n":"Tablette de chocolat au lait   Rohan Père Noël - 100g","p":2.0,"u":"20,00 €/KG","img":"https://fd16-photos.leclercdrive.fr/image.ashx?id=2198651&use=l&cat=p&typeid=i","cat":327592},{"id":165705,"n":"Tablette de chocolat au lait Rohan bonhomme de neige - 100g","p":2.0,"u":"20,00 €/KG","img":"https://fd16-photos.leclercdrive.fr/image.ashx?id=2198657&use=l&cat=p&typeid=i","cat":327592},{"id":165801,"n":"Sauce bolognaise Eco+ 420g","p":1.13,"u":"2,69 €/KG","img":"https://fd16-photos.leclercdrive.fr/image.ashx?id=2634845&use=l&cat=p&typeid=i","cat":287599},{"id":166279,"n":"Boisson gazeuse Fever Tree Tonic Water 8x15cl","p":4.79,"u":"3,99 €/L","img":"https://fd16-photos.leclercdrive.fr/image.ashx?id=2389280&use=l&cat=p&typeid=i","cat":284531},{"id":166377,"n":"Lessive eco-recharge Uni Vert Fleur x30 lavages - 1,05L","p":4.12,"u":"3,92 €/L","img":"https://fd16-photos.leclercdrive.fr/image.ashx?id=2838942&use=l&cat=p&typeid=i","cat":284640},{"id":166403,"n":"Lessive eco-recharge Uni Vert Aloe x30 lavages - 1.05L","p":4.12,"u":"3,92 €/L","img":"https://fd16-photos.leclercdrive.fr/image.ashx?id=2669780&use=l&cat=p&typeid=i","cat":284640},{"id":166404,"n":"Lessive eco-recharge Uni Vert  Aloe Vera x42 lavages - 1.5L","p":5.91,"u":"3,94 €/L","img":"https://fd16-photos.leclercdrive.fr/image.ashx?id=2955056&use=l&cat=p&typeid=i","cat":284640},{"id":166478,"n":"Démaquillant Maybelline  Waterproof biphase 2en1 - 150ml","p":2.51,"u":"16,73 €/L","img":"https://fd16-photos.leclercdrive.fr/image.ashx?id=2278169&use=l&cat=p&typeid=i","cat":284603},{"id":166513,"n":"Coquilles Saint-Jacques Tipiak A la Bretonne - 2x110g","p":3.75,"u":"17,05 €/KG","img":"https://fd16-photos.leclercdrive.fr/image.ashx?id=2604695&use=l&cat=p&typeid=i","cat":319775},{"id":166601,"n":"Compote bio Jardin Bio Pomme banane - 680g","p":3.09,"u":"4,54 €/KG","img":"https://fd16-photos.leclercdrive.fr/image.ashx?id=2918307&use=l&cat=p&typeid=i","cat":284508},{"id":166674,"n":"Confiture Douceur du Verger Fraise - 750g","p":2.15,"u":"2,87 €/KG","img":"https://fd16-photos.leclercdrive.fr/image.ashx?id=2965545&use=l&cat=p&typeid=i","cat":284480},{"id":166675,"n":"Confiture Douceur du Verger Abricot - 370g","p":1.27,"u":"3,43 €/KG","img":"https://fd16-photos.leclercdrive.fr/image.ashx?id=2965569&use=l&cat=p&typeid=i","cat":284480},{"id":166686,"n":"Yaourt protéiné Hipro  Coco 0%mg - 2x160g","p":2.23,"u":"6,97 €/KG","img":"https://fd16-photos.leclercdrive.fr/image.ashx?id=2807423&use=l&cat=p&typeid=i","cat":315000},{"id":166750,"n":"Lessive concentrée Epsil Printemps x28 - 980ml","p":3.29,"u":"3,36 €/L","img":"https://fd16-photos.leclercdrive.fr/image.ashx?id=2450155&use=l&cat=p&typeid=i","cat":284640},{"id":166753,"n":"Apéritif Apérol Spritz 12.5% vol - 1L","p":15.08,"u":"15,08 €/L","img":"https://fd16-photos.leclercdrive.fr/image.ashx?id=2957287&use=l&cat=p&typeid=i","cat":286032},{"id":166754,"n":"Spéculoos pocket P'tit Déli 168g","p":0.85,"u":"5,06 €/KG","img":"https://fd16-photos.leclercdrive.fr/image.ashx?id=2245598&use=l&cat=p&typeid=i","cat":284487},{"id":166756,"n":"Blanc de poulet Fleury Michon Sans nitrite x4 - 130g","p":1.91,"u":"14,69 €/KG","img":"https://fd16-photos.leclercdrive.fr/image.ashx?id=2954833&use=l&cat=p&typeid=i","cat":316010},{"id":166819,"n":"Sucre en poudre Tablier Blanc 1kg","p":1.53,"u":"1,53 €/KG","img":"https://fd16-photos.leclercdrive.fr/image.ashx?id=3010434&use=l&cat=p&typeid=i","cat":284502},{"id":166831,"n":"Mini batonnet surimi Pêche MSC Océan Avec mayonnaise - 210g","p":1.9,"u":"9,05 €/KG","img":"https://fd16-photos.leclercdrive.fr/image.ashx?id=2212039&use=l&cat=p&typeid=i","cat":285189},{"id":166876,"n":"Lessive bi-doses Xeor Fraîcheur x30","p":5.24,"u":"7,13 €/L","img":"https://fd16-photos.leclercdrive.fr/image.ashx?id=2838945&use=l&cat=p&typeid=i","cat":284641},{"id":166891,"n":"Cookies crunchy melts Cadbury Oreo 156g","p":2.26,"u":"14,49 €/KG","img":"https://fd16-photos.leclercdrive.fr/image.ashx?id=2328286&use=l&cat=p&typeid=i","cat":325066},{"id":166984,"n":"Le Fromage Fouetté Madame Loïk Au lait de vache & chèvre 150g","p":1.99,"u":"13,27 €/KG","img":"https://fd16-photos.leclercdrive.fr/image.ashx?id=2986359&use=l&cat=p&typeid=i","cat":314029},{"id":167011,"n":"Pur jus de clémentine Jafaden 90cl","p":2.15,"u":"2,39 €/L","img":"https://fd16-photos.leclercdrive.fr/image.ashx?id=2723162&use=l&cat=p&typeid=i","cat":285435},{"id":167081,"n":"Mug enfant garni Rohan Sucette en chocolat Bleu - 154g","p":8.15,"u":"52,92 €/KG","img":"https://fd16-photos.leclercdrive.fr/image.ashx?id=2261019&use=l&cat=p&typeid=i","cat":284958},{"id":167082,"n":"Mug enfant garni Rohan Blanc Sucette en chocolat 154g","p":8.15,"u":"52,92 €/KG","img":"https://fd16-photos.leclercdrive.fr/image.ashx?id=2261022&use=l&cat=p&typeid=i","cat":284958},{"id":167086,"n":"Mug enfant garni Rohan Rose - 154g","p":8.15,"u":"52,92 €/KG","img":"https://fd16-photos.leclercdrive.fr/image.ashx?id=2261025&use=l&cat=p&typeid=i","cat":284958},{"id":167094,"n":"Gin Citadelle Jardin d'été 41.5% vol. - 70cl","p":29.3,"u":"41,86 €/L","img":"https://fd16-photos.leclercdrive.fr/image.ashx?id=2215056&use=l&cat=p&typeid=i","cat":284550},{"id":167143,"n":"Nocciolato minis Novi 130g","p":3.9,"u":"30,00 €/KG","img":"https://fd16-photos.leclercdrive.fr/image.ashx?id=2615176&use=l&cat=p&typeid=i","cat":327595},{"id":167171,"n":"Sucette guimauve Xmas Fizzy  Père Noel - 35g","p":1.55,"u":"44,29 €/KG","img":"https://fd16-photos.leclercdrive.fr/image.ashx?id=2305166&use=l&cat=p&typeid=i","cat":327592},{"id":167178,"n":"Praliné tiramisu The belgian 200g","p":7.49,"pp":4.94,"u":"24,70 €/KG","img":"https://fd16-photos.leclercdrive.fr/image.ashx?id=2214144&use=l&cat=p&typeid=i","cat":327595},{"id":167179,"n":"Truffles original The belgian Truffles original - 200g","p":3.95,"u":"19,75 €/KG","img":"https://fd16-photos.leclercdrive.fr/image.ashx?id=2306456&use=l&cat=p&typeid=i","cat":327600},{"id":167180,"n":"Truffles praliné The belgian Truffles praliné  - 200g","p":3.95,"u":"19,75 €/KG","img":"https://fd16-photos.leclercdrive.fr/image.ashx?id=2214138&use=l&cat=p&typeid=i","cat":327600},{"id":167244,"n":"Papillotes Revillon Lait   Féerique - 360g","p":11.57,"u":"32,14 €/KG","img":"https://fd16-photos.leclercdrive.fr/image.ashx?id=2863269&use=l&cat=p&typeid=i","cat":327597},{"id":167245,"n":"Papillotes Révillon Blanc Féerique - 360g","p":11.19,"u":"31,08 €/KG","img":"https://fd16-photos.leclercdrive.fr/image.ashx?id=2409124&use=l&cat=p&typeid=i","cat":327597},{"id":167389,"n":"Pur jus d'orange Jafaden Sans pulpe - 90cl","p":2.15,"u":"2,39 €/L","img":"https://fd16-photos.leclercdrive.fr/image.ashx?id=2723159&use=l&cat=p&typeid=i","cat":285435},{"id":167390,"n":"Pur jus de pamplemousse Jafaden Avec pulpe - 90cl","p":1.88,"u":"2,09 €/L","img":"https://fd16-photos.leclercdrive.fr/image.ashx?id=2819639&use=l&cat=p&typeid=i","cat":285435},{"id":167391,"n":"Jus de pomme Jafaden 90cl","p":1.91,"u":"2,12 €/L","img":"https://fd16-photos.leclercdrive.fr/image.ashx?id=2723171&use=l&cat=p&typeid=i","cat":285435},{"id":167392,"n":"Jus d'ananas Jafaden 90cl","p":2.21,"u":"2,46 €/L","img":"https://fd16-photos.leclercdrive.fr/image.ashx?id=2819642&use=l&cat=p&typeid=i","cat":285435},{"id":167395,"n":"Pur jus d'orange frais Jafaden Avec pulpe - 1,5L","p":3.66,"u":"2,44 €/L","img":"https://fd16-photos.leclercdrive.fr/image.ashx?id=2442857&use=l&cat=p&typeid=i","cat":285435},{"id":167399,"n":"Mini cheese burgers Côté Croc x10 - 155g","p":6.35,"u":"40,97 €/KG","img":"https://fd16-photos.leclercdrive.fr/image.ashx?id=2898266&use=l&cat=p&typeid=i","cat":319774},{"id":167416,"n":"Gel douche Le Petit Marseillais Noix de coco - 250ml","p":1.49,"u":"5,96 €/L","img":"https://fd16-photos.leclercdrive.fr/image.ashx?id=2681856&use=l&cat=p&typeid=i","cat":284594},{"id":167529,"n":"Lait bébé en poudre Gallia Calisma 1er âge 0-6 mois 830g","p":16.09,"u":"19,39 €/KG","img":"https://fd16-photos.leclercdrive.fr/image.ashx?id=2456201&use=l&cat=p&typeid=i","cat":284726},{"id":167530,"n":"Lait bébé en poudre Gallia Calisma 2e âge 6-12 mois 830g","p":15.07,"u":"18,16 €/KG","img":"https://fd16-photos.leclercdrive.fr/image.ashx?id=2479730&use=l&cat=p&typeid=i","cat":284727},{"id":167531,"n":"Lait bébé poudre Gallia Relais Calisma  1er âge 0-6 mois 830g","p":19.53,"u":"23,53 €/KG","img":"https://fd16-photos.leclercdrive.fr/image.ashx?id=2462460&use=l&cat=p&typeid=i","cat":284726},{"id":167532,"n":"Lait bébé poudre Gallia Relais Calisma 2e âge 6-12 mois 830g","p":18.38,"u":"22,14 €/KG","img":"https://fd16-photos.leclercdrive.fr/image.ashx?id=2911217&use=l&cat=p&typeid=i","cat":284727},{"id":167533,"n":"Tagliatelle Lustucru Selection  360g","p":1.44,"u":"4,00 €/KG","img":"https://fd16-photos.leclercdrive.fr/image.ashx?id=2885351&use=l&cat=p&typeid=i","cat":333682},{"id":167561,"n":"Brique pur jus Jafaden Multifruits - 1,5L","p":2.82,"u":"1,88 €/L","img":"https://fd16-photos.leclercdrive.fr/image.ashx?id=2916722&use=l&cat=p&typeid=i","cat":285435},{"id":167589,"n":"Bûche pur beurre Baillon Parfum chocolat - 6/8 parts","p":6.55,"u":"16,38 €/KG","img":"https://fd16-photos.leclercdrive.fr/image.ashx?id=2218716&use=l&cat=p&typeid=i","cat":293600},{"id":167597,"n":"Bûche matière grasse végétale Parfum chocolat - 6/8 parts","p":4.2,"u":"10,50 €/KG","img":"https://fd16-photos.leclercdrive.fr/image.ashx?id=2235356&use=l&cat=p&typeid=i","cat":284360},{"id":167598,"n":"Bûche matière grasse végétale Parfum vanille - 6/8 parts","p":3.99,"u":"9,98 €/KG","img":"https://fd16-photos.leclercdrive.fr/image.ashx?id=2218713&use=l&cat=p&typeid=i","cat":293600},{"id":167601,"n":"Matière grasse à tartiner  Primevère demi-sel - 250g","p":2.06,"u":"8,24 €/KG","img":"https://fd16-photos.leclercdrive.fr/image.ashx?id=2939322&use=l&cat=p&typeid=i","cat":315229},{"id":167784,"n":"Pâte brisée Herta Tarte en Or - 230g","p":2.47,"u":"10,74 €/KG","img":"https://fd16-photos.leclercdrive.fr/image.ashx?id=2907935&use=l&cat=p&typeid=i","cat":333681},{"id":167868,"n":"Couscous parfumé Tipiak Aux épices du monde - 4x65g","p":1.49,"u":"5,73 €/KG","img":"https://fd16-photos.leclercdrive.fr/image.ashx?id=2846694&use=l&cat=p&typeid=i","cat":284429},{"id":167954,"n":"Beurre doux Le Campagnou Moulé - 500g","p":4.49,"u":"8,98 €/KG","img":"https://fd16-photos.leclercdrive.fr/image.ashx?id=2223466&use=l&cat=p&typeid=i","cat":284379},{"id":167959,"n":"Tzatziki dégustation Tables du Monde - 175g","p":2.25,"u":"12,86 €/KG","img":"https://fd16-photos.leclercdrive.fr/image.ashx?id=2222528&use=l&cat=p&typeid=i","cat":315999},{"id":168043,"n":"Liqueur de menthe Get Essentiel 17,9° - 70cl","p":13.23,"u":"18,90 €/L","img":"https://fd16-photos.leclercdrive.fr/image.ashx?id=2858267&use=l&cat=p&typeid=i","cat":286032},{"id":168248,"n":"Mini Gaufrettes Knoppers Lait Noisettes - 200g","p":2.34,"u":"11,70 €/KG","img":"https://fd16-photos.leclercdrive.fr/image.ashx?id=2457425&use=l&cat=p&typeid=i","cat":284488},{"id":168249,"n":"Gaufrettes Knoppers Lait Noisettes - 3x25g","p":1.26,"u":"16,80 €/KG","img":"https://fd16-photos.leclercdrive.fr/image.ashx?id=2659094&use=l&cat=p&typeid=i","cat":284488},{"id":168301,"n":"Skyr Yoplait  Nature 0%Mg - 850g","p":3.21,"u":"3,78 €/KG","img":"https://fd16-photos.leclercdrive.fr/image.ashx?id=2884444&use=l&cat=p&typeid=i","cat":315000},{"id":168308,"n":"Crème dessert végétal Sojasun Noisette Amande - 4x100g","p":1.71,"u":"17,10 €/KG","img":"https://fd16-photos.leclercdrive.fr/image.ashx?id=2355689&use=l&cat=p&typeid=i","cat":316071},{"id":168327,"n":"Mini Boulettes Charal Happy Family x50 - 750g","p":8.06,"u":"10,75 €/KG","img":"https://fd16-photos.leclercdrive.fr/image.ashx?id=2956457&use=l&cat=p&typeid=i","cat":319779},{"id":168371,"n":"Masque Peel-Off Charbon Garnier Anti-Points Noirs - 50ml","p":4.47,"u":"89,40 €/L","img":"https://fd16-photos.leclercdrive.fr/image.ashx?id=2634193&use=l&cat=p&typeid=i","cat":325346},{"id":168871,"n":"Mouchoirs Boîte 3 plis Univert Mouchoir papier non blanchi x80","p":1.26,"u":"0,02 €/P","img":"https://fd16-photos.leclercdrive.fr/image.ashx?id=2571941&use=l&cat=p&typeid=i","cat":284638},{"id":168990,"n":"Burgers Eco+ x10 - 1kg","p":6.53,"u":"6,53 €/KG","img":"https://fd16-photos.leclercdrive.fr/image.ashx?id=2966523&use=l&cat=p&typeid=i","cat":319778},{"id":168992,"n":"Nuggets de volaille Eco+ 500g","p":2.18,"u":"4,36 €/KG","img":"https://fd16-photos.leclercdrive.fr/image.ashx?id=2965795&use=l&cat=p&typeid=i","cat":319780},{"id":168994,"n":"Yaourt Enfant Petits Filous Tubs Aromatisés - x15","p":3.11,"u":"5,60 €/KG","img":"https://fd16-photos.leclercdrive.fr/image.ashx?id=2811038&use=l&cat=p&typeid=i","cat":284415},{"id":169003,"n":"Yaourt brassé Perle de Lait Nature - 4x125g","p":1.88,"u":"3,76 €/KG","img":"https://fd16-photos.leclercdrive.fr/image.ashx?id=2939706&use=l&cat=p&typeid=i","cat":314999},{"id":169006,"n":"Cocktail de fruits de mer Eco+ Précuit - 500g","p":3.77,"u":"7,54 €/KG","img":"https://fd16-photos.leclercdrive.fr/image.ashx?id=2800219&use=l&cat=p&typeid=i","cat":319787},{"id":169045,"n":"Falafels de pois chiches Bio Hari&Co Cumin Menthe - 170g","p":4.19,"u":"24,65 €/KG","img":"https://fd16-photos.leclercdrive.fr/image.ashx?id=2903602&use=l&cat=p&typeid=i","cat":316036},{"id":169069,"n":"Tranches saveur Emmental  Violife 100% végan - 200g","p":2.75,"u":"13,75 €/KG","img":"https://fd16-photos.leclercdrive.fr/image.ashx?id=2687089&use=l&cat=p&typeid=i","cat":316070},{"id":169070,"n":"Pâte de Pralin 225g","p":7.53,"u":"33,47 €/KG","img":"https://fd16-photos.leclercdrive.fr/image.ashx?id=2235302&use=l&cat=p&typeid=i","cat":284504},{"id":169130,"n":"Monster Munch Goût Cheddar - 85g","p":1.1,"u":"12,94 €/KG","img":"https://fd16-photos.leclercdrive.fr/image.ashx?id=2971610&use=l&cat=p&typeid=i","cat":284449},{"id":169216,"n":"Yaourt brassé Perle de Lait Coco - 4x125g","p":2.02,"u":"4,04 €/KG","img":"https://fd16-photos.leclercdrive.fr/image.ashx?id=2939709&use=l&cat=p&typeid=i","cat":286006},{"id":169218,"n":"Yaourt brassé Perle de Lait Nature - 8x125g","p":3.31,"u":"3,31 €/KG","img":"https://fd16-photos.leclercdrive.fr/image.ashx?id=2989225&use=l&cat=p&typeid=i","cat":284409},{"id":169297,"n":"Soupe Velouté de Poireaux Knorr - 1L","p":2.9,"u":"2,90 €/L","img":"https://fd16-photos.leclercdrive.fr/image.ashx?id=2395814&use=l&cat=p&typeid=i","cat":284462},{"id":169298,"n":"Velouté Carottes Française Knorr - 1L","p":3.08,"u":"3,08 €/L","img":"https://fd16-photos.leclercdrive.fr/image.ashx?id=2395811&use=l&cat=p&typeid=i","cat":284463},{"id":169342,"n":"Lardons fumés Herta 200g","p":2.16,"u":"10,80 €/KG","img":"https://fd16-photos.leclercdrive.fr/image.ashx?id=2939307&use=l&cat=p&typeid=i","cat":316011},{"id":169345,"n":"Lardons nature Herta 200g","p":2.16,"u":"10,80 €/KG","img":"https://fd16-photos.leclercdrive.fr/image.ashx?id=2731357&use=l&cat=p&typeid=i","cat":316011},{"id":169346,"n":"Allumettes fumées Herta Sans nitrite - 2x75g","p":1.9,"u":"12,67 €/KG","img":"https://fd16-photos.leclercdrive.fr/image.ashx?id=2868903&use=l&cat=p&typeid=i","cat":316011},{"id":169347,"n":"Allumettes nature Herta Sans nitrite - 2x75g","p":1.97,"u":"13,13 €/KG","img":"https://fd16-photos.leclercdrive.fr/image.ashx?id=2868906&use=l&cat=p&typeid=i","cat":316011},{"id":169353,"n":"Pâte feuilletée Herta Tarte en Or - 230g","p":0.95,"u":"4,13 €/KG","img":"https://fd16-photos.leclercdrive.fr/image.ashx?id=2918658&use=l&cat=p&typeid=i","cat":333681},{"id":169354,"n":"Pâte brisée Herta Tarte en Or - 230g","p":1.04,"u":"4,52 €/KG","img":"https://fd16-photos.leclercdrive.fr/image.ashx?id=2739189&use=l&cat=p&typeid=i","cat":333681},{"id":169429,"n":"Tendres Effilés en Gelée Felix Selection poissons 12x85g","p":5.02,"u":"4,92 €/KG","img":"https://fd16-photos.leclercdrive.fr/image.ashx?id=2995439&use=l&cat=p&typeid=i","cat":285286},{"id":169430,"n":"Tendres Effilés en Gelée Felix Selection campagne 12x85g","p":4.97,"u":"4,87 €/KG","img":"https://fd16-photos.leclercdrive.fr/image.ashx?id=2957668&use=l&cat=p&typeid=i","cat":285286},{"id":169435,"n":"Délicieux Duos en Gelée Felix Selection mixte 24x85g","p":10.03,"u":"4,92 €/KG","img":"https://fd16-photos.leclercdrive.fr/image.ashx?id=2861779&use=l&cat=p&typeid=i","cat":285286},{"id":169445,"n":"Duos en gelée Felix Selection campagne - 44x85g","p":16.93,"u":"4,53 €/KG","img":"https://fd16-photos.leclercdrive.fr/image.ashx?id=2976857&use=l&cat=p&typeid=i","cat":285286},{"id":169447,"n":"Emincés En Gelée Felix Selection mixte - 12x85g","p":4.19,"u":"4,11 €/KG","img":"https://fd16-photos.leclercdrive.fr/image.ashx?id=2869657&use=l&cat=p&typeid=i","cat":285286},{"id":169448,"n":"Emincés En Gelée  Felix Volaille légumes - 12x85g","p":4.19,"u":"4,11 €/KG","img":"https://fd16-photos.leclercdrive.fr/image.ashx?id=2909212&use=l&cat=p&typeid=i","cat":285286},{"id":169454,"n":"FELIX Sensations En Gelée Felix Selection de la campagne 12x85g","p":5.42,"u":"5,31 €/KG","img":"https://fd16-photos.leclercdrive.fr/image.ashx?id=2986909&use=l&cat=p&typeid=i","cat":285286},{"id":169455,"n":"Sensations en gelée Felix 12x85g","p":5.42,"u":"5,31 €/KG","img":"https://fd16-photos.leclercdrive.fr/image.ashx?id=2957278&use=l&cat=p&typeid=i","cat":285286},{"id":169511,"n":"Margarine Oméga 3 Fruit d'Or Sans huile de palme - 450g","p":2.88,"u":"6,40 €/KG","img":"https://fd16-photos.leclercdrive.fr/image.ashx?id=2887329&use=l&cat=p&typeid=i","cat":315229},{"id":169559,"n":"Père Noël Smarties Bleu - 85g","p":2.54,"u":"29,88 €/KG","img":"https://fd16-photos.leclercdrive.fr/image.ashx?id=2265626&use=l&cat=p&typeid=i","cat":327592},{"id":169721,"n":"Ballotine de Poularde Fassier Aux Cèpes - 250g","p":4.79,"u":"19,16 €/KG","img":"https://fd16-photos.leclercdrive.fr/image.ashx?id=2242176&use=l&cat=p&typeid=i","cat":316012},{"id":170032,"n":"Bloc Foie Gras Canard poivre de Madagascar Delpeyrat 330g","p":14.99,"u":"45,42 €/KG","img":"https://fd16-photos.leclercdrive.fr/image.ashx?id=2569365&use=l&cat=p&typeid=i","cat":305148},{"id":170561,"n":"Friandises chien Tous mes Amis Sticks au Boeuf - 3x11g","p":0.5,"u":"15,15 €/KG","img":"https://fd16-photos.leclercdrive.fr/image.ashx?id=2302265&use=l&cat=p&typeid=i","cat":294527},{"id":170571,"n":"Barres KINDER BUENO White  Chocolat Blanc x3 - 117g","p":3.05,"u":"26,07 €/KG","img":"https://fd16-photos.leclercdrive.fr/image.ashx?id=2792981&use=l&cat=p&typeid=i","cat":284498},{"id":170585,"n":"AOC Pacherenc du Vic Bilh sec Carte d'Or - 75cl","p":5.0,"u":"6,67 €/L","img":"https://fd16-photos.leclercdrive.fr/image.ashx?id=2246347&use=l&cat=p&typeid=i","cat":289557},{"id":170957,"n":"Confiture Douceur du Verger Abricot - 750g","p":2.31,"u":"3,08 €/KG","img":"https://fd16-photos.leclercdrive.fr/image.ashx?id=2965581&use=l&cat=p&typeid=i","cat":284480},{"id":171031,"n":"Ravioles & poulet rôti  Saint-Jean - 310g","p":3.39,"u":"10,94 €/KG","img":"https://fd16-photos.leclercdrive.fr/image.ashx?id=2488935&use=l&cat=p&typeid=i","cat":333665},{"id":171471,"n":"Mug de Noël Fizzy Mme Fabuleuse +100g de chocolat","p":6.7,"u":"67,00 €/KG","img":"https://fd16-photos.leclercdrive.fr/image.ashx?id=2983667&use=l&cat=p&typeid=i","cat":327789},{"id":171477,"n":"Mug de Noël Fizzy Mr Parfait  +100g de chocolat","p":6.7,"u":"67,00 €/KG","img":"https://fd16-photos.leclercdrive.fr/image.ashx?id=2983670&use=l&cat=p&typeid=i","cat":327789},{"id":171719,"n":"Lessive Epsil Perfect Tri-Doses Fleurie x20 - 490ml","p":4.49,"u":"9,16 €/L","img":"https://fd16-photos.leclercdrive.fr/image.ashx?id=2450119&use=l&cat=p&typeid=i","cat":284641},{"id":171736,"n":"Foie gras de canard Delpeyrat à l'Armagnac - 180g","p":14.99,"u":"83,28 €/KG","img":"https://fd16-photos.leclercdrive.fr/image.ashx?id=2569377&use=l&cat=p&typeid=i","cat":305148},{"id":171737,"n":"Foie gras de canard Delpeyrat au poivre moulu - 180g","p":14.99,"u":"83,28 €/KG","img":"https://fd16-photos.leclercdrive.fr/image.ashx?id=2569362&use=l&cat=p&typeid=i","cat":305148},{"id":171738,"n":"Foie gras de canard Delpeyrat Au sel de Guérande - 180g","p":14.99,"u":"83,28 €/KG","img":"https://fd16-photos.leclercdrive.fr/image.ashx?id=2569359&use=l&cat=p&typeid=i","cat":305148},{"id":171836,"n":"Céréales Trésor Kellogg's Chocolat au lait - 620g","p":4.39,"u":"7,08 €/KG","img":"https://fd16-photos.leclercdrive.fr/image.ashx?id=2598334&use=l&cat=p&typeid=i","cat":309513},{"id":172649,"n":"Papier toilette Renova Progress - x40","p":9.97,"u":"0,25 €/P","img":"https://fd16-photos.leclercdrive.fr/image.ashx?id=2279894&use=l&cat=p&typeid=i","cat":284634},{"id":172716,"n":"Allumettes nature Herta 200g","p":2.35,"u":"11,75 €/KG","img":"https://fd16-photos.leclercdrive.fr/image.ashx?id=2390011&use=l&cat=p&typeid=i","cat":316011},{"id":172718,"n":"Lessive en poudre Xeor Savon de Marseille x50 - 2.5kg","p":5.99,"u":"2,40 €/KG","img":"https://fd16-photos.leclercdrive.fr/image.ashx?id=2450161&use=l&cat=p&typeid=i","cat":284642},{"id":172731,"n":"Tablette chocolat Milka Chocolat au lait - 3x100g","p":4.23,"u":"14,10 €/KG","img":"https://fd16-photos.leclercdrive.fr/image.ashx?id=3009137&use=l&cat=p&typeid=i","cat":284497},{"id":172794,"n":"Kinder Mix peluche Kinder Chien - 133g","p":13.94,"u":"104,81 €/KG","img":"https://fd16-photos.leclercdrive.fr/image.ashx?id=2261034&use=l&cat=p&typeid=i","cat":327789},{"id":172913,"n":"Crépinettes de porc Clermont x4 - 440g","p":6.0,"u":"13,64 €/KG","img":"https://fd16-photos.leclercdrive.fr/image.ashx?id=2267804&use=l&cat=p&typeid=i","cat":284332},{"id":172919,"n":"Kit choucroute Clermont 1kg","p":9.5,"u":"9,50 €/KG","img":"https://fd16-photos.leclercdrive.fr/image.ashx?id=2788631&use=l&cat=p&typeid=i","cat":333666},{"id":173057,"n":"Cristaux de soude Mousse de lin - 2kg","p":2.99,"u":"1,50 €/KG","img":"https://fd16-photos.leclercdrive.fr/image.ashx?id=2619187&use=l&cat=p&typeid=i","cat":325365},{"id":173326,"n":"Soupe liquide Liebig  Poissons - 2x30cl","p":3.02,"u":"5,03 €/L","img":"https://fd16-photos.leclercdrive.fr/image.ashx?id=2604452&use=l&cat=p&typeid=i","cat":287366},{"id":173332,"n":"Soupe liquide Liebig poireaux Saint jacques - Brique 1L","p":4.5,"u":"4,50 €/L","img":"https://fd16-photos.leclercdrive.fr/image.ashx?id=2472195&use=l&cat=p&typeid=i","cat":284462},{"id":173333,"n":"Soupe liquide Liebig  Poireaux saint jacques - 2x30cl","p":4.01,"u":"6,68 €/L","img":"https://fd16-photos.leclercdrive.fr/image.ashx?id=2472198&use=l&cat=p&typeid=i","cat":284462},{"id":173997,"n":"mousse au chocolat noisette danette - 4x60g","p":1.72,"u":"7,17 €/P","img":"https://fd16-photos.leclercdrive.fr/image.ashx?id=2941478&use=l&cat=p&typeid=i","cat":284417},{"id":174145,"n":"Confiture Douceur du Verger Cerises - 370 g","p":1.27,"u":"3,43 €/KG","img":"https://fd16-photos.leclercdrive.fr/image.ashx?id=2965599&use=l&cat=p&typeid=i","cat":284480},{"id":174148,"n":"Confiture Douceur du Verger Pêches - 370 g","p":1.6,"u":"4,32 €/KG","img":"https://fd16-photos.leclercdrive.fr/image.ashx?id=2965602&use=l&cat=p&typeid=i","cat":284480},{"id":174149,"n":"Confiture Douceur du Verger Fraises - 370 g","p":1.12,"u":"3,03 €/KG","img":"https://fd16-photos.leclercdrive.fr/image.ashx?id=2965539&use=l&cat=p&typeid=i","cat":284480},{"id":174150,"n":"Confiture Douceur du Verger Framboises - 370 g","p":1.99,"u":"5,38 €/KG","img":"https://fd16-photos.leclercdrive.fr/image.ashx?id=2965575&use=l&cat=p&typeid=i","cat":284480},{"id":174151,"n":"Confiture Douceur du Verger 4 fruits rouges - 370 g","p":1.18,"u":"3,19 €/KG","img":"https://fd16-photos.leclercdrive.fr/image.ashx?id=2965548&use=l&cat=p&typeid=i","cat":284480},{"id":174152,"n":"Sauce Tomate Provençale Panzani - 210G","p":1.27,"u":"6,05 €/KG","img":"https://fd16-photos.leclercdrive.fr/image.ashx?id=2880691&use=l&cat=p&typeid=i","cat":299047},{"id":174153,"n":"Sauce tomates cuisinées Panzani 210g","p":1.18,"u":"5,62 €/KG","img":"https://fd16-photos.leclercdrive.fr/image.ashx?id=2880688&use=l&cat=p&typeid=i","cat":299047},{"id":174154,"n":"Sauce Tomate Basilic Panzani - 210G","p":1.23,"u":"5,86 €/KG","img":"https://fd16-photos.leclercdrive.fr/image.ashx?id=2881290&use=l&cat=p&typeid=i","cat":288384},{"id":174155,"n":"Sauce tomate Panzani Provençale - 425g","p":1.42,"u":"3,34 €/KG","img":"https://fd16-photos.leclercdrive.fr/image.ashx?id=2742866&use=l&cat=p&typeid=i","cat":288384},{"id":174156,"n":"Sauce tomates cuisinées Panzani 425g","p":1.78,"u":"4,19 €/KG","img":"https://fd16-photos.leclercdrive.fr/image.ashx?id=2977276&use=l&cat=p&typeid=i","cat":288384},{"id":174157,"n":"Sauce Tomate Basilic Panzani - 400G","p":1.92,"u":"4,80 €/KG","img":"https://fd16-photos.leclercdrive.fr/image.ashx?id=2968088&use=l&cat=p&typeid=i","cat":288384},{"id":174158,"n":"Sauce Tomate Provençale Panzani - 650G","p":2.25,"u":"3,46 €/KG","img":"https://fd16-photos.leclercdrive.fr/image.ashx?id=2977942&use=l&cat=p&typeid=i","cat":299047},{"id":174159,"n":"Sauce Tomate Basilic Panzani - 650G","p":2.45,"u":"3,77 €/KG","img":"https://fd16-photos.leclercdrive.fr/image.ashx?id=2977945&use=l&cat=p&typeid=i","cat":288384},{"id":174160,"n":"Sauce tomates fraîches Panzani 3x190g","p":2.66,"u":"4,67 €/KG","img":"https://fd16-photos.leclercdrive.fr/image.ashx?id=2835274&use=l&cat=p&typeid=i","cat":288384},{"id":174164,"n":"Crème Sans Lactose Elle&Vire Epaisse Légère - 4% MG - 33cl","p":1.63,"u":"4,82 €/KG","img":"https://fd16-photos.leclercdrive.fr/image.ashx?id=2773670&use=l&cat=p&typeid=i","cat":284381},{"id":174189,"n":"Beignets de calamar Eco+ 500g","p":2.46,"u":"4,92 €/KG","img":"https://fd16-photos.leclercdrive.fr/image.ashx?id=2690955&use=l&cat=p&typeid=i","cat":319788},{"id":174204,"n":"Margarine Oméga 3 Fruit d'Or Sans huile de palme - 225g","p":1.99,"u":"8,84 €/KG","img":"https://fd16-photos.leclercdrive.fr/image.ashx?id=2887332&use=l&cat=p&typeid=i","cat":315229},{"id":174398,"n":"Eponges grattantes Eco + x6","p":0.96,"u":"0,16 €/P","img":"https://fd16-photos.leclercdrive.fr/image.ashx?id=2761295&use=l&cat=p&typeid=i","cat":284667},{"id":174489,"n":"Mini saucisson sec Saint Azay 160g","p":2.74,"u":"17,13 €/KG","img":"https://fd16-photos.leclercdrive.fr/image.ashx?id=2922709&use=l&cat=p&typeid=i","cat":316006},{"id":174565,"n":"Fruits au sirop St Mamet Pêche Poire Ananas - 475g","p":3.47,"u":"7,31 €/KG","img":"https://fd16-photos.leclercdrive.fr/image.ashx?id=2412438&use=l&cat=p&typeid=i","cat":284507},{"id":174709,"n":"Confiture Douceur du Verger 4 fruits rouges - 750 g","p":2.39,"u":"3,19 €/KG","img":"https://fd16-photos.leclercdrive.fr/image.ashx?id=2965554&use=l&cat=p&typeid=i","cat":284480},{"id":174710,"n":"Confiture Douceur du Verger Mirabelles - 370g","p":1.64,"u":"4,43 €/KG","img":"https://fd16-photos.leclercdrive.fr/image.ashx?id=2965560&use=l&cat=p&typeid=i","cat":284480},{"id":174712,"n":"Confiture Douceur du Verger Figues - 370g","p":1.58,"u":"4,27 €/KG","img":"https://fd16-photos.leclercdrive.fr/image.ashx?id=2965587&use=l&cat=p&typeid=i","cat":284480},{"id":174714,"n":"Confiture Douceur du Verger Mûres - 370g","p":1.99,"u":"5,38 €/KG","img":"https://fd16-photos.leclercdrive.fr/image.ashx?id=2970587&use=l&cat=p&typeid=i","cat":284480},{"id":174817,"n":"Gelée Douceur du Verger Mûres - 370g","p":1.99,"u":"5,38 €/KG","img":"https://fd16-photos.leclercdrive.fr/image.ashx?id=2965578&use=l&cat=p&typeid=i","cat":284480},{"id":174875,"n":"Gelée douceur du Verger Groseilles - 370g","p":1.29,"u":"3,49 €/KG","img":"https://fd16-photos.leclercdrive.fr/image.ashx?id=2965563&use=l&cat=p&typeid=i","cat":284480},{"id":174884,"n":"Céleri remoulade Bonduelle Au Fromage blanc - 320g","p":1.55,"u":"4,84 €/KG","img":"https://fd16-photos.leclercdrive.fr/image.ashx?id=2904709&use=l&cat=p&typeid=i","cat":333657},{"id":174886,"n":"Aubergine Eco+ 500g","p":0.99,"u":"1,98 €/KG","img":"https://fd16-photos.leclercdrive.fr/image.ashx?id=2907153&use=l&cat=p&typeid=i","cat":284352},{"id":174949,"n":"Crème fluide légère 3x20cl Soutenons Nos Agriculteurs","p":2.45,"u":"4,08 €/L","img":"https://fd16-photos.leclercdrive.fr/image.ashx?id=2291417&use=l&cat=p&typeid=i","cat":284381},{"id":174954,"n":"Crème liquide UHT 3x20cl Soutenons Nos Agriculteurs","p":3.49,"u":"5,82 €/L","img":"https://fd16-photos.leclercdrive.fr/image.ashx?id=2291414&use=l&cat=p&typeid=i","cat":284381},{"id":175037,"n":"Protège-slips Tena Lady Ultra mini+ - x24","p":2.83,"u":"0,12 €/P","img":"https://fd16-photos.leclercdrive.fr/image.ashx?id=2285522&use=l&cat=p&typeid=i","cat":284628},{"id":175058,"n":"Pois chiches Bonduelle Cuits Dans Très Peu De Jus 265g","p":1.24,"u":"4,68 €/KG","img":"https://fd16-photos.leclercdrive.fr/image.ashx?id=2926272&use=l&cat=p&typeid=i","cat":312609},{"id":175420,"n":"Citron à jus Filière Panier du Primeur Sachet 1kg","p":2.79,"u":"2,79 €/KG","img":"https://fd16-photos.leclercdrive.fr/image.ashx?id=2627667&use=l&cat=p&typeid=i","cat":284356},{"id":175512,"n":"IGP Quart de jambon Saint Azay Serrano - 220g","p":5.09,"u":"23,14 €/KG","img":"https://fd16-photos.leclercdrive.fr/image.ashx?id=2283929&use=l&cat=p&typeid=i","cat":316007},{"id":175551,"n":"Confit de canard du Sud-Ouest Nos Régions ont du Talent  420g","p":8.68,"u":"20,67 €/KG","img":"https://fd16-photos.leclercdrive.fr/image.ashx?id=2753544&use=l&cat=p&typeid=i","cat":284339},{"id":175556,"n":"Gel Douche Le Petit Marseillais  Haute tolerance amandier-400ml","p":2.35,"u":"5,88 €/L","img":"https://fd16-photos.leclercdrive.fr/image.ashx?id=2685174&use=l&cat=p&typeid=i","cat":284594},{"id":175557,"n":"Crème Visage Jour Nivea Matifiante Peaux Mixtes - 50ml","p":3.79,"u":"75,80 €/L","img":"https://fd16-photos.leclercdrive.fr/image.ashx?id=2659139&use=l&cat=p&typeid=i","cat":325345},{"id":175560,"n":"Sérum nutrition Vitanove 100ml","p":3.99,"u":"39,90 €/L","img":"https://fd16-photos.leclercdrive.fr/image.ashx?id=2691441&use=l&cat=p&typeid=i","cat":284608},{"id":175572,"n":"Thé noir Earl Grey Bio Village Bio - x20 - 36g","p":1.09,"u":"30,28 €/KG","img":"https://fd16-photos.leclercdrive.fr/image.ashx?id=2897913&use=l&cat=p&typeid=i","cat":293233},{"id":175573,"n":"Tagliatelle Barilla Aux oeufs - 450g","p":2.21,"u":"4,91 €/KG","img":"https://fd16-photos.leclercdrive.fr/image.ashx?id=2590342&use=l&cat=p&typeid=i","cat":284427},{"id":175574,"n":"Sauce bolognaise Panzani Extra riche - 400g","p":2.74,"u":"6,85 €/KG","img":"https://fd16-photos.leclercdrive.fr/image.ashx?id=2887527&use=l&cat=p&typeid=i","cat":299047},{"id":175576,"n":"Sachet fraicheur chat Sheba Filets au poulet et thon - 60g","p":1.09,"u":"18,17 €/KG","img":"https://fd16-photos.leclercdrive.fr/image.ashx?id=2292464&use=l&cat=p&typeid=i","cat":285286},{"id":175578,"n":"Sachet fraicheur chat Sheba Filets aux crevettes - 60g","p":1.09,"u":"18,17 €/KG","img":"https://fd16-photos.leclercdrive.fr/image.ashx?id=2292467&use=l&cat=p&typeid=i","cat":285286},{"id":175583,"n":"AOP Vin Rouge Rhône HVE Côtes du Rhône Héritages 75cl","p":5.99,"pp":4.49,"u":"5,99 €/L","img":"https://fd16-photos.leclercdrive.fr/image.ashx?id=2285654&use=l&cat=p&typeid=i","cat":289556},{"id":175586,"n":"Lentilles vertes Vivien Paille 1kg","p":3.6,"pp":2.38,"u":"2,38 €/KG","img":"https://fd16-photos.leclercdrive.fr/image.ashx?id=2285093&use=l&cat=p&typeid=i","cat":284430},{"id":175605,"n":"Amandes California Sainte Lucie Décortiquées - 125g","p":3.65,"u":"29,20 €/KG","img":"https://fd16-photos.leclercdrive.fr/image.ashx?id=2285219&use=l&cat=p&typeid=i","cat":284504},{"id":175685,"n":"Madeleine longue P'tit Déli Fourrés à la fraise - 240g","p":3.01,"u":"12,54 €/KG","img":"https://fd16-photos.leclercdrive.fr/image.ashx?id=2558386&use=l&cat=p&typeid=i","cat":284492},{"id":175713,"n":"Bière \"La Goudale\" Rubis - 6x25cl","p":4.45,"u":"2,97 €/L","img":"https://fd16-photos.leclercdrive.fr/image.ashx?id=2778245&use=l&cat=p&typeid=i","cat":334878},{"id":175763,"n":"Chocolat noir Novi Aux noisettes - 130g","p":3.19,"u":"24,54 €/KG","img":"https://fd16-photos.leclercdrive.fr/image.ashx?id=2294516&use=l&cat=p&typeid=i","cat":284956},{"id":175790,"n":"Sachet fraicheur chat Sheba Filets au poulet - 60g","p":1.1,"u":"18,33 €/KG","img":"https://fd16-photos.leclercdrive.fr/image.ashx?id=2287523&use=l&cat=p&typeid=i","cat":285286},{"id":175933,"n":"Pain de mie La Boulangère Avoine et graines - 500g","p":1.98,"u":"3,96 €/KG","img":"https://fd16-photos.leclercdrive.fr/image.ashx?id=2912431&use=l&cat=p&typeid=i","cat":325068},{"id":175945,"n":"Bonbon Scoubidou play Lutti 180g","p":1.67,"u":"9,28 €/KG","img":"https://fd16-photos.leclercdrive.fr/image.ashx?id=2346837&use=l&cat=p&typeid=i","cat":304250},{"id":175990,"n":"Sachets repas Gourmet Purina Perle Duo à la viande - 4x85g","p":2.62,"u":"7,71 €/KG","img":"https://fd16-photos.leclercdrive.fr/image.ashx?id=2901121&use=l&cat=p&typeid=i","cat":285286},{"id":175999,"n":"Barquette chien Cesar Terrine veau et carottes - 300g","p":1.66,"u":"5,53 €/KG","img":"https://fd16-photos.leclercdrive.fr/image.ashx?id=2289249&use=l&cat=p&typeid=i","cat":284673},{"id":176027,"n":"Frites Classiques McCain Just Au Four - 700g","p":2.52,"u":"3,60 €/KG","img":"https://fd16-photos.leclercdrive.fr/image.ashx?id=2997340&use=l&cat=p&typeid=i","cat":319791},{"id":176029,"n":"Frites Classiques McCain Just Au Four - 1,69kg","p":5.14,"u":"3,04 €/KG","img":"https://fd16-photos.leclercdrive.fr/image.ashx?id=2771319&use=l&cat=p&typeid=i","cat":319791},{"id":176030,"n":"Frites Allumettes McCain Just Au Four - 700g","p":2.64,"u":"3,77 €/KG","img":"https://fd16-photos.leclercdrive.fr/image.ashx?id=2772491&use=l&cat=p&typeid=i","cat":319791},{"id":176036,"n":"Frites friteuse McCain Tradition - 1,080kg","p":2.55,"u":"2,36 €/KG","img":"https://fd16-photos.leclercdrive.fr/image.ashx?id=2737930&use=l&cat=p&typeid=i","cat":319791},{"id":176040,"n":"Frites friteuse McCain Golden Allumette - 1,080kg","p":2.99,"u":"2,77 €/KG","img":"https://fd16-photos.leclercdrive.fr/image.ashx?id=2737939&use=l&cat=p&typeid=i","cat":319791},{"id":176043,"n":"La Frite Belge McCain 1.080kg","p":3.1,"u":"2,87 €/KG","img":"https://fd16-photos.leclercdrive.fr/image.ashx?id=2737942&use=l&cat=p&typeid=i","cat":319791},{"id":176387,"n":"Masque Hydra-Régénérant Elsève Hyaluron Repulp - 310ml","p":5.55,"u":"17,90 €/L","img":"https://fd16-photos.leclercdrive.fr/image.ashx?id=2865878&use=l&cat=p&typeid=i","cat":284608},{"id":176400,"n":"Gnocchi à poeler Lustucru  Lot de 2 + 1 offert - 900g","p":3.19,"u":"3,54 €/KG","img":"https://fd16-photos.leclercdrive.fr/image.ashx?id=2446671&use=l&cat=p&typeid=i","cat":333682},{"id":176533,"n":"Allumettes fumées Tradilège 1kg","p":8.7,"u":"8,70 €/KG","img":"https://fd16-photos.leclercdrive.fr/image.ashx?id=2721385&use=l&cat=p&typeid=i","cat":316011},{"id":176580,"n":"Margarine ProActiv Expert Tartine Doux - 225g","p":2.39,"pp":1.67,"u":"7,42 €/KG","img":"https://fd16-photos.leclercdrive.fr/image.ashx?id=2352035&use=l&cat=p&typeid=i","cat":315229},{"id":176595,"n":"Oeufs plein air Flandr'Oeufs  x6","p":1.69,"u":"0,28 €/P","img":"https://fd16-photos.leclercdrive.fr/image.ashx?id=2333303&use=l&cat=p&typeid=i","cat":284378},{"id":176596,"n":"Oeufs plein air Flandr'Oeufs x12","p":2.99,"u":"0,25 €/P","img":"https://fd16-photos.leclercdrive.fr/image.ashx?id=2333297&use=l&cat=p&typeid=i","cat":284378},{"id":176712,"n":"AOC Bordeaux Blanc 3L La petite chapelle de Bordeaux","p":15.49,"pp":10.22,"u":"3,41 €/L","img":"https://fd16-photos.leclercdrive.fr/image.ashx?id=2300839&use=l&cat=p&typeid=i","cat":289557},{"id":176750,"n":"Gel WC Action Intense Canard Cosmic Peach - 750ml","p":3.29,"u":"4,39 €/L","img":"https://fd16-photos.leclercdrive.fr/image.ashx?id=2467979&use=l&cat=p&typeid=i","cat":284662},{"id":176823,"n":"Moussaka au boeuf Fleury Michon 300g","p":3.74,"u":"12,47 €/KG","img":"https://fd16-photos.leclercdrive.fr/image.ashx?id=3003236&use=l&cat=p&typeid=i","cat":333665},{"id":176846,"n":"Knacki Original Herta x6 - 210g","p":1.61,"u":"7,67 €/KG","img":"https://fd16-photos.leclercdrive.fr/image.ashx?id=2299070&use=l&cat=p&typeid=i","cat":316012},{"id":176847,"n":"Knacki Original Herta x10 - 350g","p":1.77,"u":"5,06 €/KG","img":"https://fd16-photos.leclercdrive.fr/image.ashx?id=2304111&use=l&cat=p&typeid=i","cat":316012},{"id":176848,"n":"Knacki Original Herta Sans nitrite x6 - 210g","p":2.39,"u":"11,38 €/KG","img":"https://fd16-photos.leclercdrive.fr/image.ashx?id=2299073&use=l&cat=p&typeid=i","cat":316012},{"id":176930,"n":"Burger Moelleux Férial x4 - 440g","p":5.79,"u":"13,16 €/KG","img":"https://fd16-photos.leclercdrive.fr/image.ashx?id=2888410&use=l&cat=p&typeid=i","cat":284332},{"id":177052,"n":"Boudins blancs aux Morilles Lartigue & Fils - 250g","p":5.79,"pp":4.05,"u":"16,20 €/KG","img":"https://fd16-photos.leclercdrive.fr/image.ashx?id=2306066&use=l&cat=p&typeid=i","cat":316012},{"id":177112,"n":"Moulage chocolat Kinder Pain d'épice - 35g","p":1.75,"u":"50,00 €/KG","img":"https://fd16-photos.leclercdrive.fr/image.ashx?id=2619291&use=l&cat=p&typeid=i","cat":327592},{"id":177216,"n":"Bière blanche sans alcool 1664 0,0° - 6x25cl","p":5.02,"u":"3,35 €/L","img":"https://fd16-photos.leclercdrive.fr/image.ashx?id=2907890&use=l&cat=p&typeid=i","cat":334877},{"id":177219,"n":"Sorbet Plein Fruit L'Angélys Fraise - 500g","p":5.22,"u":"10,44 €/KG","img":"https://fd16-photos.leclercdrive.fr/image.ashx?id=2963610&use=l&cat=p&typeid=i","cat":284263},{"id":177319,"n":"Boulgour Tipiak 450g","p":1.93,"u":"4,29 €/KG","img":"https://fd16-photos.leclercdrive.fr/image.ashx?id=2766445&use=l&cat=p&typeid=i","cat":284429},{"id":177381,"n":"Bière blonde Ch'ti 6.8% vol. - 75cl","p":2.69,"u":"3,59 €/L","img":"https://fd16-photos.leclercdrive.fr/image.ashx?id=2840169&use=l&cat=p&typeid=i","cat":334852},{"id":177431,"n":"Sirop Carambar Caramel - 75cl","p":3.15,"pp":2.08,"u":"2,77 €/L","img":"https://fd16-photos.leclercdrive.fr/image.ashx?id=2388550&use=l&cat=p&typeid=i","cat":295020},{"id":177432,"n":"Sirop Carambar Cola - 75cl","p":3.15,"pp":2.08,"u":"2,77 €/L","img":"https://fd16-photos.leclercdrive.fr/image.ashx?id=2445139&use=l&cat=p&typeid=i","cat":295020},{"id":177434,"n":"Sirop Carambar Fraise - 75cl","p":3.61,"u":"4,81 €/L","img":"https://fd16-photos.leclercdrive.fr/image.ashx?id=2398913&use=l&cat=p&typeid=i","cat":295020},{"id":177458,"n":"Bière blonde La Goudale 0° - 6x25cl","p":4.68,"u":"3,12 €/L","img":"https://fd16-photos.leclercdrive.fr/image.ashx?id=2970963&use=l&cat=p&typeid=i","cat":334877},{"id":177643,"n":"Gnocchi Roll à poêler Lustucru Format maxi - 500g","p":3.0,"u":"6,00 €/KG","img":"https://fd16-photos.leclercdrive.fr/image.ashx?id=2786210&use=l&cat=p&typeid=i","cat":333682},{"id":177644,"n":"Gnocchi à poêler Lustucru Extra Chèvre - 280g","p":2.8,"u":"10,00 €/KG","img":"https://fd16-photos.leclercdrive.fr/image.ashx?id=2915979&use=l&cat=p&typeid=i","cat":333682},{"id":177657,"n":"Blanc de dinde Fleury Michon Doré au Four x4 - 160g","p":2.43,"u":"15,19 €/KG","img":"https://fd16-photos.leclercdrive.fr/image.ashx?id=2816868&use=l&cat=p&typeid=i","cat":316010},{"id":177670,"n":"Crème fraîche entière Yoplait 30%MG - 450g","p":1.98,"u":"4,40 €/KG","img":"https://fd16-photos.leclercdrive.fr/image.ashx?id=2811044&use=l&cat=p&typeid=i","cat":284381},{"id":177676,"n":"Skyr Yoplait  Nature 0%MG - 8x100G","p":3.43,"u":"4,29 €/KG","img":"https://fd16-photos.leclercdrive.fr/image.ashx?id=2884450&use=l&cat=p&typeid=i","cat":315000},{"id":177677,"n":"Skyr Yoplait  Lit Fruits Rouges 0%MG - 8x100G","p":3.49,"u":"4,36 €/KG","img":"https://fd16-photos.leclercdrive.fr/image.ashx?id=2884453&use=l&cat=p&typeid=i","cat":315000},{"id":177698,"n":"Knacki Original Herta Sans nitrite x4 - 140g","p":2.15,"u":"15,36 €/KG","img":"https://fd16-photos.leclercdrive.fr/image.ashx?id=2309423&use=l&cat=p&typeid=i","cat":316012},{"id":177701,"n":"Olives dénoyautées aux herbes Croc'frais - 500g","p":3.39,"u":"6,78 €/KG","img":"https://fd16-photos.leclercdrive.fr/image.ashx?id=2589428&use=l&cat=p&typeid=i","cat":316002},{"id":177704,"n":"Knacki Original Herta 100% Porc - 210g","p":1.95,"u":"9,29 €/KG","img":"https://fd16-photos.leclercdrive.fr/image.ashx?id=2309417&use=l&cat=p&typeid=i","cat":316012},{"id":177717,"n":"Bière blonde Ch'ti  6,8° - 33cl","p":1.48,"u":"4,48 €/L","img":"https://fd16-photos.leclercdrive.fr/image.ashx?id=2309615&use=l&cat=p&typeid=i","cat":334873},{"id":177849,"n":"Lessive Sanytol désinfectante fraicheur florale - 1,70L","p":10.19,"u":"5,99 €/L","img":"https://fd16-photos.leclercdrive.fr/image.ashx?id=2902978&use=l&cat=p&typeid=i","cat":284640},{"id":178087,"n":"Moulage chocolat Kinder Abeilles - 35g","p":1.75,"u":"50,00 €/KG","img":"https://fd16-photos.leclercdrive.fr/image.ashx?id=2313042&use=l&cat=p&typeid=i","cat":327592},{"id":178110,"n":"Pizza Dr.Oetker Ristorante Thon - 355g","p":2.66,"u":"7,49 €/KG","img":"https://fd16-photos.leclercdrive.fr/image.ashx?id=2993056&use=l&cat=p&typeid=i","cat":284256},{"id":178114,"n":"Pizza Ristorante Dr Oetker Royale - 350g","p":2.86,"u":"8,17 €/KG","img":"https://fd16-photos.leclercdrive.fr/image.ashx?id=2993044&use=l&cat=p&typeid=i","cat":284256},{"id":178144,"n":"Thé glacé MayTea Saveur Pêche - 1,2L","p":1.96,"u":"1,63 €/L","img":"https://fd16-photos.leclercdrive.fr/image.ashx?id=2648661&use=l&cat=p&typeid=i","cat":295019},{"id":178260,"n":"Truite fumée Eco+ 100g","p":2.33,"u":"23,30 €/KG","img":"https://fd16-photos.leclercdrive.fr/image.ashx?id=2973505&use=l&cat=p&typeid=i","cat":285188},{"id":178266,"n":"Gel Douche Lait Cottage Le Caramel - 250 ml","p":2.21,"u":"8,84 €/L","img":"https://fd16-photos.leclercdrive.fr/image.ashx?id=2314936&use=l&cat=p&typeid=i","cat":284594},{"id":178267,"n":"Gel Douche Lait Cottage Fleur d'oranger - 250 ml","p":2.36,"u":"9,44 €/L","img":"https://fd16-photos.leclercdrive.fr/image.ashx?id=2315934&use=l&cat=p&typeid=i","cat":284594},{"id":178343,"n":"Gaufres de liège chocolat Eco + 300g","p":1.37,"u":"4,57 €/KG","img":"https://fd16-photos.leclercdrive.fr/image.ashx?id=2315764&use=l&cat=p&typeid=i","cat":294777},{"id":178346,"n":"Thé glacé MayTea Saveur Framboise - 1,2L","p":1.95,"u":"1,63 €/L","img":"https://fd16-photos.leclercdrive.fr/image.ashx?id=2643863&use=l&cat=p&typeid=i","cat":295019},{"id":178350,"n":"Légumes pour pot-au-feu Notre Jardin - 1kg","p":2.9,"u":"2,90 €/KG","img":"https://fd16-photos.leclercdrive.fr/image.ashx?id=2900190&use=l&cat=p&typeid=i","cat":319823},{"id":178362,"n":"Gelée Eclaircissante 100% Ultra Blond effet soleil","p":8.17,"u":"54,47 €/L","img":"https://fd16-photos.leclercdrive.fr/image.ashx?id=2575603&use=l&cat=p&typeid=i","cat":288899},{"id":178385,"n":"Margarine Proactive Tartine Doux - 450g","p":3.99,"pp":2.79,"u":"6,20 €/KG","img":"https://fd16-photos.leclercdrive.fr/image.ashx?id=2352032&use=l&cat=p&typeid=i","cat":315229},{"id":178539,"n":"Gel Lavant Bébé Mots d'Enfants 2en1 Bio 750ml","p":3.95,"u":"5,27 €/L","img":"https://fd16-photos.leclercdrive.fr/image.ashx?id=3014305&use=l&cat=p&typeid=i","cat":284740},{"id":178553,"n":"Eau Cologne Eco + Lavande 1L","p":2.53,"u":"2,53 €/L","img":"https://fd16-photos.leclercdrive.fr/image.ashx?id=2690859&use=l&cat=p&typeid=i","cat":291525},{"id":178554,"n":"Eau de Cologne Eco + Fraîcheur 500ml","p":1.97,"u":"3,94 €/L","img":"https://fd16-photos.leclercdrive.fr/image.ashx?id=3001196&use=l&cat=p&typeid=i","cat":291525},{"id":178566,"n":"Eau de Cologne Eco + Ambre 500ml","p":1.9,"u":"3,80 €/L","img":"https://fd16-photos.leclercdrive.fr/image.ashx?id=2999562&use=l&cat=p&typeid=i","cat":291525},{"id":178571,"n":"Désodorisant Eco + Marine 300ml","p":0.68,"u":"2,27 €/L","img":"https://fd16-photos.leclercdrive.fr/image.ashx?id=2843568&use=l&cat=p&typeid=i","cat":311626},{"id":178572,"n":"Patchs Chauffants Primoplast X2","p":4.99,"u":"2,50 €/P","img":"https://fd16-photos.leclercdrive.fr/image.ashx?id=2856600&use=l&cat=p&typeid=i","cat":284630},{"id":178573,"n":"Crème Lavante Manava  Velours Amande 1L","p":2.55,"u":"2,55 €/L","img":"https://fd16-photos.leclercdrive.fr/image.ashx?id=2935546&use=l&cat=p&typeid=i","cat":284597},{"id":178620,"n":"Dentifrice L'Arbre Vert Bien-être - 75ml","p":1.67,"u":"22,27 €/L","img":"https://fd16-photos.leclercdrive.fr/image.ashx?id=2892808&use=l&cat=p&typeid=i","cat":284612},{"id":178625,"n":"Recharge gel douche Sanex Zéro% Tous types de peaux - 500ml","p":3.17,"u":"6,34 €/L","img":"https://fd16-photos.leclercdrive.fr/image.ashx?id=2859986&use=l&cat=p&typeid=i","cat":284594},{"id":178682,"n":"Bière blonde Grimbergen Cuvé 8.5 6X25cl","p":5.9,"u":"3,93 €/L","img":"https://fd16-photos.leclercdrive.fr/image.ashx?id=2319541&use=l&cat=p&typeid=i","cat":334852},{"id":178683,"n":"Bière blonde Grimbergen Triple Hops 7,5° - 6x25cl","p":6.08,"u":"4,05 €/L","img":"https://fd16-photos.leclercdrive.fr/image.ashx?id=2319538&use=l&cat=p&typeid=i","cat":334852},{"id":178845,"n":"Tampons Tampax Compak  Avec applicateur - Super+ - x22","p":3.03,"u":"0,14 €/P","img":"https://fd16-photos.leclercdrive.fr/image.ashx?id=2850405&use=l&cat=p&typeid=i","cat":284626},{"id":178888,"n":"Soin jour anti-âge Nivea FPS15 Peaux matures et sèches - 50ml","p":14.5,"u":"290,00 €/L","img":"https://fd16-photos.leclercdrive.fr/image.ashx?id=2321532&use=l&cat=p&typeid=i","cat":325345},{"id":178890,"n":"Café en grains San Marco n°7 - 1kg","p":17.5,"u":"17,50 €/KG","img":"https://fd16-photos.leclercdrive.fr/image.ashx?id=2322157&use=l&cat=p&typeid=i","cat":293237},{"id":178897,"n":"Bière rouge Kwak 8% - 75cl","p":4.6,"u":"6,13 €/L","img":"https://fd16-photos.leclercdrive.fr/image.ashx?id=2548318&use=l&cat=p&typeid=i","cat":334872},{"id":178899,"n":"Bière blonde Kwak 7,4% - 75cl","p":4.6,"u":"6,13 €/L","img":"https://fd16-photos.leclercdrive.fr/image.ashx?id=2548321&use=l&cat=p&typeid=i","cat":334872},{"id":178950,"n":"Eponge Spontex  Flash - x2","p":2.36,"u":"78,67 €/KG","img":"https://fd16-photos.leclercdrive.fr/image.ashx?id=2657781&use=l&cat=p&typeid=i","cat":284667},{"id":178951,"n":"Sacs poubelle Handy Bag   Ultra résistant 50L - x10","p":2.93,"pp":1.93,"u":"0,19 €/P","img":"https://fd16-photos.leclercdrive.fr/image.ashx?id=2918970&use=l&cat=p&typeid=i","cat":285168},{"id":178974,"n":"Mouchoirs Balsam Kleenex® Boîte x64","p":1.8,"u":"0,03 €/P","img":"https://fd16-photos.leclercdrive.fr/image.ashx?id=2853353&use=l&cat=p&typeid=i","cat":284638},{"id":179025,"n":"Sacs poubelle 30L Handy Bag Ultra résistant - x20","p":2.8,"pp":1.85,"u":"0,09 €/P","img":"https://fd16-photos.leclercdrive.fr/image.ashx?id=2603800&use=l&cat=p&typeid=i","cat":285168},{"id":179026,"n":"Sacs poubelle 50L Handy Bag Ultra résistant - x10","p":2.1,"pp":1.39,"u":"0,14 €/P","img":"https://fd16-photos.leclercdrive.fr/image.ashx?id=2906730&use=l&cat=p&typeid=i","cat":285168},{"id":179027,"n":"Sacs poubelle 30L Handy Bag Ultra résistant - x15","p":2.9,"pp":1.91,"u":"0,13 €/P","img":"https://fd16-photos.leclercdrive.fr/image.ashx?id=2992278&use=l&cat=p&typeid=i","cat":285168},{"id":179029,"n":"Sacs poubelle 30L Handy Bag Dévor odeur Ultra Résistant-x12","p":4.28,"img":"https://fd16-photos.leclercdrive.fr/image.ashx?id=2906724&use=l&cat=p&typeid=i","cat":285168},{"id":179032,"n":"Sac poubelle 50L Handy Bag Fixation élastique x10","p":3.78,"u":"0,08 €/L","img":"https://fd16-photos.leclercdrive.fr/image.ashx?id=2906721&use=l&cat=p&typeid=i","cat":285168},{"id":179041,"n":"Ultra ZIP moyen modèle Albal  15 sacs","p":3.1,"img":"https://fd16-photos.leclercdrive.fr/image.ashx?id=2929068&use=l&cat=p&typeid=i","cat":334134},{"id":179075,"n":"Smoothie Yellow True Fruits 75cl","p":4.94,"u":"6,59 €/L","img":"https://fd16-photos.leclercdrive.fr/image.ashx?id=2871082&use=l&cat=p&typeid=i","cat":285435},{"id":179081,"n":"Le Maïs Bonduelle 3x285g","p":3.04,"u":"3,56 €/KG","img":"https://fd16-photos.leclercdrive.fr/image.ashx?id=2746202&use=l&cat=p&typeid=i","cat":312611},{"id":179085,"n":"Rhum épicé Bacardi Spiced 35° - 70cl","p":15.3,"u":"21,86 €/L","img":"https://fd16-photos.leclercdrive.fr/image.ashx?id=2322823&use=l&cat=p&typeid=i","cat":284550},{"id":179087,"n":"Liquide Vaisselle Paic Citron - 750ml","p":1.7,"u":"2,27 €/L","img":"https://fd16-photos.leclercdrive.fr/image.ashx?id=2322835&use=l&cat=p&typeid=i","cat":284655},{"id":179088,"n":"Liquide Vaisselle Paic Citron Vert - 750ml","p":1.9,"u":"2,53 €/L","img":"https://fd16-photos.leclercdrive.fr/image.ashx?id=2322838&use=l&cat=p&typeid=i","cat":284655},{"id":179263,"n":"Sérum de nuit L'Oréal Paris Age Perfect anti-âge - 30ml","p":11.97,"pp":7.9,"u":"263,33 €/L","img":"https://fd16-photos.leclercdrive.fr/image.ashx?id=2867536&use=l&cat=p&typeid=i","cat":325345},{"id":179301,"n":"Eau Micellaire Garnier Peaux Sèches, Sensibles - 400ml","p":2.82,"u":"7,05 €/L","img":"https://fd16-photos.leclercdrive.fr/image.ashx?id=2323637&use=l&cat=p&typeid=i","cat":284603},{"id":179326,"n":"Gel douche Sanex Zéro 0% Peaux sèches - 475ml","p":3.17,"u":"6,67 €/L","img":"https://fd16-photos.leclercdrive.fr/image.ashx?id=2692857&use=l&cat=p&typeid=i","cat":284594},{"id":179352,"n":"Eco recharge gel douche Sanex 0% Peaux sèches - 500ml","p":3.05,"u":"6,10 €/L","img":"https://fd16-photos.leclercdrive.fr/image.ashx?id=2866199&use=l&cat=p&typeid=i","cat":284594},{"id":179382,"n":"Crème nutritive SO'BiO étic bio Argan Peaux matures - 50ml","p":16.56,"u":"331,20 €/L","img":"https://fd16-photos.leclercdrive.fr/image.ashx?id=2775628&use=l&cat=p&typeid=i","cat":325345},{"id":179384,"n":"Pâte à tartiner Eco+ 750g - aux noissettes","p":2.47,"u":"3,29 €/KG","img":"https://fd16-photos.leclercdrive.fr/image.ashx?id=2841148&use=l&cat=p&typeid=i","cat":284481},{"id":179403,"n":"Eau gazeuse Vichy Célestins 6x1,15L","p":3.72,"u":"0,54 €/L","img":"https://fd16-photos.leclercdrive.fr/image.ashx?id=2376542&use=l&cat=p&typeid=i","cat":284536},{"id":179417,"n":"Pile Alcalines Energizer  Max AA/LR6 - x6","p":7.3,"img":"https://fd16-photos.leclercdrive.fr/image.ashx?id=2737198&use=l&cat=p&typeid=i","cat":300572},{"id":179418,"n":"Pile Alcalines Energizer Max AAA/LR03 - x6","p":7.3,"img":"https://fd16-photos.leclercdrive.fr/image.ashx?id=2850722&use=l&cat=p&typeid=i","cat":300572},{"id":179422,"n":"Spray désodorisant Airwick Neutralisateur Coton - 237ml","p":4.1,"u":"17,30 €/L","img":"https://fd16-photos.leclercdrive.fr/image.ashx?id=2792822&use=l&cat=p&typeid=i","cat":311626},{"id":179433,"n":"Brioche Pitch Chocolat au lait x8 - 300g","p":2.14,"u":"7,13 €/KG","img":"https://fd16-photos.leclercdrive.fr/image.ashx?id=2452113&use=l&cat=p&typeid=i","cat":293505},{"id":179438,"n":"Brioche Pitch Pépites de chocolat x12 - 450g","p":3.2,"u":"7,11 €/KG","img":"https://fd16-photos.leclercdrive.fr/image.ashx?id=2452104&use=l&cat=p&typeid=i","cat":293505},{"id":179439,"n":"Brioches Pitch Choco barre noir x8-  300g","p":2.89,"u":"9,63 €/KG","img":"https://fd16-photos.leclercdrive.fr/image.ashx?id=2452101&use=l&cat=p&typeid=i","cat":293505},{"id":179440,"n":"Brioches Pitch  Choco barre lait x8 - 300g","p":2.33,"u":"7,77 €/KG","img":"https://fd16-photos.leclercdrive.fr/image.ashx?id=2454115&use=l&cat=p&typeid=i","cat":293505},{"id":179443,"n":"Brioches Pitch Crousti x8 - 300g","p":2.78,"u":"9,27 €/KG","img":"https://fd16-photos.leclercdrive.fr/image.ashx?id=2454109&use=l&cat=p&typeid=i","cat":293505},{"id":179474,"n":"Brosse à dents Colgate Zigzag Souple - x3","p":4.45,"u":"1,48 €/P","img":"https://fd16-photos.leclercdrive.fr/image.ashx?id=2342625&use=l&cat=p&typeid=i","cat":284614},{"id":179533,"n":"Soda Fanta citron  bouteille - 1.25L","p":1.68,"u":"1,34 €/L","img":"https://fd16-photos.leclercdrive.fr/image.ashx?id=2659394&use=l&cat=p&typeid=i","cat":284532},{"id":179603,"n":"Bonbons Tic Tac  49g - Framboise myrtille","p":1.6,"u":"32,65 €/KG","img":"https://fd16-photos.leclercdrive.fr/image.ashx?id=2479492&use=l&cat=p&typeid=i","cat":304256},{"id":179652,"n":"Champagne Nicolas Feuillatte Demi-sec 12%vol - 75cl","p":22.35,"pp":20.11,"u":"26,81 €/L","img":"https://fd16-photos.leclercdrive.fr/image.ashx?id=2504797&use=l&cat=p&typeid=i","cat":284542},{"id":179669,"n":"Liquide vaisselle Paic Citron - 1,5L","p":2.75,"u":"1,83 €/L","img":"https://fd16-photos.leclercdrive.fr/image.ashx?id=2328673&use=l&cat=p&typeid=i","cat":284655},{"id":179673,"n":"Blocs WC Ball Syphon Tropical - x2","p":2.32,"u":"1,16 €/P","img":"https://fd16-photos.leclercdrive.fr/image.ashx?id=2925723&use=l&cat=p&typeid=i","cat":284662},{"id":179770,"n":"Bière Rince cochon triple 75cl","p":4.31,"u":"5,75 €/L","img":"https://fd16-photos.leclercdrive.fr/image.ashx?id=2475747&use=l&cat=p&typeid=i","cat":334872},{"id":179973,"n":"Rosso  14,4% - 1L","p":3.47,"u":"3,47 €/L","img":"https://fd16-photos.leclercdrive.fr/image.ashx?id=2800228&use=l&cat=p&typeid=i","cat":284913},{"id":179979,"n":"AOC Crémant d'Alsace brut 75cl","p":5.35,"u":"7,13 €/L","img":"https://fd16-photos.leclercdrive.fr/image.ashx?id=2888932&use=l&cat=p&typeid=i","cat":284545},{"id":180041,"n":"Chips Tuiles Pringles Paprika - 175g","p":1.77,"u":"10,11 €/KG","img":"https://fd16-photos.leclercdrive.fr/image.ashx?id=2902301&use=l&cat=p&typeid=i","cat":287899},{"id":180061,"n":"Thé vert bio Bio village  36g","p":1.33,"u":"36,94 €/KG","img":"https://fd16-photos.leclercdrive.fr/image.ashx?id=2897910&use=l&cat=p&typeid=i","cat":293233},{"id":180066,"n":"Cidre brut Eco+ 4% - 75cl","p":1.59,"u":"2,12 €/L","img":"https://fd16-photos.leclercdrive.fr/image.ashx?id=2903920&use=l&cat=p&typeid=i","cat":334880},{"id":180071,"n":"Cidre doux Eco+ 2% - 75cl","p":1.59,"u":"2,12 €/L","img":"https://fd16-photos.leclercdrive.fr/image.ashx?id=2903926&use=l&cat=p&typeid=i","cat":334880},{"id":180074,"n":"Fond de veau Maggi - 240g","p":3.48,"u":"14,50 €/KG","img":"https://fd16-photos.leclercdrive.fr/image.ashx?id=2918047&use=l&cat=p&typeid=i","cat":288379},{"id":180079,"n":"Biscuits chocolats Kinder Duo Chocolat blanc et lait - 150g","p":2.07,"u":"13,80 €/KG","img":"https://fd16-photos.leclercdrive.fr/image.ashx?id=2959127&use=l&cat=p&typeid=i","cat":284488},{"id":180081,"n":"Moulin 3 poivres Sainte Lucie - 44g","p":3.42,"u":"77,73 €/KG","img":"https://fd16-photos.leclercdrive.fr/image.ashx?id=2774457&use=l&cat=p&typeid=i","cat":284457},{"id":180083,"n":"Pastis Eco+ 40% - 1L","p":15.08,"u":"15,08 €/L","img":"https://fd16-photos.leclercdrive.fr/image.ashx?id=2637823&use=l&cat=p&typeid=i","cat":284548},{"id":180084,"n":"Basilic Sainte Lucie Saveur du potager - 4g","p":2.09,"u":"522,50 €/KG","img":"https://fd16-photos.leclercdrive.fr/image.ashx?id=2774466&use=l&cat=p&typeid=i","cat":298297},{"id":180090,"n":"Baies de Genièvre Sainte Lucie - 30g","p":1.67,"u":"55,67 €/KG","img":"https://fd16-photos.leclercdrive.fr/image.ashx?id=2776130&use=l&cat=p&typeid=i","cat":298297},{"id":180157,"n":"Gelée de Groseilles Bonne Maman - 370g","p":1.9,"u":"5,14 €/KG","img":"https://fd16-photos.leclercdrive.fr/image.ashx?id=2482975&use=l&cat=p&typeid=i","cat":284480},{"id":180167,"n":"Complément alimentaire Juvamine magnésium marin + vit B6 x30","p":5.64,"img":"https://fd16-photos.leclercdrive.fr/image.ashx?id=2745643&use=l&cat=p&typeid=i","cat":313217},{"id":180173,"n":"Pâté de foie Hénaff supérieur  sel de Guérande - 3x78g","p":2.25,"u":"9,62 €/KG","img":"https://fd16-photos.leclercdrive.fr/image.ashx?id=2582132&use=l&cat=p&typeid=i","cat":305149},{"id":180179,"n":"Sauce tomate aux champignons  Panzani Bolets et cèpes - 210g","p":1.75,"u":"8,33 €/KG","img":"https://fd16-photos.leclercdrive.fr/image.ashx?id=2880676&use=l&cat=p&typeid=i","cat":299047},{"id":180180,"n":"Ramen Tanoshi saveur boeuf nouilles japonaises - 360g","p":3.04,"u":"8,44 €/KG","img":"https://fd16-photos.leclercdrive.fr/image.ashx?id=2922974&use=l&cat=p&typeid=i","cat":288992},{"id":180187,"n":"Sauce Pesto Tomates Basilic Panzani - 200G","p":1.79,"u":"8,95 €/KG","img":"https://fd16-photos.leclercdrive.fr/image.ashx?id=2977930&use=l&cat=p&typeid=i","cat":287599},{"id":180190,"n":"Sauce Charal Miel Moutarde - 3x40g","p":2.75,"u":"22,92 €/KG","img":"https://fd16-photos.leclercdrive.fr/image.ashx?id=2330622&use=l&cat=p&typeid=i","cat":284382},{"id":180196,"n":"Brioches Pitch  Pomme poire - x8 - 300g","p":2.69,"u":"8,97 €/KG","img":"https://fd16-photos.leclercdrive.fr/image.ashx?id=2454100&use=l&cat=p&typeid=i","cat":293505},{"id":180197,"n":"Langue Pik Haribo Sachet bonbons acidulés - 180g","p":1.67,"u":"9,28 €/KG","img":"https://fd16-photos.leclercdrive.fr/image.ashx?id=2984949&use=l&cat=p&typeid=i","cat":304250},{"id":180199,"n":"Pandawaï Pik Haribo Sachet bonbons acidulés - 200g","p":2.07,"u":"10,35 €/KG","img":"https://fd16-photos.leclercdrive.fr/image.ashx?id=2806120&use=l&cat=p&typeid=i","cat":304250},{"id":180205,"n":"Bonbons Werther's Original  coeur caramel - 160g","p":1.91,"u":"11,94 €/KG","img":"https://fd16-photos.leclercdrive.fr/image.ashx?id=2660173&use=l&cat=p&typeid=i","cat":304252},{"id":180247,"n":"Double concentré de tomates  Eco+ - 440g","p":1.31,"u":"2,98 €/KG","img":"https://fd16-photos.leclercdrive.fr/image.ashx?id=2669648&use=l&cat=p&typeid=i","cat":288384},{"id":180266,"n":"Parmentier de bœuf Marie 300g","p":4.46,"u":"14,87 €/KG","img":"https://fd16-photos.leclercdrive.fr/image.ashx?id=2881347&use=l&cat=p&typeid=i","cat":333665},{"id":180291,"n":"Complément alimentaire Juvamine Lutéine myrtille pour yeux -x40","p":4.99,"u":"0,12 €/P","img":"https://fd16-photos.leclercdrive.fr/image.ashx?id=2455918&use=l&cat=p&typeid=i","cat":284632},{"id":180301,"n":"Complément alimentaire Juvamine Thé vert Guarana - x30","p":3.22,"u":"0,11 €/P","img":"https://fd16-photos.leclercdrive.fr/image.ashx?id=2578079&use=l&cat=p&typeid=i","cat":284632},{"id":180302,"n":"Biscuits Palmier St Michel  au beurre - 87g","p":1.22,"u":"14,02 €/KG","img":"https://fd16-photos.leclercdrive.fr/image.ashx?id=2555379&use=l&cat=p&typeid=i","cat":284487},{"id":180304,"n":"Semoule de couscous moyen Eco+ - 1kg","p":1.05,"u":"1,05 €/KG","img":"https://fd16-photos.leclercdrive.fr/image.ashx?id=2757906&use=l&cat=p&typeid=i","cat":284429},{"id":180305,"n":"Pâté de foie Eco+ x3 - 234g","p":1.33,"u":"5,68 €/KG","img":"https://fd16-photos.leclercdrive.fr/image.ashx?id=2852940&use=l&cat=p&typeid=i","cat":305149},{"id":180317,"n":"Pistaches non salées Tokapi 125g","p":2.33,"u":"18,64 €/KG","img":"https://fd16-photos.leclercdrive.fr/image.ashx?id=2793302&use=l&cat=p&typeid=i","cat":284448},{"id":180325,"n":"Palmiers feuilletés Tokapi  tomate épicée - 75g","p":1.85,"u":"24,67 €/KG","img":"https://fd16-photos.leclercdrive.fr/image.ashx?id=2330963&use=l&cat=p&typeid=i","cat":297000},{"id":180327,"n":"Pâtée pour chats Eco+ poisson et à la carotte - 410g","p":0.7,"u":"1,71 €/KG","img":"https://fd16-photos.leclercdrive.fr/image.ashx?id=2794175&use=l&cat=p&typeid=i","cat":285601},{"id":180333,"n":"Grignot' cacahuètes Tokapi - 140g","p":0.99,"u":"7,07 €/KG","img":"https://fd16-photos.leclercdrive.fr/image.ashx?id=2331066&use=l&cat=p&typeid=i","cat":284449},{"id":180335,"n":"Chocolat noir Poulain extra-fin à cuisiner - 2x180g","p":3.92,"u":"10,89 €/KG","img":"https://fd16-photos.leclercdrive.fr/image.ashx?id=2986672&use=l&cat=p&typeid=i","cat":284956},{"id":180344,"n":"Fromage enfant Mini Babybel 6 portions goûter - 132g","p":2.31,"u":"17,50 €/KG","img":"https://fd16-photos.leclercdrive.fr/image.ashx?id=2970822&use=l&cat=p&typeid=i","cat":314030},{"id":180345,"n":"Fromage enfant Mini Babybel 12 portions goûter - 264g","p":4.35,"u":"16,48 €/KG","img":"https://fd16-photos.leclercdrive.fr/image.ashx?id=2970825&use=l&cat=p&typeid=i","cat":314030},{"id":180347,"n":"Chips Pom'lisse nature sans sel - 125g","p":1.19,"u":"9,52 €/KG","img":"https://fd16-photos.leclercdrive.fr/image.ashx?id=2919661&use=l&cat=p&typeid=i","cat":284447},{"id":180348,"n":"Rondelles de cornichons Rustica aigres doux - 185g","p":1.6,"u":"8,65 €/KG","img":"https://fd16-photos.leclercdrive.fr/image.ashx?id=2916725&use=l&cat=p&typeid=i","cat":284458},{"id":180351,"n":"Friandises chat Sheba Creamy snacks poulet - 4x12g","p":2.93,"u":"61,04 €/KG","img":"https://fd16-photos.leclercdrive.fr/image.ashx?id=2331147&use=l&cat=p&typeid=i","cat":285285},{"id":180352,"n":"Friandises chat Sheba Creamy snacks saumon - 4x12g","p":2.94,"u":"61,25 €/KG","img":"https://fd16-photos.leclercdrive.fr/image.ashx?id=2331150&use=l&cat=p&typeid=i","cat":285285},{"id":180367,"n":"Chocolat au lait Tablette d'or éclats de caramel - 3x100g","p":3.68,"u":"12,27 €/KG","img":"https://fd16-photos.leclercdrive.fr/image.ashx?id=2331084&use=l&cat=p&typeid=i","cat":284497},{"id":180397,"n":"Barres Chocolatées KINDER BUENO  Chocolat au Lait x3 - 129g","p":2.23,"u":"17,29 €/KG","img":"https://fd16-photos.leclercdrive.fr/image.ashx?id=2762295&use=l&cat=p&typeid=i","cat":284498},{"id":180401,"n":"Mayonnaise Bénédicta Nature - 255g","p":1.82,"u":"7,14 €/KG","img":"https://fd16-photos.leclercdrive.fr/image.ashx?id=2658734&use=l&cat=p&typeid=i","cat":298295},{"id":180418,"n":"Pois chiches Sultanines 530g","p":1.57,"u":"2,96 €/KG","img":"https://fd16-photos.leclercdrive.fr/image.ashx?id=2331363&use=l&cat=p&typeid=i","cat":312609},{"id":180453,"n":"Thé glacé Fuze Tea  Pêche Intense - 6x33cl","p":3.93,"u":"1,98 €/L","img":"https://fd16-photos.leclercdrive.fr/image.ashx?id=2940405&use=l&cat=p&typeid=i","cat":295019},{"id":180492,"n":"Saucisson sec au Comté Gourmets Charcutiers - 100g","p":2.5,"u":"25,00 €/KG","img":"https://fd16-photos.leclercdrive.fr/image.ashx?id=2332510&use=l&cat=p&typeid=i","cat":316007},{"id":180493,"n":"Bol saucisson sec aux Noisettes Gourmets Charcutiers - 100g","p":2.5,"u":"25,00 €/KG","img":"https://fd16-photos.leclercdrive.fr/image.ashx?id=2665373&use=l&cat=p&typeid=i","cat":316007},{"id":180494,"n":"Chorizo Gourmets charcutiers - 100g","p":2.5,"u":"25,00 €/KG","img":"https://fd16-photos.leclercdrive.fr/image.ashx?id=2665376&use=l&cat=p&typeid=i","cat":316007},{"id":180498,"n":"Chips ancienne nature Lay's Sel - 155g","p":1.31,"u":"8,45 €/KG","img":"https://fd16-photos.leclercdrive.fr/image.ashx?id=2996596&use=l&cat=p&typeid=i","cat":284447},{"id":180544,"n":"Serviettes hygiéniques Nana Ultra - Régulier+ - x28","p":3.49,"u":"0,12 €/P","img":"https://fd16-photos.leclercdrive.fr/image.ashx?id=2756458&use=l&cat=p&typeid=i","cat":284624},{"id":180545,"n":"Serviettes hygiéniques Nana Ultra - Régulier+ - x14","p":2.0,"u":"0,14 €/P","img":"https://fd16-photos.leclercdrive.fr/image.ashx?id=3011881&use=l&cat=p&typeid=i","cat":284624},{"id":180546,"n":"Serviettes Ultra Régulier+ Nana Deo Ailettes Flux modéré - x14","p":2.14,"u":"0,15 €/P","img":"https://fd16-photos.leclercdrive.fr/image.ashx?id=2767225&use=l&cat=p&typeid=i","cat":284624},{"id":180547,"n":"Serviettes hygiéniques Nana Ultra - Régulier- x16","p":2.05,"u":"0,13 €/P","img":"https://fd16-photos.leclercdrive.fr/image.ashx?id=3000860&use=l&cat=p&typeid=i","cat":284624},{"id":180550,"n":"Serviettes hygiéniques Nana Ultra - Spécial Nuit - x10","p":2.28,"u":"0,23 €/P","img":"https://fd16-photos.leclercdrive.fr/image.ashx?id=2944990&use=l&cat=p&typeid=i","cat":284624},{"id":180552,"n":"Soda à l'orange Orangina 6x25cl verre","p":5.34,"u":"3,56 €/L","img":"https://fd16-photos.leclercdrive.fr/image.ashx?id=2476431&use=l&cat=p&typeid=i","cat":284532},{"id":180751,"n":"Duo Apéro Fromager Gourmets Charcutiers - 180g","p":3.89,"u":"21,61 €/KG","img":"https://fd16-photos.leclercdrive.fr/image.ashx?id=2340951&use=l&cat=p&typeid=i","cat":316003},{"id":180797,"n":"Mouchoirs UltraSoft Kleenex® Boîte x64","p":1.49,"img":"https://fd16-photos.leclercdrive.fr/image.ashx?id=2853350&use=l&cat=p&typeid=i","cat":284638},{"id":180870,"n":"Nettoyant Multi-Usages Carolin Bicarbonate - 1L","p":2.66,"u":"2,66 €/L","img":"https://fd16-photos.leclercdrive.fr/image.ashx?id=2340524&use=l&cat=p&typeid=i","cat":284907},{"id":181167,"n":"150 gommettes Esquissse Ø 15mm","p":0.99,"img":"https://fd16-photos.leclercdrive.fr/image.ashx?id=2349427&use=l&cat=p&typeid=i","cat":334133},{"id":181173,"n":"Calculatrice bureau Esquisse Grise","p":4.9,"u":"Dont 0,13 € d'éco-part.","img":"https://fd16-photos.leclercdrive.fr/image.ashx?id=2837141&use=l&cat=p&typeid=i","cat":334133},{"id":181435,"n":"Trieur Esquisse A4 Transparent - 12 positions - x1","p":3.89,"img":"https://fd16-photos.leclercdrive.fr/image.ashx?id=2943307&use=l&cat=p&typeid=i","cat":284745},{"id":181436,"n":"Trieur Esquisse A4 Rouge - 12 positions - x1","p":3.89,"img":"https://fd16-photos.leclercdrive.fr/image.ashx?id=2943310&use=l&cat=p&typeid=i","cat":284745},{"id":181726,"n":"Bière Blonde Slash Red - 50cl  8% vol.","p":1.97,"u":"3,94 €/L","img":"https://fd16-photos.leclercdrive.fr/image.ashx?id=2341528&use=l&cat=p&typeid=i","cat":334853},{"id":181729,"n":"Bière Blanche Slash Mangue - 50cl  8% vol.","p":1.99,"u":"3,98 €/L","img":"https://fd16-photos.leclercdrive.fr/image.ashx?id=2341534&use=l&cat=p&typeid=i","cat":334853},{"id":181752,"n":"Complément alimentaire Draineur Queues de Cerise - Gelules 17g","p":5.89,"u":"346,47 €/KG","img":"https://fd16-photos.leclercdrive.fr/image.ashx?id=2342343&use=l&cat=p&typeid=i","cat":284632},{"id":181755,"n":"Complément alimentaire  Confort Urinaire  Pépins courge","p":5.57,"u":"146,58 €/KG","img":"https://fd16-photos.leclercdrive.fr/image.ashx?id=2341489&use=l&cat=p&typeid=i","cat":313217},{"id":181756,"n":"Complément alimentaire  Jambes Légères - Vigne Cassis","p":5.55,"u":"0,19 €/P","img":"https://fd16-photos.leclercdrive.fr/image.ashx?id=2341501&use=l&cat=p&typeid=i","cat":284632},{"id":181764,"n":"Mouchoir Foxy Méga x200","p":1.75,"img":"https://fd16-photos.leclercdrive.fr/image.ashx?id=2342604&use=l&cat=p&typeid=i","cat":284638},{"id":182013,"n":"Café Moulu  Espresso - Méo - 1kg","p":16.5,"u":"16,50 €/KG","img":"https://fd16-photos.leclercdrive.fr/image.ashx?id=2571293&use=l&cat=p&typeid=i","cat":284750},{"id":182071,"n":"Croquettes chien Ultima Mini Adulte poulet - 1.35kg","p":5.55,"u":"4,11 €/KG","img":"https://fd16-photos.leclercdrive.fr/image.ashx?id=2926645&use=l&cat=p&typeid=i","cat":294526},{"id":182098,"n":"Panés Mozzarella Grand Fermage 100g","p":2.25,"u":"22,50 €/KG","img":"https://fd16-photos.leclercdrive.fr/image.ashx?id=2645209&use=l&cat=p&typeid=i","cat":314027},{"id":182111,"n":"DOC Prosecco perlino Vin pétillant 37.5cl","p":3.95,"u":"10,53 €/L","img":"https://fd16-photos.leclercdrive.fr/image.ashx?id=2955513&use=l&cat=p&typeid=i","cat":284544},{"id":182157,"n":"Dentifrice enfants Bionaia Bio - 50ml","p":1.15,"u":"23,00 €/L","img":"https://fd16-photos.leclercdrive.fr/image.ashx?id=2498837&use=l&cat=p&typeid=i","cat":288898},{"id":182179,"n":"Boisson aux fruits Oasis Tropical - 1,5L","p":2.04,"u":"1,36 €/L","img":"https://fd16-photos.leclercdrive.fr/image.ashx?id=2666698&use=l&cat=p&typeid=i","cat":295018},{"id":182214,"n":"Pâtes collerettes lustucru 500g","p":1.25,"u":"2,50 €/KG","img":"https://fd16-photos.leclercdrive.fr/image.ashx?id=2740730&use=l&cat=p&typeid=i","cat":284427},{"id":182215,"n":"Pâtes coquillettes lustucru 500g","p":1.09,"u":"2,18 €/KG","img":"https://fd16-photos.leclercdrive.fr/image.ashx?id=2989336&use=l&cat=p&typeid=i","cat":284427},{"id":182218,"n":"Chips paysanne nature Lay's Sel - 155g","p":1.23,"u":"7,94 €/KG","img":"https://fd16-photos.leclercdrive.fr/image.ashx?id=2818602&use=l&cat=p&typeid=i","cat":284447},{"id":182244,"n":"Vin rosé Montmirel Grenache - 5L","p":12.95,"u":"2,59 €/L","img":"https://fd16-photos.leclercdrive.fr/image.ashx?id=2476479&use=l&cat=p&typeid=i","cat":289558},{"id":182256,"n":"Pâtes torsades lustucru  500g","p":1.29,"u":"2,58 €/KG","img":"https://fd16-photos.leclercdrive.fr/image.ashx?id=2989345&use=l&cat=p&typeid=i","cat":284427},{"id":182259,"n":"Chips ancienne nature Lay's Sel format familial - 295g","p":2.31,"u":"7,83 €/KG","img":"https://fd16-photos.leclercdrive.fr/image.ashx?id=2999243&use=l&cat=p&typeid=i","cat":284447},{"id":182260,"n":"Chips paysanne nature Lay's Sel format familial - 295g","p":2.26,"u":"7,66 €/KG","img":"https://fd16-photos.leclercdrive.fr/image.ashx?id=2848716&use=l&cat=p&typeid=i","cat":284447},{"id":182261,"n":"Lay's  Nature - 6x28g","p":1.94,"u":"11,55 €/KG","img":"https://fd16-photos.leclercdrive.fr/image.ashx?id=2996605&use=l&cat=p&typeid=i","cat":284447},{"id":182266,"n":"Shampooing sec Batiste Original - 200ml","p":3.4,"u":"17,00 €/L","img":"https://fd16-photos.leclercdrive.fr/image.ashx?id=2344046&use=l&cat=p&typeid=i","cat":289143},{"id":182267,"n":"Shampooing sec Batiste Blush - 200ml","p":3.4,"u":"17,00 €/L","img":"https://fd16-photos.leclercdrive.fr/image.ashx?id=2630454&use=l&cat=p&typeid=i","cat":289143},{"id":182322,"n":"Chips paysanne nature Lay's Sel - 6x28g","p":2.18,"u":"12,98 €/KG","img":"https://fd16-photos.leclercdrive.fr/image.ashx?id=2818611&use=l&cat=p&typeid=i","cat":284447},{"id":182340,"n":"Lait en poudre Guigoz Optipro 2ème âge - 6-12 mois - 830g","p":15.39,"u":"18,54 €/KG","img":"https://fd16-photos.leclercdrive.fr/image.ashx?id=2737747&use=l&cat=p&typeid=i","cat":284727},{"id":182345,"n":"Margarine Fruit d'Or Oméga 3&6 Sel de mer - 450g","p":2.88,"u":"6,40 €/KG","img":"https://fd16-photos.leclercdrive.fr/image.ashx?id=2347407&use=l&cat=p&typeid=i","cat":315229},{"id":182364,"n":"Jambon sec Saint Azay Label Rouge - 6 tranches - 100g","p":3.69,"u":"36,90 €/KG","img":"https://fd16-photos.leclercdrive.fr/image.ashx?id=2345845&use=l&cat=p&typeid=i","cat":316007},{"id":182373,"n":"Skyr Siggi's  Mangue Passion - 2x140g","p":2.19,"u":"7,82 €/KG","img":"https://fd16-photos.leclercdrive.fr/image.ashx?id=2792027&use=l&cat=p&typeid=i","cat":315000},{"id":182392,"n":"Soda Coca-Cola sans sucres Sans caféine - 6x33cl","p":3.72,"u":"1,88 €/L","img":"https://fd16-photos.leclercdrive.fr/image.ashx?id=2997232&use=l&cat=p&typeid=i","cat":284530},{"id":182480,"n":"Lait bébé en poudre Guigoz Gest 1er âge - 0-6 mois - 830g","p":18.43,"u":"22,20 €/KG","img":"https://fd16-photos.leclercdrive.fr/image.ashx?id=2895047&use=l&cat=p&typeid=i","cat":284726},{"id":182490,"n":"Lait bébé Guigoz Pelargon Poudre- 2e âge- 6-12 mois -780g","p":18.03,"u":"23,12 €/KG","img":"https://fd16-photos.leclercdrive.fr/image.ashx?id=2347386&use=l&cat=p&typeid=i","cat":284727},{"id":182524,"n":"Brioch' Bagel La Fournée Dorée x4 - 300g","p":2.38,"u":"7,93 €/KG","img":"https://fd16-photos.leclercdrive.fr/image.ashx?id=2479300&use=l&cat=p&typeid=i","cat":284985},{"id":182542,"n":"Céréales Oreo 350g","p":5.07,"u":"14,49 €/KG","img":"https://fd16-photos.leclercdrive.fr/image.ashx?id=2764583&use=l&cat=p&typeid=i","cat":309513},{"id":182752,"n":"Sandwich Mega Club Sodebo  Pain Suédois Jambon ChedD -230g","p":2.43,"u":"10,57 €/KG","img":"https://fd16-photos.leclercdrive.fr/image.ashx?id=2936443&use=l&cat=p&typeid=i","cat":333658},{"id":182792,"n":"Croquettes Ultima Junior Petit chien - 1.35kg","p":5.26,"u":"3,90 €/KG","img":"https://fd16-photos.leclercdrive.fr/image.ashx?id=2928903&use=l&cat=p&typeid=i","cat":294526},{"id":182873,"n":"Sirop La Maison Guiot Noix de coco - 70cl","p":3.22,"u":"4,60 €/L","img":"https://fd16-photos.leclercdrive.fr/image.ashx?id=2349821&use=l&cat=p&typeid=i","cat":295020},{"id":182905,"n":"Piment oiseaux Sainte Lucie 15g","p":2.11,"u":"140,67 €/KG","img":"https://fd16-photos.leclercdrive.fr/image.ashx?id=2974321&use=l&cat=p&typeid=i","cat":298297},{"id":182908,"n":"Sauge Sainte Lucie feuilles coupées - 15g","p":1.09,"u":"72,67 €/KG","img":"https://fd16-photos.leclercdrive.fr/image.ashx?id=2349779&use=l&cat=p&typeid=i","cat":298297},{"id":182928,"n":"Papier cuisson Alfapac 15 feuilles","p":2.01,"img":"https://fd16-photos.leclercdrive.fr/image.ashx?id=2887740&use=l&cat=p&typeid=i","cat":334134},{"id":182939,"n":"Chips Tuiles Pringles Barbecue - 175g","p":2.17,"u":"12,40 €/KG","img":"https://fd16-photos.leclercdrive.fr/image.ashx?id=2662502&use=l&cat=p&typeid=i","cat":287899},{"id":182940,"n":"Café Soluble Carte Noire  Sticks Maxi Format - x80 - 55g","p":8.36,"u":"58,06 €/KG","img":"https://fd16-photos.leclercdrive.fr/image.ashx?id=2866100&use=l&cat=p&typeid=i","cat":284843},{"id":183117,"n":"Boisson Citronnade Pulco Saveur Citron et Framboise - 1L","p":1.95,"u":"1,95 €/L","img":"https://fd16-photos.leclercdrive.fr/image.ashx?id=2942266&use=l&cat=p&typeid=i","cat":295018},{"id":183128,"n":"Epinards hachés à la crème  Findus légume - 500g","p":2.34,"u":"4,68 €/KG","img":"https://fd16-photos.leclercdrive.fr/image.ashx?id=3008767&use=l&cat=p&typeid=i","cat":319805},{"id":183159,"n":"Pizza Ristorante Dr.Oetker Bolognaise - 375g","p":2.85,"u":"7,60 €/KG","img":"https://fd16-photos.leclercdrive.fr/image.ashx?id=2993071&use=l&cat=p&typeid=i","cat":284256},{"id":183213,"n":"Eau Micellaire Garnier Tout en 1 Vitamine C - 400mL","p":4.82,"u":"12,05 €/L","img":"https://fd16-photos.leclercdrive.fr/image.ashx?id=2353782&use=l&cat=p&typeid=i","cat":284603},{"id":183214,"n":"Bière Blonde Duvel 6x25cl","p":9.63,"u":"6,42 €/L","img":"https://fd16-photos.leclercdrive.fr/image.ashx?id=2675592&use=l&cat=p&typeid=i","cat":334872},{"id":183275,"n":"Tipp-Ex Mini Pocket Mouse  Rubans Correcteurs - x3","p":3.56,"u":"1,19 €/P","img":"https://fd16-photos.leclercdrive.fr/image.ashx?id=2785664&use=l&cat=p&typeid=i","cat":334133},{"id":183309,"n":"Bic Xpen Stylo-Plume  Rechargeable Encre Bleue","p":3.4,"img":"https://fd16-photos.leclercdrive.fr/image.ashx?id=2355743&use=l&cat=p&typeid=i","cat":334133},{"id":183391,"n":"Fraisoo' bool 200g","p":1.84,"u":"9,20 €/KG","img":"https://fd16-photos.leclercdrive.fr/image.ashx?id=2454172&use=l&cat=p&typeid=i","cat":304250},{"id":183392,"n":"Bonbons Cara' bool 200g","p":1.85,"u":"9,25 €/KG","img":"https://fd16-photos.leclercdrive.fr/image.ashx?id=2454169&use=l&cat=p&typeid=i","cat":304250},{"id":183395,"n":"Huile d'olive Puget 75cl","p":8.95,"u":"11,93 €/L","img":"https://fd16-photos.leclercdrive.fr/image.ashx?id=2460925&use=l&cat=p&typeid=i","cat":284453},{"id":183421,"n":"Bière blonde Heineken Sans alcool - 6x33cl","p":5.19,"u":"2,62 €/L","img":"https://fd16-photos.leclercdrive.fr/image.ashx?id=3009329&use=l&cat=p&typeid=i","cat":334877},{"id":183496,"n":"Brocolis fleurette Notre Jardin 900g","p":1.99,"u":"2,21 €/KG","img":"https://fd16-photos.leclercdrive.fr/image.ashx?id=2873162&use=l&cat=p&typeid=i","cat":319805},{"id":183520,"n":"Déodorant Spray Rexona Anti- Transpirant 72H Invisible 200ml","p":3.21,"u":"16,05 €/L","img":"https://fd16-photos.leclercdrive.fr/image.ashx?id=2850306&use=l&cat=p&typeid=i","cat":284595},{"id":183523,"n":"Rexona Déodorant Femme Spray   72H Musc 200ml","p":3.71,"u":"18,55 €/L","img":"https://fd16-photos.leclercdrive.fr/image.ashx?id=2850312&use=l&cat=p&typeid=i","cat":284595},{"id":183526,"n":"Rexona Déodorant Femme Spray Anti-Transpirant 72H","p":2.86,"u":"14,30 €/L","img":"https://fd16-photos.leclercdrive.fr/image.ashx?id=2850309&use=l&cat=p&typeid=i","cat":284595},{"id":183846,"n":"Gel WC Canard Vague Océane - 750ml","p":2.57,"u":"3,43 €/L","img":"https://fd16-photos.leclercdrive.fr/image.ashx?id=2746310&use=l&cat=p&typeid=i","cat":284662},{"id":183849,"n":"Déodorant L'Arbre Vert Argan   Hamamélis - 50ml","p":3.26,"u":"65,20 €/L","img":"https://fd16-photos.leclercdrive.fr/image.ashx?id=2862491&use=l&cat=p&typeid=i","cat":284595},{"id":183854,"n":"Déodorant Rexona Men anti transpirant Cobalt Dry - 200ml","p":3.6,"u":"18,00 €/L","img":"https://fd16-photos.leclercdrive.fr/image.ashx?id=2858711&use=l&cat=p&typeid=i","cat":284618},{"id":183856,"n":"Yaourt Gourmand Mamie Nova Mandarine Citron x2 - 300g","p":1.47,"u":"4,90 €/KG","img":"https://fd16-photos.leclercdrive.fr/image.ashx?id=2879053&use=l&cat=p&typeid=i","cat":284410},{"id":183857,"n":"Gel Douche Le Petit Marseillais  Lait d'amande douce - 650ml","p":3.27,"u":"5,03 €/L","img":"https://fd16-photos.leclercdrive.fr/image.ashx?id=2684197&use=l&cat=p&typeid=i","cat":284594},{"id":183858,"n":"Coeur de Liégeois Mamie Nova Cappuccino x2 - 240g","p":1.72,"u":"7,17 €/KG","img":"https://fd16-photos.leclercdrive.fr/image.ashx?id=2909026&use=l&cat=p&typeid=i","cat":285042},{"id":183866,"n":"Dentifrice blancheur Colgate Max white one - 75ml","p":1.95,"u":"26,00 €/L","img":"https://fd16-photos.leclercdrive.fr/image.ashx?id=2767255&use=l&cat=p&typeid=i","cat":284612},{"id":183907,"n":"Dentifrice blancheur Colgate Max white optic - 75ml","p":2.38,"u":"31,73 €/L","img":"https://fd16-photos.leclercdrive.fr/image.ashx?id=2738395&use=l&cat=p&typeid=i","cat":284612},{"id":183970,"n":"Couches Lotus baby Douceur naturelle T1 - x20","p":4.09,"u":"0,20 €/P","img":"https://fd16-photos.leclercdrive.fr/image.ashx?id=2909203&use=l&cat=p&typeid=i","cat":284737},{"id":184000,"n":"Déodorant L'Arbre Vert Fleurs de cerisiers, Hamamélis - 50ml","p":3.33,"u":"66,60 €/L","img":"https://fd16-photos.leclercdrive.fr/image.ashx?id=2865824&use=l&cat=p&typeid=i","cat":284595},{"id":184009,"n":"Gel WC Canard Forêt Aquatique - 750ml","p":3.24,"u":"4,32 €/L","img":"https://fd16-photos.leclercdrive.fr/image.ashx?id=2746313&use=l&cat=p&typeid=i","cat":284662},{"id":184096,"n":"Barre de céréales Trésor Stix Chocolat noisettes - 5x20,5g","p":2.54,"u":"24,90 €/KG","img":"https://fd16-photos.leclercdrive.fr/image.ashx?id=2358647&use=l&cat=p&typeid=i","cat":284488},{"id":184141,"n":"Desserts Lactés P'TIT BRASSE Mangue 6M+ - 4x90g","p":2.1,"u":"5,83 €/KG","img":"https://fd16-photos.leclercdrive.fr/image.ashx?id=2594226&use=l&cat=p&typeid=i","cat":312392},{"id":184206,"n":"Mayonnaise Rustica au citron - 235g","p":1.49,"u":"6,34 €/KG","img":"https://fd16-photos.leclercdrive.fr/image.ashx?id=2509116&use=l&cat=p&typeid=i","cat":298295},{"id":184305,"n":"Carré de porc sans os L'Atelier Boucherie x10 - 440g","p":4.94,"u":"11,23 €/KG","img":"https://fd16-photos.leclercdrive.fr/image.ashx?id=2932701&use=l&cat=p&typeid=i","cat":284331},{"id":184317,"n":"Rumsteck en tournedos*** L'Atelier Boucherie x2 - 280g","p":7.19,"u":"25,68 €/KG","img":"https://fd16-photos.leclercdrive.fr/image.ashx?id=2930588&use=l&cat=p&typeid=i","cat":284328},{"id":184353,"n":"Soda Coca-Cola Vanille Canette - Pack 6x33CL","p":4.74,"u":"2,39 €/L","img":"https://fd16-photos.leclercdrive.fr/image.ashx?id=2997238&use=l&cat=p&typeid=i","cat":284530},{"id":184354,"n":"Boisson energisante Monster juiced Monarch 50cl","p":1.47,"u":"2,94 €/L","img":"https://fd16-photos.leclercdrive.fr/image.ashx?id=2759041&use=l&cat=p&typeid=i","cat":284533},{"id":184355,"n":"Boisson énergisante Red Bull  Goût Fruit du Dragon, 250ml","p":1.23,"u":"4,92 €/L","img":"https://fd16-photos.leclercdrive.fr/image.ashx?id=3011992&use=l&cat=p&typeid=i","cat":284533},{"id":184401,"n":"Bière black 8.6 50cl","p":1.82,"u":"3,64 €/L","img":"https://fd16-photos.leclercdrive.fr/image.ashx?id=2402071&use=l&cat=p&typeid=i","cat":334853},{"id":184426,"n":"Bière Desperados Virgin fresh berries - 00%vol - 3x33cl","p":3.92,"u":"3,96 €/L","img":"https://fd16-photos.leclercdrive.fr/image.ashx?id=2935927&use=l&cat=p&typeid=i","cat":334877},{"id":184427,"n":"Thé glacé Oasis Ice Tea Saveur Pêche - 1,5L","p":1.81,"u":"1,21 €/L","img":"https://fd16-photos.leclercdrive.fr/image.ashx?id=2688836&use=l&cat=p&typeid=i","cat":295019},{"id":184431,"n":"Boisson aux fruits Oasis Saveur Pomme Poire - 2L","p":2.52,"u":"1,26 €/L","img":"https://fd16-photos.leclercdrive.fr/image.ashx?id=3014455&use=l&cat=p&typeid=i","cat":295018},{"id":184540,"n":"Fromage Fouetté Nature à tartiner Les Croisés - 150g","p":1.41,"u":"9,40 €/KG","img":"https://fd16-photos.leclercdrive.fr/image.ashx?id=2933452&use=l&cat=p&typeid=i","cat":314029},{"id":184548,"n":"Dessert Liégeois Délisse Café noisette - 4x100g","p":1.39,"u":"3,48 €/KG","img":"https://fd16-photos.leclercdrive.fr/image.ashx?id=2602370&use=l&cat=p&typeid=i","cat":285042},{"id":184551,"n":"Lessive en poudre Xeor fraîcheur x50 - 2.5kg","p":5.99,"u":"2,40 €/KG","img":"https://fd16-photos.leclercdrive.fr/image.ashx?id=2450101&use=l&cat=p&typeid=i","cat":284642},{"id":184553,"n":"Blocs WC Syphon fraîcheur marine x2 - 110g","p":2.0,"u":"18,18 €/KG","img":"https://fd16-photos.leclercdrive.fr/image.ashx?id=2670359&use=l&cat=p&typeid=i","cat":284662},{"id":184555,"n":"Blocs WC Syphon fraîcheur pin - x2","p":2.09,"u":"1,05 €/P","img":"https://fd16-photos.leclercdrive.fr/image.ashx?id=2670362&use=l&cat=p&typeid=i","cat":284662},{"id":184559,"n":"Liquide vaisselle Paic Eucalyptus - 750ml","p":2.2,"u":"2,93 €/L","img":"https://fd16-photos.leclercdrive.fr/image.ashx?id=2363243&use=l&cat=p&typeid=i","cat":284655},{"id":184566,"n":"Boisson végétale Bio Village Noisette bio - 1l","p":1.87,"u":"1,87 €/L","img":"https://fd16-photos.leclercdrive.fr/image.ashx?id=2362504&use=l&cat=p&typeid=i","cat":316067},{"id":184571,"n":"Sauce barbecue Amora 285g","p":1.74,"u":"6,11 €/KG","img":"https://fd16-photos.leclercdrive.fr/image.ashx?id=3004447&use=l&cat=p&typeid=i","cat":318431},{"id":184572,"n":"Huile Oméga 3 Tramier  3 Huiles de graines 1l","p":4.52,"u":"4,52 €/L","img":"https://fd16-photos.leclercdrive.fr/image.ashx?id=2901154&use=l&cat=p&typeid=i","cat":284453},{"id":184583,"n":"Brumisateur Evian - 150ml","p":2.99,"u":"19,93 €/L","img":"https://fd16-photos.leclercdrive.fr/image.ashx?id=2862500&use=l&cat=p&typeid=i","cat":290295},{"id":184584,"n":"Brumisateur Evian - 400ml","p":3.89,"u":"9,73 €/L","img":"https://fd16-photos.leclercdrive.fr/image.ashx?id=2363431&use=l&cat=p&typeid=i","cat":290295},{"id":184677,"n":"Protège-document Esquisse x1 Gris - A4 - 80 vues","p":2.49,"img":"https://fd16-photos.leclercdrive.fr/image.ashx?id=2943319&use=l&cat=p&typeid=i","cat":284745},{"id":184681,"n":"Trieur Esquisse A4 Transparent - 12 positions - x1","p":3.89,"img":"https://fd16-photos.leclercdrive.fr/image.ashx?id=2378847&use=l&cat=p&typeid=i","cat":284745},{"id":184837,"n":"Compotes Pom'Potes Gourdes  Pomme Banane - 4x90g","p":2.3,"u":"6,39 €/KG","img":"https://fd16-photos.leclercdrive.fr/image.ashx?id=2978637&use=l&cat=p&typeid=i","cat":284508},{"id":184987,"n":"Truite fumée des Pyrénées Pêcheries Basques - 110g","p":4.49,"u":"40,82 €/KG","img":"https://fd16-photos.leclercdrive.fr/image.ashx?id=2372778&use=l&cat=p&typeid=i","cat":285188},{"id":184998,"n":"Infusion Bio Elephant Gingembre Citron - 20 Sachets","p":1.89,"u":"55,59 €/KG","img":"https://fd16-photos.leclercdrive.fr/image.ashx?id=2507575&use=l&cat=p&typeid=i","cat":293234},{"id":185154,"n":"Bière Jenlain Boîte 50cl - 8.5% vol","p":1.69,"u":"3,38 €/L","img":"https://fd16-photos.leclercdrive.fr/image.ashx?id=2417872&use=l&cat=p&typeid=i","cat":334853},{"id":185165,"n":"Skyr Yoplait  Coco 1%Mg - 4x100g","p":2.15,"u":"5,38 €/KG","img":"https://fd16-photos.leclercdrive.fr/image.ashx?id=2884459&use=l&cat=p&typeid=i","cat":315000},{"id":185166,"n":"Skyr Yoplait  Vanille 0%MG - 4x100G","p":2.27,"u":"5,68 €/KG","img":"https://fd16-photos.leclercdrive.fr/image.ashx?id=2884456&use=l&cat=p&typeid=i","cat":315000},{"id":185186,"n":"Gaufrettes Mini Kinder Bueno  Chocolat au lait - 108g","p":2.27,"u":"21,02 €/KG","img":"https://fd16-photos.leclercdrive.fr/image.ashx?id=2680395&use=l&cat=p&typeid=i","cat":284498},{"id":185264,"n":"Piles Energizer AA - x10","p":9.88,"u":"0,99 €/P","img":"https://fd16-photos.leclercdrive.fr/image.ashx?id=2850719&use=l&cat=p&typeid=i","cat":300572},{"id":185265,"n":"Piles Energizer AAA - x10","p":9.88,"u":"0,99 €/P","img":"https://fd16-photos.leclercdrive.fr/image.ashx?id=2850725&use=l&cat=p&typeid=i","cat":300572},{"id":185276,"n":"Soufflés Donuts Curly Cacahuètes caramélisées - 160g","p":1.66,"u":"10,38 €/KG","img":"https://fd16-photos.leclercdrive.fr/image.ashx?id=2373125&use=l&cat=p&typeid=i","cat":284449},{"id":185288,"n":"Crème fouettée Président Extra  Vanille Bourbon - 250g","p":3.5,"u":"14,00 €/KG","img":"https://fd16-photos.leclercdrive.fr/image.ashx?id=2799374&use=l&cat=p&typeid=i","cat":284382},{"id":185334,"n":"Chaussée aux Moines 340g + 30% offert","p":3.19,"u":"7,22 €/KG","img":"https://fd16-photos.leclercdrive.fr/image.ashx?id=2794331&use=l&cat=p&typeid=i","cat":329184},{"id":185443,"n":"Thé vert citron Yate x25 - 37,5g","p":0.79,"u":"20,79 €/KG","img":"https://fd16-photos.leclercdrive.fr/image.ashx?id=2646008&use=l&cat=p&typeid=i","cat":293233},{"id":185459,"n":"Crème dessert La Laitière  Frais Fondant chocolat - 4x115g","p":2.11,"u":"4,59 €/KG","img":"https://fd16-photos.leclercdrive.fr/image.ashx?id=2904062&use=l&cat=p&typeid=i","cat":285041},{"id":185508,"n":"Biscuits fourrés BN  Vanille - 285g","p":1.59,"u":"5,58 €/KG","img":"https://fd16-photos.leclercdrive.fr/image.ashx?id=2475005&use=l&cat=p&typeid=i","cat":284488},{"id":185520,"n":"Panini XXL La Boulangère x2 - 260g","p":1.72,"u":"6,62 €/KG","img":"https://fd16-photos.leclercdrive.fr/image.ashx?id=2639011&use=l&cat=p&typeid=i","cat":284985},{"id":185567,"n":"Liniment oléo-calcaire Biolane  700 ml","p":7.01,"u":"10,01 €/L","img":"https://fd16-photos.leclercdrive.fr/image.ashx?id=2586864&use=l&cat=p&typeid=i","cat":284741},{"id":185571,"n":"Eau pure H2O Biolane 750 ml","p":5.42,"u":"7,23 €/L","img":"https://fd16-photos.leclercdrive.fr/image.ashx?id=2733247&use=l&cat=p&typeid=i","cat":284741},{"id":185831,"n":"Préparation Gâteau alsa Moelleux Marbré - 435g","p":2.19,"u":"5,03 €/KG","img":"https://fd16-photos.leclercdrive.fr/image.ashx?id=2996428&use=l&cat=p&typeid=i","cat":284505},{"id":185841,"n":"Cornichons extra fins Rustica 6 aromates - 550g","p":3.1,"u":"5,64 €/KG","img":"https://fd16-photos.leclercdrive.fr/image.ashx?id=2916728&use=l&cat=p&typeid=i","cat":284458},{"id":185842,"n":"Soufflés Snack's Tokapi  Cacahuète - 160g","p":0.72,"u":"4,50 €/KG","img":"https://fd16-photos.leclercdrive.fr/image.ashx?id=2864942&use=l&cat=p&typeid=i","cat":284449},{"id":185853,"n":"Bière Kasteel Donker 11° 75cl","p":4.9,"u":"6,53 €/L","img":"https://fd16-photos.leclercdrive.fr/image.ashx?id=3000839&use=l&cat=p&typeid=i","cat":334872},{"id":185854,"n":"Bière blonde Tripel Karmeliet 8,4% - 12x25cl","p":16.15,"u":"5,38 €/L","img":"https://fd16-photos.leclercdrive.fr/image.ashx?id=2457485&use=l&cat=p&typeid=i","cat":334872},{"id":185859,"n":"Bière Triple Secret des Moines 8° - 75cl","p":4.3,"u":"5,73 €/L","img":"https://fd16-photos.leclercdrive.fr/image.ashx?id=2892592&use=l&cat=p&typeid=i","cat":334852},{"id":185904,"n":"Escalopes de dinde x2 - 260g","p":4.3,"u":"16,54 €/KG","img":"https://fd16-photos.leclercdrive.fr/image.ashx?id=2381261&use=l&cat=p&typeid=i","cat":284337},{"id":186002,"n":"Porto blanc Dorrao 18%vol - 75cl","p":6.07,"u":"8,09 €/L","img":"https://fd16-photos.leclercdrive.fr/image.ashx?id=2901488&use=l&cat=p&typeid=i","cat":284913},{"id":186043,"n":"Lardons Nature Herta  Sans nitrite - 2x75g","p":1.91,"u":"12,73 €/KG","img":"https://fd16-photos.leclercdrive.fr/image.ashx?id=2785802&use=l&cat=p&typeid=i","cat":316011},{"id":186055,"n":"Boisson énergisante Red Bull Goût Pastèque, 250ml","p":1.21,"u":"4,84 €/L","img":"https://fd16-photos.leclercdrive.fr/image.ashx?id=2471655&use=l&cat=p&typeid=i","cat":284533},{"id":186202,"n":"Mozzarella Les Croisés Tranchettes - 200g","p":1.99,"u":"9,95 €/KG","img":"https://fd16-photos.leclercdrive.fr/image.ashx?id=2383094&use=l&cat=p&typeid=i","cat":314026},{"id":186258,"n":"Lessive Capsules Tout-en-1 Skip Fraîcheur Intense x26 Capsules","p":11.85,"u":"21,51 €/KG","img":"https://fd16-photos.leclercdrive.fr/image.ashx?id=2978934&use=l&cat=p&typeid=i","cat":284641},{"id":186265,"n":"Lingettes bébé Harmonie Aqua Pampers - 48 lingettes","p":3.45,"u":"0,07 €/P","img":"https://fd16-photos.leclercdrive.fr/image.ashx?id=2805903&use=l&cat=p&typeid=i","cat":284738},{"id":186296,"n":"Lessive Capsules Skip Tout-en-1 Active Clean x38","p":14.29,"u":"17,73 €/KG","img":"https://fd16-photos.leclercdrive.fr/image.ashx?id=2757114&use=l&cat=p&typeid=i","cat":284641},{"id":186393,"n":"Felix Naturally Delicious Poulet - 100g","p":2.63,"u":"26,30 €/KG","img":"https://fd16-photos.leclercdrive.fr/image.ashx?id=2617477&use=l&cat=p&typeid=i","cat":285285},{"id":186394,"n":"Felix Naturally Delicious Saumon - 100g","p":3.37,"u":"33,70 €/KG","img":"https://fd16-photos.leclercdrive.fr/image.ashx?id=2447214&use=l&cat=p&typeid=i","cat":285285},{"id":186481,"n":"Sachet repas chat stérilisé  Poulet/Boeuf/Thon/Poiss - 4x85g","p":2.58,"u":"30,35 €/KG","img":"https://fd16-photos.leclercdrive.fr/image.ashx?id=2985636&use=l&cat=p&typeid=i","cat":285286},{"id":186497,"n":"Capsules café L'Or Espresso Saveur Caramel x10","p":3.65,"u":"70,19 €/KG","img":"https://fd16-photos.leclercdrive.fr/image.ashx?id=2387049&use=l&cat=p&typeid=i","cat":293241},{"id":186502,"n":"Sachet Chat Stérilisé Ultima Poulet, Dinde, Saumon - 4x85g","p":2.5,"u":"29,41 €/KG","img":"https://fd16-photos.leclercdrive.fr/image.ashx?id=2985633&use=l&cat=p&typeid=i","cat":285286},{"id":186548,"n":"Bougie Floral 30h Bien Air","p":2.34,"img":"https://fd16-photos.leclercdrive.fr/image.ashx?id=2939091&use=l&cat=p&typeid=i","cat":284666},{"id":186686,"n":"Déodorant stick Homme Mennen Marine Sans Alcool - 60ml","p":3.2,"u":"53,33 €/L","img":"https://fd16-photos.leclercdrive.fr/image.ashx?id=2869107&use=l&cat=p&typeid=i","cat":284618},{"id":186688,"n":"Déodorant stick Homme Mennen Sans Alcool Anti-Traces - 60ml","p":3.2,"u":"53,33 €/L","img":"https://fd16-photos.leclercdrive.fr/image.ashx?id=2869110&use=l&cat=p&typeid=i","cat":284618},{"id":186711,"n":"Boisson Végétale Alpro Soja Nature Protéiné - 1L","p":2.7,"u":"0,68 €/L","img":"https://fd16-photos.leclercdrive.fr/image.ashx?id=2981674&use=l&cat=p&typeid=i","cat":316067},{"id":186920,"n":"Tuiles Monster Munch Crazy Original - 150g","p":1.9,"u":"12,67 €/KG","img":"https://fd16-photos.leclercdrive.fr/image.ashx?id=2921735&use=l&cat=p&typeid=i","cat":287899},{"id":186923,"n":"Tuiles Monster Munch  Crazy crème oignon - 150g","p":1.9,"u":"12,67 €/KG","img":"https://fd16-photos.leclercdrive.fr/image.ashx?id=2916881&use=l&cat=p&typeid=i","cat":287899},{"id":186926,"n":"Tuiles Monster Munch Crazy paprika - 150g","p":1.9,"u":"12,67 €/KG","img":"https://fd16-photos.leclercdrive.fr/image.ashx?id=2955339&use=l&cat=p&typeid=i","cat":287899},{"id":187029,"n":"Coton-tiges ouatés Inell Boîte - x300 bâtonnets","p":0.73,"img":"https://fd16-photos.leclercdrive.fr/image.ashx?id=2824301&use=l&cat=p&typeid=i","cat":284636},{"id":187059,"n":"Champignon Émincé Bonduelle Sans Sulfite, Sans Additif 230g","p":1.27,"u":"5,52 €/KG","img":"https://fd16-photos.leclercdrive.fr/image.ashx?id=2913118&use=l&cat=p&typeid=i","cat":312610},{"id":187126,"n":"Crunch Chocolat Noël Moulage Renne - 88g","p":2.75,"u":"31,25 €/KG","img":"https://fd16-photos.leclercdrive.fr/image.ashx?id=2394096&use=l&cat=p&typeid=i","cat":327592},{"id":187154,"n":"Tasse Frozen Anna et Elsa Chocolat au lait - 34g","p":5.65,"u":"166,18 €/KG","img":"https://fd16-photos.leclercdrive.fr/image.ashx?id=2394282&use=l&cat=p&typeid=i","cat":327789},{"id":187172,"n":"Bouchées Chocolat Noël Nestlé L'Atelier Lait Noisettes - 262g","p":10.0,"u":"38,17 €/KG","img":"https://fd16-photos.leclercdrive.fr/image.ashx?id=2938244&use=l&cat=p&typeid=i","cat":327595},{"id":187177,"n":"Bûche glacée L'Angélys Caramel beurre salé Poire 330g","p":9.7,"u":"29,39 €/KG","img":"https://fd16-photos.leclercdrive.fr/image.ashx?id=2902211&use=l&cat=p&typeid=i","cat":284266},{"id":187185,"n":"Foie gras de canard entier Delpeyrat - Poivre - Bocal 300g","p":22.99,"u":"76,63 €/KG","img":"https://fd16-photos.leclercdrive.fr/image.ashx?id=2569356&use=l&cat=p&typeid=i","cat":305148},{"id":187186,"n":"Foie gras de canard Delpeyrat - Armagnac Bocal 300g","p":22.99,"u":"76,63 €/KG","img":"https://fd16-photos.leclercdrive.fr/image.ashx?id=2569380&use=l&cat=p&typeid=i","cat":305148},{"id":187210,"n":"Porto Rose Dorrao 18%vol - 75cl","p":7.05,"u":"9,40 €/L","img":"https://fd16-photos.leclercdrive.fr/image.ashx?id=2869862&use=l&cat=p&typeid=i","cat":284913},{"id":187238,"n":"Savon Le Petit Marseillais  Solide chevrefeuile-4x100g","p":2.33,"u":"5,83 €/KG","img":"https://fd16-photos.leclercdrive.fr/image.ashx?id=2684200&use=l&cat=p&typeid=i","cat":284597},{"id":187241,"n":"Savon Le Petit Marseillais  Solide amande douce - 2x100g","p":1.86,"u":"9,30 €/KG","img":"https://fd16-photos.leclercdrive.fr/image.ashx?id=2684203&use=l&cat=p&typeid=i","cat":284597},{"id":187268,"n":"Multipack Création assortiment sauce 6 x 85 g Poésie","p":5.51,"u":"10,80 €/KG","img":"https://fd16-photos.leclercdrive.fr/image.ashx?id=2396824&use=l&cat=p&typeid=i","cat":285286},{"id":187270,"n":"Multipack création assortiment gelée 6 x 85 g Poésie","p":4.99,"u":"9,78 €/KG","img":"https://fd16-photos.leclercdrive.fr/image.ashx?id=2396827&use=l&cat=p&typeid=i","cat":285286},{"id":187287,"n":"Desserts Lactés P'TIT BRASSE Banane pêche 6M+ - 4x90g","p":2.09,"u":"5,81 €/KG","img":"https://fd16-photos.leclercdrive.fr/image.ashx?id=2616252&use=l&cat=p&typeid=i","cat":312392},{"id":187288,"n":"Desserts Lactés P'TIT BRASSE Poire SSA 6M+ - 4x90g","p":2.15,"u":"5,97 €/KG","img":"https://fd16-photos.leclercdrive.fr/image.ashx?id=2593050&use=l&cat=p&typeid=i","cat":312392},{"id":187294,"n":"Spaghettis courts Lustucru Français - sachet papier - 500g","p":1.09,"u":"2,18 €/KG","img":"https://fd16-photos.leclercdrive.fr/image.ashx?id=2989342&use=l&cat=p&typeid=i","cat":284427},{"id":187330,"n":"Porto Tawny Dorrao 18°C - 75cl","p":6.42,"u":"8,56 €/L","img":"https://fd16-photos.leclercdrive.fr/image.ashx?id=2869877&use=l&cat=p&typeid=i","cat":284913},{"id":187343,"n":"Bûche Pilpa Exquise 3 Chocolats - 535g","p":5.27,"u":"9,85 €/KG","img":"https://fd16-photos.leclercdrive.fr/image.ashx?id=2751027&use=l&cat=p&typeid=i","cat":284266},{"id":187352,"n":"Bûche Pilpa Caprices des Îles - 564g","p":5.27,"u":"9,34 €/KG","img":"https://fd16-photos.leclercdrive.fr/image.ashx?id=2749961&use=l&cat=p&typeid=i","cat":284266},{"id":187355,"n":"Bûche Signature Eskiss Nougat - 487g","p":5.59,"u":"11,48 €/KG","img":"https://fd16-photos.leclercdrive.fr/image.ashx?id=2974822&use=l&cat=p&typeid=i","cat":284266},{"id":187356,"n":"Bûche Signature Eskiss Coco Mangue - 476g","p":5.59,"u":"11,74 €/KG","img":"https://fd16-photos.leclercdrive.fr/image.ashx?id=2791368&use=l&cat=p&typeid=i","cat":284266},{"id":187357,"n":"Bûche Signature Eskiss Vanille Caramel - 490g","p":5.59,"u":"11,41 €/KG","img":"https://fd16-photos.leclercdrive.fr/image.ashx?id=2791371&use=l&cat=p&typeid=i","cat":284266},{"id":187358,"n":"Bûche Signature Eskiss Façon rocher - 501g","p":5.59,"u":"11,16 €/KG","img":"https://fd16-photos.leclercdrive.fr/image.ashx?id=2974831&use=l&cat=p&typeid=i","cat":284266},{"id":187361,"n":"Bloc de foie gras de Canard Jean Larnaudie - 240g","p":25.49,"u":"106,21 €/KG","img":"https://fd16-photos.leclercdrive.fr/image.ashx?id=2916803&use=l&cat=p&typeid=i","cat":316008},{"id":187365,"n":"Desserts Lactés P'TIT BRASSE Nature 6M+ - 4x90g","p":2.08,"u":"5,78 €/KG","img":"https://fd16-photos.leclercdrive.fr/image.ashx?id=2594223&use=l&cat=p&typeid=i","cat":312392},{"id":187373,"n":"Soda Fanta exotique 1.25L","p":1.73,"u":"1,38 €/L","img":"https://fd16-photos.leclercdrive.fr/image.ashx?id=2678170&use=l&cat=p&typeid=i","cat":284532},{"id":187379,"n":"Bûche glacée Erhard Vanille Caramel - 470g","p":9.97,"pp":6.98,"u":"14,85 €/KG","img":"https://fd16-photos.leclercdrive.fr/image.ashx?id=2395939&use=l&cat=p&typeid=i","cat":284266},{"id":187393,"n":"Assortiment chocolats belges Equador - 195g","p":5.15,"u":"26,41 €/KG","img":"https://fd16-photos.leclercdrive.fr/image.ashx?id=3004115&use=l&cat=p&typeid=i","cat":327595},{"id":187394,"n":"Assortiment chocolats belges Equador - 390g","p":9.59,"u":"24,59 €/KG","img":"https://fd16-photos.leclercdrive.fr/image.ashx?id=3004118&use=l&cat=p&typeid=i","cat":327595},{"id":187403,"n":"Feuilletés Jambon Fromage Eco+ x10 - 650g","p":2.63,"u":"4,05 €/KG","img":"https://fd16-photos.leclercdrive.fr/image.ashx?id=2814851&use=l&cat=p&typeid=i","cat":319776},{"id":187410,"n":"Yaourt Délisse Fraise - 4x150g","p":1.99,"u":"3,32 €/P","img":"https://fd16-photos.leclercdrive.fr/image.ashx?id=2883029&use=l&cat=p&typeid=i","cat":314999},{"id":187448,"n":"Frites ondulées McCain Côté Burger - 650g","p":2.77,"u":"4,26 €/KG","img":"https://fd16-photos.leclercdrive.fr/image.ashx?id=2920027&use=l&cat=p&typeid=i","cat":319791},{"id":187461,"n":"Préparation Tablier Blanc Fondant au chocolat - 320g","p":2.19,"u":"6,84 €/KG","img":"https://fd16-photos.leclercdrive.fr/image.ashx?id=2487500&use=l&cat=p&typeid=i","cat":284505},{"id":187462,"n":"Préparation Tablier Blanc Moelleux au chocolat - 435g","p":1.97,"u":"4,53 €/KG","img":"https://fd16-photos.leclercdrive.fr/image.ashx?id=2487503&use=l&cat=p&typeid=i","cat":284505},{"id":187468,"n":"Bûche glacée artisanale Erhard Fraise passion - 550g","p":9.97,"pp":6.98,"u":"12,69 €/KG","img":"https://fd16-photos.leclercdrive.fr/image.ashx?id=2397400&use=l&cat=p&typeid=i","cat":284266},{"id":187469,"n":"Bûche glacée Erhard Coco exotique - 500g","p":9.97,"pp":6.98,"u":"13,96 €/KG","img":"https://fd16-photos.leclercdrive.fr/image.ashx?id=2397403&use=l&cat=p&typeid=i","cat":284266},{"id":187475,"n":"Dés de Chorizo Fleury Michon 120g","p":2.6,"u":"21,67 €/KG","img":"https://fd16-photos.leclercdrive.fr/image.ashx?id=2661196&use=l&cat=p&typeid=i","cat":316011},{"id":187487,"n":"Compote de fruits Materne Multi saveurs - 16x100g","p":6.29,"u":"3,93 €/KG","img":"https://fd16-photos.leclercdrive.fr/image.ashx?id=2721598&use=l&cat=p&typeid=i","cat":284508},{"id":187547,"n":"Moutarde Fine & Forte AMORA Flacon Souple - 460g","p":2.38,"u":"5,17 €/KG","img":"https://fd16-photos.leclercdrive.fr/image.ashx?id=2877271&use=l&cat=p&typeid=i","cat":288850},{"id":187576,"n":"Pâtes Coquillette Panzani Complètement Bon - 500G","p":1.28,"u":"2,56 €/KG","img":"https://fd16-photos.leclercdrive.fr/image.ashx?id=2902960&use=l&cat=p&typeid=i","cat":284427},{"id":187578,"n":"Pâtes Torti Panzani Complètement Bon - 500G","p":1.28,"u":"2,56 €/KG","img":"https://fd16-photos.leclercdrive.fr/image.ashx?id=2902963&use=l&cat=p&typeid=i","cat":284427},{"id":187613,"n":"Petits pots bébé P'TITE RECETTE Poisson provençal 12M+ - 2x200g","p":2.22,"u":"5,55 €/KG","img":"https://fd16-photos.leclercdrive.fr/image.ashx?id=2737150&use=l&cat=p&typeid=i","cat":312237},{"id":187667,"n":"Piles alcalines Energizer Max AAA/LR03 - x4","p":5.0,"img":"https://fd16-photos.leclercdrive.fr/image.ashx?id=2689076&use=l&cat=p&typeid=i","cat":300572},{"id":187671,"n":"Piles alcalines Energizer Max AA/LR6 - x4","p":5.0,"img":"https://fd16-photos.leclercdrive.fr/image.ashx?id=2689073&use=l&cat=p&typeid=i","cat":300572},{"id":187702,"n":"Biscuit petit beurre St Michel 180g","p":1.49,"u":"8,28 €/KG","img":"https://fd16-photos.leclercdrive.fr/image.ashx?id=3002051&use=l&cat=p&typeid=i","cat":284487},{"id":187727,"n":"Confit de canard Gastronomie Jean Larnaudie - 1.240kg","p":14.99,"u":"12,09 €/KG","img":"https://fd16-photos.leclercdrive.fr/image.ashx?id=2399237&use=l&cat=p&typeid=i","cat":305148},{"id":187925,"n":"Sucre vanilline Sainte Lucie 5 sachets","p":0.31,"u":"8,16 €/KG","img":"https://fd16-photos.leclercdrive.fr/image.ashx?id=2776127&use=l&cat=p&typeid=i","cat":284504},{"id":187987,"n":"Déodorant stick Homme Mennen 24H Musk Sans Alcool - 60ml","p":3.2,"u":"53,33 €/L","img":"https://fd16-photos.leclercdrive.fr/image.ashx?id=2869113&use=l&cat=p&typeid=i","cat":284618},{"id":187990,"n":"Lait Corps Réparateur Mixa Peau abîmée desséchée - 300ml","p":4.01,"u":"13,37 €/L","img":"https://fd16-photos.leclercdrive.fr/image.ashx?id=2908186&use=l&cat=p&typeid=i","cat":325349},{"id":187999,"n":"Lait Corps réparateur Mixa Peaux desséchées - 300ml","p":3.65,"u":"12,17 €/L","img":"https://fd16-photos.leclercdrive.fr/image.ashx?id=2402394&use=l&cat=p&typeid=i","cat":325349},{"id":188001,"n":"Gel coiffant Vivelle DOP Fixation Extrême - 190ml","p":3.75,"u":"19,74 €/L","img":"https://fd16-photos.leclercdrive.fr/image.ashx?id=2402403&use=l&cat=p&typeid=i","cat":284609},{"id":188002,"n":"Gingembre moulu Sainte Lucie 32g","p":2.22,"u":"69,38 €/KG","img":"https://fd16-photos.leclercdrive.fr/image.ashx?id=2774373&use=l&cat=p&typeid=i","cat":298297},{"id":188003,"n":"Gel Coiffant Béton Dop Vivelle Fixation 24h - 190ml","p":3.75,"u":"19,74 €/L","img":"https://fd16-photos.leclercdrive.fr/image.ashx?id=2402406&use=l&cat=p&typeid=i","cat":284609},{"id":188007,"n":"Gel Coiffant Vivelle Dop Fixation invisible - 190ml","p":4.45,"u":"23,42 €/L","img":"https://fd16-photos.leclercdrive.fr/image.ashx?id=2402397&use=l&cat=p&typeid=i","cat":284609},{"id":188010,"n":"Lait corps nutritif Mixa A l'huile de karité - 250ml","p":3.84,"u":"15,36 €/L","img":"https://fd16-photos.leclercdrive.fr/image.ashx?id=2402361&use=l&cat=p&typeid=i","cat":325349},{"id":188013,"n":"Tablette de chocolat Lindt Lait extra fin - 3x100g","p":5.77,"u":"19,23 €/KG","img":"https://fd16-photos.leclercdrive.fr/image.ashx?id=2655853&use=l&cat=p&typeid=i","cat":284497},{"id":188015,"n":"Cœurs de palmier D'aucy  125g","p":4.25,"u":"19,32 €/KG","img":"https://fd16-photos.leclercdrive.fr/image.ashx?id=2401369&use=l&cat=p&typeid=i","cat":312611},{"id":188271,"n":"Matière grasse doux Astra  À tartiner à cuire 70%MG - 500g","p":2.4,"u":"4,80 €/KG","img":"https://fd16-photos.leclercdrive.fr/image.ashx?id=2406301&use=l&cat=p&typeid=i","cat":315229},{"id":188293,"n":"Moutarde Amora Mi-forte - 260g","p":2.36,"u":"9,08 €/KG","img":"https://fd16-photos.leclercdrive.fr/image.ashx?id=3005398&use=l&cat=p&typeid=i","cat":288850},{"id":188295,"n":"Jambon Le Bon Paris Herta À l'étouffée x4 - 170g","p":2.11,"u":"12,41 €/KG","img":"https://fd16-photos.leclercdrive.fr/image.ashx?id=2731390&use=l&cat=p&typeid=i","cat":316009},{"id":188296,"n":"Jambon Le Bon Paris Herta À l'étouffée x6 - 255g","p":2.97,"u":"11,65 €/KG","img":"https://fd16-photos.leclercdrive.fr/image.ashx?id=2418720&use=l&cat=p&typeid=i","cat":316009},{"id":188297,"n":"Jambon Le Bon Paris Herta À l'étouffée x8 - 340g","p":3.87,"u":"11,38 €/KG","img":"https://fd16-photos.leclercdrive.fr/image.ashx?id=2921519&use=l&cat=p&typeid=i","cat":316009},{"id":188299,"n":"Jambon Le Bon Paris Herta À l'étouffée x10 - 425g","p":4.78,"u":"11,25 €/KG","img":"https://fd16-photos.leclercdrive.fr/image.ashx?id=2757599&use=l&cat=p&typeid=i","cat":316009},{"id":191282,"n":"Persil frisé botte x1","p":1.39,"img":"https://fd16-photos.leclercdrive.fr/image.ashx?id=578632&use=l&cat=p&typeid=i","cat":293607},{"id":194064,"n":"Jambon Le Bon Paris Herta  sans nitrite x6 - 210g","p":3.47,"u":"16,52 €/KG","img":"https://fd16-photos.leclercdrive.fr/image.ashx?id=2731396&use=l&cat=p&typeid=i","cat":316009},{"id":194071,"n":"Jambon Le Bon Paris Herta -25% de sel x2 - 70g","p":1.48,"u":"21,14 €/KG","img":"https://fd16-photos.leclercdrive.fr/image.ashx?id=2405899&use=l&cat=p&typeid=i","cat":316009},{"id":194073,"n":"Jambon Le Bon Paris Herta -25% de sel x4 - 140g","p":2.4,"u":"17,14 €/KG","img":"https://fd16-photos.leclercdrive.fr/image.ashx?id=2995067&use=l&cat=p&typeid=i","cat":316009},{"id":194075,"n":"Jambon Le Bon Paris Herta -25%  de sel sans nitrite x4 - 140g","p":2.61,"u":"18,64 €/KG","img":"https://fd16-photos.leclercdrive.fr/image.ashx?id=2910124&use=l&cat=p&typeid=i","cat":316009},{"id":194078,"n":"Jambon Le Bon Paris Herta Fumé x4 - 140g","p":2.47,"u":"17,64 €/KG","img":"https://fd16-photos.leclercdrive.fr/image.ashx?id=2918664&use=l&cat=p&typeid=i","cat":316009},{"id":194296,"n":"Bloc de fromage Leerdammer Le Moelleux - 250g","p":3.68,"u":"14,72 €/KG","img":"https://fd16-photos.leclercdrive.fr/image.ashx?id=2421606&use=l&cat=p&typeid=i","cat":314034},{"id":194297,"n":"Tranches de fromage Leerdammer L'Original - 8 Tranches - 200g","p":2.45,"u":"12,25 €/KG","img":"https://fd16-photos.leclercdrive.fr/image.ashx?id=2489199&use=l&cat=p&typeid=i","cat":314028},{"id":194699,"n":"Lait Corps Nourissant Mixa Effet Soleil - 250ml","p":4.65,"u":"18,60 €/L","img":"https://fd16-photos.leclercdrive.fr/image.ashx?id=2409379&use=l&cat=p&typeid=i","cat":325349},{"id":194737,"n":"Boîte de mouchoirs Foxy Cream - x75 - 4 plis","p":1.49,"img":"https://fd16-photos.leclercdrive.fr/image.ashx?id=2411471&use=l&cat=p&typeid=i","cat":284638},{"id":195919,"n":"Jambon Le Bon Paris Herta  sans nitrite x2 - 70g","p":1.81,"u":"25,86 €/KG","img":"https://fd16-photos.leclercdrive.fr/image.ashx?id=2413531&use=l&cat=p&typeid=i","cat":316009},{"id":195960,"n":"Coton-tiges bébé Mots d'Enfants Bio - x60","p":0.65,"u":"0,01 €/P","img":"https://fd16-photos.leclercdrive.fr/image.ashx?id=3015129&use=l&cat=p&typeid=i","cat":284739},{"id":195980,"n":"Liquide vaisselle Excel Paic Brillance actif à froid - 500ml","p":2.21,"u":"4,42 €/L","img":"https://fd16-photos.leclercdrive.fr/image.ashx?id=2413173&use=l&cat=p&typeid=i","cat":284655},{"id":195981,"n":"Liquide vaisselle Excel Paic Anti-odeur actif à froid -500ml","p":2.15,"u":"4,30 €/L","img":"https://fd16-photos.leclercdrive.fr/image.ashx?id=2413176&use=l&cat=p&typeid=i","cat":284655},{"id":195983,"n":"Liquide vaisselle Excel Paic Dégraissant actif à froid 500ml","p":1.92,"u":"3,84 €/L","img":"https://fd16-photos.leclercdrive.fr/image.ashx?id=2413182&use=l&cat=p&typeid=i","cat":284655},{"id":196114,"n":"Jambon Le Bon Paris Herta À l'étouffé x8 - 280g","p":4.56,"u":"16,29 €/KG","img":"https://fd16-photos.leclercdrive.fr/image.ashx?id=2795036&use=l&cat=p&typeid=i","cat":316009},{"id":196116,"n":"Jambon Le Bon Paris Herta  -25% Sel x6 - 210g","p":2.78,"u":"13,24 €/KG","img":"https://fd16-photos.leclercdrive.fr/image.ashx?id=2707750&use=l&cat=p&typeid=i","cat":316009},{"id":196118,"n":"Jambon Le Bon Paris Herta -25% de sel -x6 - 210g","p":3.86,"u":"18,38 €/KG","img":"https://fd16-photos.leclercdrive.fr/image.ashx?id=2414112&use=l&cat=p&typeid=i","cat":316009},{"id":196175,"n":"Capsules Starbucks by Nespresso  House Blend Int 8 - x18","p":6.05,"u":"58,74 €/KG","img":"https://fd16-photos.leclercdrive.fr/image.ashx?id=3009113&use=l&cat=p&typeid=i","cat":284749},{"id":196176,"n":"Capsules Starbucks by Nespresso  Espresso Roast Int 11 - x18","p":6.05,"u":"58,74 €/KG","img":"https://fd16-photos.leclercdrive.fr/image.ashx?id=2737144&use=l&cat=p&typeid=i","cat":284749},{"id":196241,"n":"Jambon supérieur Eco+ Sans couenne 4 tranches - 160g","p":1.4,"u":"8,75 €/KG","img":"https://fd16-photos.leclercdrive.fr/image.ashx?id=2744407&use=l&cat=p&typeid=i","cat":316009},{"id":196266,"n":"Mousse à Raser 0% Alcool Mennen Peaux sensibles - 250ml","p":2.27,"u":"9,08 €/L","img":"https://fd16-photos.leclercdrive.fr/image.ashx?id=2661733&use=l&cat=p&typeid=i","cat":284617},{"id":196267,"n":"Mousse à Raser 0% Alcool Mennen Hypoallergénique - 250ml","p":2.27,"u":"9,08 €/L","img":"https://fd16-photos.leclercdrive.fr/image.ashx?id=2661736&use=l&cat=p&typeid=i","cat":284617},{"id":196278,"n":"Crème à récurer CIF Citron CleanBoost 101 Usages 750ml","p":2.66,"u":"3,55 €/L","img":"https://fd16-photos.leclercdrive.fr/image.ashx?id=2948540&use=l&cat=p&typeid=i","cat":325357},{"id":196320,"n":"Jambon supérieur Eco+ Avec couenne 6 tranches - 240g","p":2.14,"u":"8,92 €/KG","img":"https://fd16-photos.leclercdrive.fr/image.ashx?id=2706553&use=l&cat=p&typeid=i","cat":316009},{"id":196321,"n":"Jambon supérieur Eco+ Sans couenne 6 tranches - 240g","p":2.09,"u":"8,71 €/KG","img":"https://fd16-photos.leclercdrive.fr/image.ashx?id=2706556&use=l&cat=p&typeid=i","cat":316009},{"id":196374,"n":"Bueno eggs kinder Chocolat - 140g","p":5.49,"u":"39,21 €/KG","img":"https://fd16-photos.leclercdrive.fr/image.ashx?id=2764353&use=l&cat=p&typeid=i","cat":327592},{"id":196376,"n":"Mix boite sélection  Kinder Chocolat - 174g","p":6.57,"u":"37,76 €/KG","img":"https://fd16-photos.leclercdrive.fr/image.ashx?id=2799656&use=l&cat=p&typeid=i","cat":327592},{"id":196378,"n":"Boîte chocolats Ferrero Rocher x16 pralines - 200g","p":5.57,"u":"27,85 €/KG","img":"https://fd16-photos.leclercdrive.fr/image.ashx?id=2963841&use=l&cat=p&typeid=i","cat":327600},{"id":196379,"n":"Boîte chocolats Ferrero Rocher x30 pralines - 375g","p":8.77,"u":"23,39 €/KG","img":"https://fd16-photos.leclercdrive.fr/image.ashx?id=2938091&use=l&cat=p&typeid=i","cat":327600},{"id":196431,"n":"Beurre Nature de Breton  Demi-sel - 80% MG - 250g","p":2.65,"u":"10,60 €/KG","img":"https://fd16-photos.leclercdrive.fr/image.ashx?id=2872042&use=l&cat=p&typeid=i","cat":284379},{"id":196439,"n":"Beurre Nature de Breton Doux - 82% MG - 250g","p":2.63,"u":"10,52 €/KG","img":"https://fd16-photos.leclercdrive.fr/image.ashx?id=2872039&use=l&cat=p&typeid=i","cat":284379},{"id":196452,"n":"Authentique Revillon  Pralinés - 360g","p":7.96,"u":"22,11 €/KG","img":"https://fd16-photos.leclercdrive.fr/image.ashx?id=2662000&use=l&cat=p&typeid=i","cat":327597},{"id":196517,"n":"Attaches fourrées crème de lait Riegelein - 150g","p":2.88,"u":"19,20 €/KG","img":"https://fd16-photos.leclercdrive.fr/image.ashx?id=2417956&use=l&cat=p&typeid=i","cat":327592},{"id":196518,"n":"Attaches sapin fourrées praliné Riegelein - 150g","p":2.88,"u":"19,20 €/KG","img":"https://fd16-photos.leclercdrive.fr/image.ashx?id=2665469&use=l&cat=p&typeid=i","cat":327592},{"id":196526,"n":"Papillotes Révillon Pâtes de   fruits de nos région - 370g","p":9.43,"u":"25,49 €/KG","img":"https://fd16-photos.leclercdrive.fr/image.ashx?id=2662122&use=l&cat=p&typeid=i","cat":327597},{"id":196651,"n":"Spray dégraissant Chanteclair Antibactérien - 600ml","p":2.57,"u":"4,28 €/L","img":"https://fd16-photos.leclercdrive.fr/image.ashx?id=2419740&use=l&cat=p&typeid=i","cat":325357},{"id":196799,"n":"Lait en poudre Picot 2ème âge - 850g","p":14.54,"u":"17,11 €/KG","img":"https://fd16-photos.leclercdrive.fr/image.ashx?id=2925424&use=l&cat=p&typeid=i","cat":284727},{"id":196800,"n":"Lait de croissance Picot 3ème âge - 850g","p":11.87,"u":"13,96 €/KG","img":"https://fd16-photos.leclercdrive.fr/image.ashx?id=2925427&use=l&cat=p&typeid=i","cat":290219},{"id":196824,"n":"Palets Sainte Lucie Chocolat noir - 125g","p":3.26,"u":"26,08 €/KG","img":"https://fd16-photos.leclercdrive.fr/image.ashx?id=2421141&use=l&cat=p&typeid=i","cat":284504},{"id":196827,"n":"Poivre noir Sainte Lucie Tellicherry - 46g","p":4.48,"u":"97,39 €/KG","img":"https://fd16-photos.leclercdrive.fr/image.ashx?id=2968163&use=l&cat=p&typeid=i","cat":284457},{"id":196848,"n":"Escargots préparés au Riesling F. de Gastronomie - x12 - 89g","p":7.99,"pp":5.59,"u":"62,81 €/KG","img":"https://fd16-photos.leclercdrive.fr/image.ashx?id=2451270&use=l&cat=p&typeid=i","cat":316003},{"id":196856,"n":"Croquettes chat Purina One Chat stérilisé sensible - 1.5kg","p":7.84,"u":"5,23 €/KG","img":"https://fd16-photos.leclercdrive.fr/image.ashx?id=2488085&use=l&cat=p&typeid=i","cat":284680},{"id":196965,"n":"Liqueur de menthe Get 27 17,9° - 70cl","p":10.62,"u":"15,17 €/L","img":"https://fd16-photos.leclercdrive.fr/image.ashx?id=2835565&use=l&cat=p&typeid=i","cat":286032},{"id":197206,"n":"Oeuf maxi Kinder Surprise Vert Père noel - 100g","p":5.67,"u":"56,70 €/KG","img":"https://fd16-photos.leclercdrive.fr/image.ashx?id=2428935&use=l&cat=p&typeid=i","cat":327592},{"id":197349,"n":"Gousse de vanille Sainte Lucie Bourbon de Madagascar - 6g","p":3.44,"u":"573,33 €/KG","img":"https://fd16-photos.leclercdrive.fr/image.ashx?id=2731507&use=l&cat=p&typeid=i","cat":284504},{"id":197351,"n":"Yaourt ferments lactiques Alsa Onctueux 4 sachets - 8g","p":3.09,"u":"386,25 €/KG","img":"https://fd16-photos.leclercdrive.fr/image.ashx?id=2999832&use=l&cat=p&typeid=i","cat":284505},{"id":197354,"n":"Préparation Moelleux Nature Alsa- 500g","p":3.83,"u":"7,66 €/KG","img":"https://fd16-photos.leclercdrive.fr/image.ashx?id=2812666&use=l&cat=p&typeid=i","cat":284505},{"id":197475,"n":"Effilés Chat Junior Purina One Sauce saumon ou poulet - 8x85g","p":4.68,"u":"6,88 €/KG","img":"https://fd16-photos.leclercdrive.fr/image.ashx?id=2899731&use=l&cat=p&typeid=i","cat":285286},{"id":197625,"n":"Tablette de chocolat noir Lindt 3x100g","p":4.57,"u":"15,23 €/KG","img":"https://fd16-photos.leclercdrive.fr/image.ashx?id=2721422&use=l&cat=p&typeid=i","cat":284956},{"id":197642,"n":"Décors à manger Sainte Lucie Licornes  x1","p":3.54,"img":"https://fd16-photos.leclercdrive.fr/image.ashx?id=2427976&use=l&cat=p&typeid=i","cat":284504},{"id":197648,"n":"Crayon pâtissier Sainte Lucie Goût choco-noisette - 20g","p":2.54,"u":"127,00 €/KG","img":"https://fd16-photos.leclercdrive.fr/image.ashx?id=2427979&use=l&cat=p&typeid=i","cat":284504},{"id":197652,"n":"Tartinade aux champignons  Sud&Sol - 150g","p":2.39,"pp":1.58,"u":"10,53 €/KG","img":"https://fd16-photos.leclercdrive.fr/image.ashx?id=2428438&use=l&cat=p&typeid=i","cat":315999},{"id":197697,"n":"Crème de nuit L'Oréal Paris Age perfect Anti-âge - 50ml","p":11.97,"pp":7.9,"u":"158,00 €/L","img":"https://fd16-photos.leclercdrive.fr/image.ashx?id=2428441&use=l&cat=p&typeid=i","cat":325345},{"id":197713,"n":"Fromage à Tartiner St Môret  Nature - 500g","p":5.53,"u":"11,06 €/KG","img":"https://fd16-photos.leclercdrive.fr/image.ashx?id=2427991&use=l&cat=p&typeid=i","cat":314029},{"id":197901,"n":"Citron jaune Rustica 500ml","p":1.93,"u":"3,86 €/L","img":"https://fd16-photos.leclercdrive.fr/image.ashx?id=2453947&use=l&cat=p&typeid=i","cat":288383},{"id":197909,"n":"Chocolat Peluche mix Kinder Léopard - 133g","p":13.94,"u":"104,81 €/KG","img":"https://fd16-photos.leclercdrive.fr/image.ashx?id=2447850&use=l&cat=p&typeid=i","cat":327789},{"id":197910,"n":"Chocolat Peluche mix Kinder Tigre - 133g","p":13.94,"u":"104,81 €/KG","img":"https://fd16-photos.leclercdrive.fr/image.ashx?id=2447853&use=l&cat=p&typeid=i","cat":327789},{"id":197912,"n":"IGP Foie gras de canard entier  Jean Larnaudie - 100g","p":16.95,"u":"169,50 €/KG","img":"https://fd16-photos.leclercdrive.fr/image.ashx?id=2429785&use=l&cat=p&typeid=i","cat":316008},{"id":198200,"n":"Bière Lindemans New Faro  25cl","p":1.56,"u":"6,24 €/L","img":"https://fd16-photos.leclercdrive.fr/image.ashx?id=2433464&use=l&cat=p&typeid=i","cat":334872},{"id":198338,"n":"Confiture Douceur du Verger Fraise intense - 320 g","p":1.42,"u":"4,44 €/KG","img":"https://fd16-photos.leclercdrive.fr/image.ashx?id=2965605&use=l&cat=p&typeid=i","cat":284480},{"id":198348,"n":"Confiture Douceur du Verger Abricot intense - 320 g","p":1.42,"u":"4,44 €/KG","img":"https://fd16-photos.leclercdrive.fr/image.ashx?id=2965608&use=l&cat=p&typeid=i","cat":284480},{"id":198349,"n":"Confiture Douceur du Verger Myrtille intense - 320g","p":1.99,"u":"6,22 €/KG","img":"https://fd16-photos.leclercdrive.fr/image.ashx?id=2965611&use=l&cat=p&typeid=i","cat":284480},{"id":198355,"n":"Confiture Douceur du Verger Framboise intense - 320g","p":2.1,"u":"6,56 €/KG","img":"https://fd16-photos.leclercdrive.fr/image.ashx?id=2965614&use=l&cat=p&typeid=i","cat":284480},{"id":198356,"n":"Confiture Douceur du Verger 3 agrumes Intense - 320g","p":1.66,"u":"5,19 €/KG","img":"https://fd16-photos.leclercdrive.fr/image.ashx?id=2966376&use=l&cat=p&typeid=i","cat":284480},{"id":198523,"n":"Desserts Lactés P'TIT ONCTUEUX Fromage blanc 6M+ - 4x90g","p":2.11,"u":"5,86 €/KG","img":"https://fd16-photos.leclercdrive.fr/image.ashx?id=2435707&use=l&cat=p&typeid=i","cat":312392},{"id":198524,"n":"Desserts Lactés P'TIT ONCTUEUX Banane 6M+ - 4x90g","p":2.08,"u":"5,78 €/KG","img":"https://fd16-photos.leclercdrive.fr/image.ashx?id=2435710&use=l&cat=p&typeid=i","cat":312392},{"id":198552,"n":"Arome vanille Sainte Lucie naturel -  50ml","p":3.32,"u":"66,40 €/KG","img":"https://fd16-photos.leclercdrive.fr/image.ashx?id=2435908&use=l&cat=p&typeid=i","cat":284504},{"id":198558,"n":"Cranberries Sainte Lucie 125g","p":2.55,"u":"20,40 €/KG","img":"https://fd16-photos.leclercdrive.fr/image.ashx?id=2435914&use=l&cat=p&typeid=i","cat":284504},{"id":198582,"n":"Desserts Lactés P'TIT ONCTUEUX Mangue ananas 6M+ - 4x90g","p":2.2,"u":"6,11 €/KG","img":"https://fd16-photos.leclercdrive.fr/image.ashx?id=2435932&use=l&cat=p&typeid=i","cat":312392},{"id":198623,"n":"Capsules Nescafé Dolce Gusto  Double Espresso - x16","p":5.26,"u":"38,68 €/KG","img":"https://fd16-photos.leclercdrive.fr/image.ashx?id=2687245&use=l&cat=p&typeid=i","cat":293239},{"id":198654,"n":"Coq au vin et pommes de terre Jean Larnaudie - 1.240kg","p":14.99,"u":"12,09 €/KG","img":"https://fd16-photos.leclercdrive.fr/image.ashx?id=2436347&use=l&cat=p&typeid=i","cat":284441},{"id":198696,"n":"Champagne Montaudon 75cl","p":28.9,"pp":24.56,"u":"32,75 €/L","img":"https://fd16-photos.leclercdrive.fr/image.ashx?id=2436885&use=l&cat=p&typeid=i","cat":284542},{"id":198794,"n":"Protège-slips Doulys Ultra-mince Long - x30","p":1.25,"u":"0,04 €/P","img":"https://fd16-photos.leclercdrive.fr/image.ashx?id=2882343&use=l&cat=p&typeid=i","cat":284625},{"id":198806,"n":"Fromage pour Tartiflette Président - 480g","p":5.61,"u":"11,69 €/KG","img":"https://fd16-photos.leclercdrive.fr/image.ashx?id=2757018&use=l&cat=p&typeid=i","cat":314037},{"id":198859,"n":"Pizza Turini Chèvre et Miel - 380g","p":3.29,"u":"8,66 €/KG","img":"https://fd16-photos.leclercdrive.fr/image.ashx?id=2888965&use=l&cat=p&typeid=i","cat":333679},{"id":198867,"n":"Lames de rasoir Gillette Mach 3 - x4","p":16.1,"u":"4,03 €/P","img":"https://fd16-photos.leclercdrive.fr/image.ashx?id=2859905&use=l&cat=p&typeid=i","cat":284616},{"id":198869,"n":"Lames de rasoir Gillette Mach 3 Turbo - x4","p":13.54,"u":"3,39 €/P","img":"https://fd16-photos.leclercdrive.fr/image.ashx?id=2507101&use=l&cat=p&typeid=i","cat":284616},{"id":198877,"n":"Rasoir Mach 3 Gillette 3 lames -x1","p":10.95,"img":"https://fd16-photos.leclercdrive.fr/image.ashx?id=2971416&use=l&cat=p&typeid=i","cat":284616},{"id":198924,"n":"Gel à raser GilletteLabs Skin Care - 198ml","p":6.0,"u":"30,30 €/MT","img":"https://fd16-photos.leclercdrive.fr/image.ashx?id=2955215&use=l&cat=p&typeid=i","cat":284617},{"id":198968,"n":"Bloc wc javel Syphon eau bleue x2 - 100g","p":1.78,"u":"17,80 €/KG","img":"https://fd16-photos.leclercdrive.fr/image.ashx?id=2437005&use=l&cat=p&typeid=i","cat":284662},{"id":198972,"n":"Nettoyant ménager Clair Désinfectant - 5L","p":3.96,"u":"0,79 €/L","img":"https://fd16-photos.leclercdrive.fr/image.ashx?id=2909407&use=l&cat=p&typeid=i","cat":284907},{"id":198979,"n":"Bûche glacée Nestlé Poire Chocolat - 540g","p":6.3,"u":"11,67 €/KG","img":"https://fd16-photos.leclercdrive.fr/image.ashx?id=2750456&use=l&cat=p&typeid=i","cat":284266},{"id":198980,"n":"Bûche glacée Nestlé Nougatine - 540g","p":6.3,"u":"11,67 €/KG","img":"https://fd16-photos.leclercdrive.fr/image.ashx?id=2936716&use=l&cat=p&typeid=i","cat":284266},{"id":199027,"n":"AOP Bordeaux supérieur vin Rouge Château de Goelane - 75cl","p":7.07,"u":"9,43 €/L","img":"https://fd16-photos.leclercdrive.fr/image.ashx?id=2438450&use=l&cat=p&typeid=i","cat":289556},{"id":199267,"n":"Bûche glacée Pilpa Douceur Citron Meringue 464g","p":5.27,"u":"11,36 €/KG","img":"https://fd16-photos.leclercdrive.fr/image.ashx?id=2751030&use=l&cat=p&typeid=i","cat":284266},{"id":199298,"n":"Bûche glacée Eskiss Façon Pêche Melba - 565g","p":3.89,"u":"6,88 €/KG","img":"https://fd16-photos.leclercdrive.fr/image.ashx?id=2969003&use=l&cat=p&typeid=i","cat":284266},{"id":199510,"n":"Cervelas Herta Sans nitrite - 400g","p":3.99,"u":"9,98 €/KG","img":"https://fd16-photos.leclercdrive.fr/image.ashx?id=2443835&use=l&cat=p&typeid=i","cat":316012},{"id":199512,"n":"Cervelas Herta Sans nitrite - 200g","p":2.95,"u":"14,75 €/KG","img":"https://fd16-photos.leclercdrive.fr/image.ashx?id=2443832&use=l&cat=p&typeid=i","cat":316012},{"id":199552,"n":"Dentifrice Elmex Anti-caries Original - 75ml","p":5.02,"u":"66,93 €/L","img":"https://fd16-photos.leclercdrive.fr/image.ashx?id=2852181&use=l&cat=p&typeid=i","cat":284612},{"id":199553,"n":"Dentifrice Elmex Sensitive Original - 75ml","p":4.93,"u":"65,73 €/L","img":"https://fd16-photos.leclercdrive.fr/image.ashx?id=2738404&use=l&cat=p&typeid=i","cat":284612},{"id":199554,"n":"Dentifrice Elmex Sensitive  Haleine fraîche - 75ml","p":3.9,"u":"52,00 €/L","img":"https://fd16-photos.leclercdrive.fr/image.ashx?id=2738407&use=l&cat=p&typeid=i","cat":284612},{"id":199557,"n":"Dentifrice Elmex Anti-caries Haleine fraîche - 75 ml","p":3.98,"u":"53,07 €/MT","img":"https://fd16-photos.leclercdrive.fr/image.ashx?id=2738419&use=l&cat=p&typeid=i","cat":284612},{"id":199559,"n":"Dentifrice Elmex Sensitive  Blancheur douce - 2x75ml","p":8.75,"u":"58,33 €/MT","img":"https://fd16-photos.leclercdrive.fr/image.ashx?id=2738425&use=l&cat=p&typeid=i","cat":284612},{"id":199863,"n":"Bûche glacée Nestlé  Framboise Citron Fraise - 540g","p":6.3,"u":"11,67 €/KG","img":"https://fd16-photos.leclercdrive.fr/image.ashx?id=2749991&use=l&cat=p&typeid=i","cat":284266},{"id":200060,"n":"Bûchettes Nestlé Signature Tout chocolat x4 - 310g","p":6.17,"u":"19,90 €/KG","img":"https://fd16-photos.leclercdrive.fr/image.ashx?id=2446755&use=l&cat=p&typeid=i","cat":284266},{"id":200061,"n":"Bûchettes Nestlé Signature Façon fraisier x4 - 310g","p":6.17,"u":"19,90 €/KG","img":"https://fd16-photos.leclercdrive.fr/image.ashx?id=2446749&use=l&cat=p&typeid=i","cat":284266},{"id":200062,"n":"Bûche glacée Nestlé craquante Vanille Caramel - 540g","p":6.3,"u":"11,67 €/KG","img":"https://fd16-photos.leclercdrive.fr/image.ashx?id=2750462&use=l&cat=p&typeid=i","cat":284266},{"id":200096,"n":"Bûche glacée Nestlé  Chocolat Vanille - 540g","p":6.3,"u":"11,67 €/KG","img":"https://fd16-photos.leclercdrive.fr/image.ashx?id=2936722&use=l&cat=p&typeid=i","cat":284266},{"id":200100,"n":"Bûche glacée Nestlé Crème brûlée - 540g","p":6.3,"u":"11,67 €/KG","img":"https://fd16-photos.leclercdrive.fr/image.ashx?id=2749997&use=l&cat=p&typeid=i","cat":284266},{"id":200153,"n":"Repas bébé Blédina 15 mois légumes boulghour merlu 200g","p":2.73,"u":"13,65 €/KG","img":"https://fd16-photos.leclercdrive.fr/image.ashx?id=2975101&use=l&cat=p&typeid=i","cat":312238},{"id":200175,"n":"Plat bébé soir Blédiner 15 mois Pâtes légumes - 200g","p":2.7,"u":"13,50 €/KG","img":"https://fd16-photos.leclercdrive.fr/image.ashx?id=2866295&use=l&cat=p&typeid=i","cat":312239},{"id":200202,"n":"Repas bébé Blédina 15 mois carotte haricot riz bœuf 200g","p":2.69,"u":"13,45 €/KG","img":"https://fd16-photos.leclercdrive.fr/image.ashx?id=2586586&use=l&cat=p&typeid=i","cat":312238},{"id":200218,"n":"Repas bébé Blédina 15 mois carotte pâte épices poulet 200g","p":2.51,"u":"12,55 €/KG","img":"https://fd16-photos.leclercdrive.fr/image.ashx?id=2951632&use=l&cat=p&typeid=i","cat":312238},{"id":200266,"n":"Piles alcalines Energizer Max AA/LR6 x14","p":13.25,"img":"https://fd16-photos.leclercdrive.fr/image.ashx?id=2447226&use=l&cat=p&typeid=i","cat":300572},{"id":200277,"n":"Bloc de foie gras de canard Jean Larnaudie - 2x150g","p":14.99,"u":"49,97 €/KG","img":"https://fd16-photos.leclercdrive.fr/image.ashx?id=2447903&use=l&cat=p&typeid=i","cat":315998},{"id":200278,"n":"Bloc de foie gras de canard Jean Larnaudie - 2x150g","p":14.99,"u":"49,97 €/KG","img":"https://fd16-photos.leclercdrive.fr/image.ashx?id=2447906&use=l&cat=p&typeid=i","cat":316008},{"id":200279,"n":"Foie gras de canard entier  Jean Larnaudie - Lingot 170g","p":14.99,"u":"88,18 €/KG","img":"https://fd16-photos.leclercdrive.fr/image.ashx?id=2447909&use=l&cat=p&typeid=i","cat":305148},{"id":200280,"n":"Foie gras de canard entier Jean Larnaudie - Lingot 170g","p":14.99,"u":"88,18 €/KG","img":"https://fd16-photos.leclercdrive.fr/image.ashx?id=2447912&use=l&cat=p&typeid=i","cat":305148},{"id":200325,"n":"Lamelles Sainte Lucie Ecorces d'orange confites 100g","p":2.39,"u":"23,90 €/KG","img":"https://fd16-photos.leclercdrive.fr/image.ashx?id=2447927&use=l&cat=p&typeid=i","cat":284504},{"id":200330,"n":"Bougies magiques Sainte Lucie x12 -1p","p":1.84,"img":"https://fd16-photos.leclercdrive.fr/image.ashx?id=2447933&use=l&cat=p&typeid=i","cat":284504},{"id":200368,"n":"Tartines croustillantes Wasa Complet - 260g","p":2.5,"u":"9,62 €/KG","img":"https://fd16-photos.leclercdrive.fr/image.ashx?id=2448196&use=l&cat=p&typeid=i","cat":284479},{"id":200377,"n":"Plat bébé soir Blédîner 15 mois Légumes macaroni persil - 200g","p":2.56,"u":"12,80 €/KG","img":"https://fd16-photos.leclercdrive.fr/image.ashx?id=2866292&use=l&cat=p&typeid=i","cat":312239},{"id":200378,"n":"Repas bébé Blédina 15 mois Pâtes brocolis jambon - 200g","p":2.51,"u":"12,55 €/KG","img":"https://fd16-photos.leclercdrive.fr/image.ashx?id=2975104&use=l&cat=p&typeid=i","cat":312238},{"id":200382,"n":"Boite de chocolats KINDER  Mix Happy Moments - 161g","p":4.44,"u":"27,58 €/KG","img":"https://fd16-photos.leclercdrive.fr/image.ashx?id=2797007&use=l&cat=p&typeid=i","cat":284958},{"id":200709,"n":"Soupe liquide brique Liebig  Cèpes & Bolets - 2x30cl","p":2.69,"u":"4,48 €/L","img":"https://fd16-photos.leclercdrive.fr/image.ashx?id=2472204&use=l&cat=p&typeid=i","cat":284462},{"id":200779,"n":"Nettoyant sol Vigor Désincrustant intense - 1L","p":3.18,"u":"3,18 €/L","img":"https://fd16-photos.leclercdrive.fr/image.ashx?id=2736160&use=l&cat=p&typeid=i","cat":284907},{"id":200780,"n":"Protège-lingerie Nana x30","p":1.87,"u":"0,06 €/P","img":"https://fd16-photos.leclercdrive.fr/image.ashx?id=3003432&use=l&cat=p&typeid=i","cat":284625},{"id":200781,"n":"Serviettes hygiéniques Nana Maxi régulier+ x16","p":1.85,"u":"0,12 €/P","img":"https://fd16-photos.leclercdrive.fr/image.ashx?id=2454454&use=l&cat=p&typeid=i","cat":284624},{"id":201107,"n":"Café dosettes Tassimo Café au Lait x21","p":5.34,"u":"22,07 €/KG","img":"https://fd16-photos.leclercdrive.fr/image.ashx?id=2457605&use=l&cat=p&typeid=i","cat":293240},{"id":201136,"n":"Pizza Crust Sodebo Kebab Poulet - 580g","p":6.0,"u":"10,34 €/KG","img":"https://fd16-photos.leclercdrive.fr/image.ashx?id=2645507&use=l&cat=p&typeid=i","cat":333679},{"id":201193,"n":"Boisson fermentée désalcoolisée Rosé - à base de raisin - 75cl","p":3.29,"u":"4,39 €/L","img":"https://fd16-photos.leclercdrive.fr/image.ashx?id=2477667&use=l&cat=p&typeid=i","cat":284549},{"id":201203,"n":"Préparation Pancakes Mapple Joe - 215g 8à10 pancakes","p":2.42,"u":"11,26 €/KG","img":"https://fd16-photos.leclercdrive.fr/image.ashx?id=2657394&use=l&cat=p&typeid=i","cat":284504},{"id":201229,"n":"Boisson pétillante sans alcool Bio - Listel Framboise - 75cl","p":3.88,"u":"5,17 €/L","img":"https://fd16-photos.leclercdrive.fr/image.ashx?id=2732422&use=l&cat=p&typeid=i","cat":284549},{"id":201243,"n":"AOP Vin blanc Monbazillac 37.5cl","p":3.99,"u":"10,64 €/L","img":"https://fd16-photos.leclercdrive.fr/image.ashx?id=2756894&use=l&cat=p&typeid=i","cat":289557},{"id":201298,"n":"Fromage enfant La Vache qui rit Original 12P à tartiner - 192g","p":2.47,"u":"12,86 €/KG","img":"https://fd16-photos.leclercdrive.fr/image.ashx?id=2945442&use=l&cat=p&typeid=i","cat":314030},{"id":201299,"n":"Fromage enfant La Vache qui rit Original 16P à tartiner - 256g","p":2.88,"u":"11,25 €/KG","img":"https://fd16-photos.leclercdrive.fr/image.ashx?id=2945445&use=l&cat=p&typeid=i","cat":314029},{"id":201300,"n":"Fromage enfant La Vache qui rit Original 32P à tartiner - 512g","p":4.8,"u":"9,38 €/KG","img":"https://fd16-photos.leclercdrive.fr/image.ashx?id=2945448&use=l&cat=p&typeid=i","cat":314030},{"id":201342,"n":"Coquilles St Jacques Celtigel À la Bretonne - 4x90g","p":10.99,"u":"3,05 €/KG","img":"https://fd16-photos.leclercdrive.fr/image.ashx?id=2744869&use=l&cat=p&typeid=i","cat":319775},{"id":201455,"n":"Thé vert Boost Yate x20 - 32g","p":1.49,"u":"46,56 €/KG","img":"https://fd16-photos.leclercdrive.fr/image.ashx?id=2645975&use=l&cat=p&typeid=i","cat":293233},{"id":201458,"n":"Chips ondulées Pom' Lisse 135g","p":1.29,"u":"9,56 €/KG","img":"https://fd16-photos.leclercdrive.fr/image.ashx?id=2644695&use=l&cat=p&typeid=i","cat":284447},{"id":201528,"n":"Porto ruby Dorrao 18%vol - 75cl","p":8.39,"u":"11,19 €/L","img":"https://fd16-photos.leclercdrive.fr/image.ashx?id=2869871&use=l&cat=p&typeid=i","cat":284913},{"id":201607,"n":"Rasoirs jetables Wilkinson Extra 3 Essentials - x4","p":2.32,"u":"0,58 €/P","img":"https://fd16-photos.leclercdrive.fr/image.ashx?id=2462840&use=l&cat=p&typeid=i","cat":325352},{"id":201688,"n":"Beurre plaquette Eco+ Doux - 60% MG  - 200g","p":1.45,"u":"7,25 €/KG","img":"https://fd16-photos.leclercdrive.fr/image.ashx?id=2794187&use=l&cat=p&typeid=i","cat":284379},{"id":201689,"n":"Café capsules Plantation Lungo -","p":5.15,"u":"33,01 €/KG","img":"https://fd16-photos.leclercdrive.fr/image.ashx?id=2462047&use=l&cat=p&typeid=i","cat":284749},{"id":201692,"n":"Frites Crousti Express Findus Micro-ondes Allumette 2x100g","p":1.72,"u":"8,60 €/KG","img":"https://fd16-photos.leclercdrive.fr/image.ashx?id=2648274&use=l&cat=p&typeid=i","cat":319791},{"id":201705,"n":"Bière Leffe Ruby 5% - 20x25cl","p":14.26,"u":"2,85 €/L","img":"https://fd16-photos.leclercdrive.fr/image.ashx?id=2463116&use=l&cat=p&typeid=i","cat":334878},{"id":201772,"n":"Dentifrice Elmex Sensitive Blancheur douce - 75ml","p":5.27,"u":"70,27 €/L","img":"https://fd16-photos.leclercdrive.fr/image.ashx?id=2721187&use=l&cat=p&typeid=i","cat":284612},{"id":201791,"n":"Soupe en sachets chat Felix Sélection de poissons - 6x48g","p":2.07,"u":"7,19 €/KG","img":"https://fd16-photos.leclercdrive.fr/image.ashx?id=2887251&use=l&cat=p&typeid=i","cat":285286},{"id":201792,"n":"Mousseline Purina Gourmet Thon nappé de sauce - 4x57g","p":3.03,"u":"13,29 €/KG","img":"https://fd16-photos.leclercdrive.fr/image.ashx?id=2899722&use=l&cat=p&typeid=i","cat":285601},{"id":201837,"n":"Protège-slips Doulys Ultra-mince normal - x45","p":0.87,"u":"0,02 €/P","img":"https://fd16-photos.leclercdrive.fr/image.ashx?id=2849590&use=l&cat=p&typeid=i","cat":284625},{"id":201838,"n":"Fraizibus Haribo Sachet bonbons - 220g","p":1.62,"u":"7,36 €/KG","img":"https://fd16-photos.leclercdrive.fr/image.ashx?id=2984955&use=l&cat=p&typeid=i","cat":304250},{"id":201839,"n":"Sauce arrabbiata Turini 420g","p":1.14,"u":"2,71 €/KG","img":"https://fd16-photos.leclercdrive.fr/image.ashx?id=2465062&use=l&cat=p&typeid=i","cat":287599},{"id":201915,"n":"Protège-slips Doulys Slip ou string - x45","p":1.61,"u":"0,04 €/P","img":"https://fd16-photos.leclercdrive.fr/image.ashx?id=2877466&use=l&cat=p&typeid=i","cat":284625},{"id":201934,"n":"Protège-slips Vania Confort Fresh - x56","p":2.47,"img":"https://fd16-photos.leclercdrive.fr/image.ashx?id=2735227&use=l&cat=p&typeid=i","cat":284625},{"id":201935,"n":"Protège-slips Confort Vania  Sans parfum - x56","p":2.53,"u":"0,05 €/P","img":"https://fd16-photos.leclercdrive.fr/image.ashx?id=2735230&use=l&cat=p&typeid=i","cat":284625},{"id":201937,"n":"Gel douche Mixa Bébé Bio  Très Doux Corps Cheveux - 300ml","p":5.56,"u":"18,53 €/L","img":"https://fd16-photos.leclercdrive.fr/image.ashx?id=2468548&use=l&cat=p&typeid=i","cat":284740},{"id":201942,"n":"Spray désinfectant Clair Multi-surfaces - 400ml","p":3.85,"u":"9,63 €/MT","img":"https://fd16-photos.leclercdrive.fr/image.ashx?id=2467682&use=l&cat=p&typeid=i","cat":325357},{"id":201945,"n":"Gel Douche Le Petit Marseillais  Lait de vanille - 250ml","p":1.56,"u":"6,24 €/L","img":"https://fd16-photos.leclercdrive.fr/image.ashx?id=2676096&use=l&cat=p&typeid=i","cat":284594},{"id":201946,"n":"Gel Douche Le Petit Marseillais Lait de vanille - 650 ml","p":3.27,"u":"5,03 €/L","img":"https://fd16-photos.leclercdrive.fr/image.ashx?id=2674794&use=l&cat=p&typeid=i","cat":284594},{"id":201947,"n":"Gel Douche Le Petit Marseillais Fleur de cerisie - 650ml","p":3.27,"u":"5,03 €/L","img":"https://fd16-photos.leclercdrive.fr/image.ashx?id=2676099&use=l&cat=p&typeid=i","cat":284594},{"id":201948,"n":"Gel Douche Le Petit Marseillais Abricot et noisette - 650ml","p":3.22,"u":"4,95 €/MT","img":"https://fd16-photos.leclercdrive.fr/image.ashx?id=2676102&use=l&cat=p&typeid=i","cat":284594},{"id":201949,"n":"Gel Douche Le Petit Marseillais Fleur d'oranger - 250ml","p":1.7,"u":"6,80 €/MT","img":"https://fd16-photos.leclercdrive.fr/image.ashx?id=2963397&use=l&cat=p&typeid=i","cat":284594},{"id":201950,"n":"Gel Douche Le Petit Marseillais Amande douce - 250ml","p":1.58,"u":"6,32 €/MT","img":"https://fd16-photos.leclercdrive.fr/image.ashx?id=2946592&use=l&cat=p&typeid=i","cat":284594},{"id":201951,"n":"Gel Douche Le Petit Marseillais Lait - 250ml","p":1.75,"u":"7,00 €/MT","img":"https://fd16-photos.leclercdrive.fr/image.ashx?id=2676108&use=l&cat=p&typeid=i","cat":284594},{"id":201952,"n":"Gel Douche Le Petit Marseillais Lait - 650ml","p":3.19,"u":"4,91 €/L","img":"https://fd16-photos.leclercdrive.fr/image.ashx?id=2676111&use=l&cat=p&typeid=i","cat":284594},{"id":201953,"n":"Gel Douche Le Petit Marseillais Pêche nectarine - 250ml","p":1.69,"u":"6,76 €/L","img":"https://fd16-photos.leclercdrive.fr/image.ashx?id=2938761&use=l&cat=p&typeid=i","cat":284594},{"id":201954,"n":"Gel Douche Le Petit Marseillais  Peche nectarine - 650ml","p":3.28,"u":"5,05 €/L","img":"https://fd16-photos.leclercdrive.fr/image.ashx?id=2676114&use=l&cat=p&typeid=i","cat":284594},{"id":201956,"n":"Gel Douche Le Petit Marseillais Verveine citron - 250ml","p":1.7,"u":"6,80 €/MT","img":"https://fd16-photos.leclercdrive.fr/image.ashx?id=2941769&use=l&cat=p&typeid=i","cat":284594},{"id":201957,"n":"Gel douche pamplemousse orange  Le Petit marseillais - 650ml","p":3.28,"u":"5,05 €/L","img":"https://fd16-photos.leclercdrive.fr/image.ashx?id=2676123&use=l&cat=p&typeid=i","cat":284594},{"id":202064,"n":"Fromage blanc nature Délisse 500g","p":1.29,"u":"2,58 €/KG","img":"https://fd16-photos.leclercdrive.fr/image.ashx?id=3012878&use=l&cat=p&typeid=i","cat":284409},{"id":202066,"n":"Fromage blanc nature Délisse 4x100g","p":0.97,"u":"2,43 €/KG","img":"https://fd16-photos.leclercdrive.fr/image.ashx?id=3012881&use=l&cat=p&typeid=i","cat":284409},{"id":202068,"n":"Yaourt à la Grecque Délisse  450g","p":1.29,"u":"2,87 €/KG","img":"https://fd16-photos.leclercdrive.fr/image.ashx?id=2885140&use=l&cat=p&typeid=i","cat":314999},{"id":202075,"n":"Poêlée jardinière quinoa Notre Jardin - 750g","p":3.29,"u":"4,39 €/KG","img":"https://fd16-photos.leclercdrive.fr/image.ashx?id=2771381&use=l&cat=p&typeid=i","cat":319823},{"id":202077,"n":"Crème semi-épaisse Soutenons Nos Agriculteurs - 3x20cl","p":2.89,"u":"4,82 €/L","img":"https://fd16-photos.leclercdrive.fr/image.ashx?id=2469067&use=l&cat=p&typeid=i","cat":284381},{"id":202078,"n":"Cordons bleus de dinde Eco  200g","p":1.47,"u":"7,35 €/KG","img":"https://fd16-photos.leclercdrive.fr/image.ashx?id=2860659&use=l&cat=p&typeid=i","cat":333683},{"id":202081,"n":"Pizza moelleuse Turini 3 viandes - 590g","p":4.0,"u":"6,78 €/KG","img":"https://fd16-photos.leclercdrive.fr/image.ashx?id=2816609&use=l&cat=p&typeid=i","cat":284256},{"id":202084,"n":"Saucisson sec Eco   400g","p":3.77,"u":"9,43 €/KG","img":"https://fd16-photos.leclercdrive.fr/image.ashx?id=2766166&use=l&cat=p&typeid=i","cat":316006},{"id":202544,"n":"Gel douche Le Petit Marseillais Grenade - 250ml","p":1.7,"u":"6,80 €/L","img":"https://fd16-photos.leclercdrive.fr/image.ashx?id=2685126&use=l&cat=p&typeid=i","cat":284594},{"id":202545,"n":"Gel douche Le Petit Marseillais Fleur de Tiare - 250ml","p":1.6,"u":"6,40 €/L","img":"https://fd16-photos.leclercdrive.fr/image.ashx?id=2676093&use=l&cat=p&typeid=i","cat":284594},{"id":202546,"n":"Gel douche Le Petit Marseillais Mandarine - 250ml","p":1.49,"u":"5,96 €/L","img":"https://fd16-photos.leclercdrive.fr/image.ashx?id=2684527&use=l&cat=p&typeid=i","cat":284594},{"id":202547,"n":"Gel douche Le Petit Marseillais Mangue Passion - 250ml","p":1.73,"u":"6,92 €/L","img":"https://fd16-photos.leclercdrive.fr/image.ashx?id=2685189&use=l&cat=p&typeid=i","cat":284594},{"id":202585,"n":"Noix de St Jacques sauvages Sans corail - 200g","p":5.0,"u":"25,00 €/KG","img":"https://fd16-photos.leclercdrive.fr/image.ashx?id=2473471&use=l&cat=p&typeid=i","cat":319787},{"id":202647,"n":"Bière blonde Jenlain Pack 6x25cl","p":5.82,"u":"3,88 €/L","img":"https://fd16-photos.leclercdrive.fr/image.ashx?id=2474380&use=l&cat=p&typeid=i","cat":334852},{"id":202648,"n":"Bière blonde Jenlain 50 cl","p":1.6,"u":"3,20 €/L","img":"https://fd16-photos.leclercdrive.fr/image.ashx?id=2474383&use=l&cat=p&typeid=i","cat":334853},{"id":202649,"n":"Bière blonde Jenlain 75 cl","p":2.81,"u":"3,75 €/L","img":"https://fd16-photos.leclercdrive.fr/image.ashx?id=2732851&use=l&cat=p&typeid=i","cat":334852},{"id":202674,"n":"Gourde Good Goût Banane Abricot bio - 120g","p":1.48,"u":"12,33 €/KG","img":"https://fd16-photos.leclercdrive.fr/image.ashx?id=2639023&use=l&cat=p&typeid=i","cat":312393},{"id":202857,"n":"Couches Pampers Premium Protection - T2 - x54","p":18.06,"u":"0,33 €/P","img":"https://fd16-photos.leclercdrive.fr/image.ashx?id=2683367&use=l&cat=p&typeid=i","cat":284737},{"id":202871,"n":"Coeur de sucrine  Panier du Primeur x6","p":2.29,"u":"0,76 €/P","img":"https://fd16-photos.leclercdrive.fr/image.ashx?id=2477547&use=l&cat=p&typeid=i","cat":284352},{"id":202888,"n":"Gel douche Adidas Active Start - 250ml","p":1.79,"u":"7,16 €/L","img":"https://fd16-photos.leclercdrive.fr/image.ashx?id=2990805&use=l&cat=p&typeid=i","cat":284619},{"id":202908,"n":"Skyr Yoplait  Nature 0%MG - 450G","p":1.89,"u":"4,20 €/KG","img":"https://fd16-photos.leclercdrive.fr/image.ashx?id=2884468&use=l&cat=p&typeid=i","cat":315000},{"id":202996,"n":"Boudin blanc de volaille  Tradilège x3 - 300g","p":3.15,"u":"10,50 €/KG","img":"https://fd16-photos.leclercdrive.fr/image.ashx?id=2955273&use=l&cat=p&typeid=i","cat":316012},{"id":203037,"n":"Shampooing Mixa Bébé  Très Doux - 300ml","p":2.4,"u":"8,00 €/L","img":"https://fd16-photos.leclercdrive.fr/image.ashx?id=2479321&use=l&cat=p&typeid=i","cat":284740},{"id":203041,"n":"Lait de toilette Mixa Bébé  Très Doux - 300ml","p":2.43,"u":"8,10 €/L","img":"https://fd16-photos.leclercdrive.fr/image.ashx?id=2479324&use=l&cat=p&typeid=i","cat":284741},{"id":203042,"n":"Gel Toilette Intime Extra Doux Intima Natural Hamamélis 200ml","p":3.08,"u":"15,40 €/L","img":"https://fd16-photos.leclercdrive.fr/image.ashx?id=2959871&use=l&cat=p&typeid=i","cat":284627},{"id":203043,"n":"Gel Toilette Intime Régulateur Intima Natural Cranberry 200ml","p":3.53,"u":"17,65 €/L","img":"https://fd16-photos.leclercdrive.fr/image.ashx?id=2959874&use=l&cat=p&typeid=i","cat":284627},{"id":203052,"n":"Recharge pour diffuseur Glade  Bois de Santal & Jasmin - 18ml","p":3.99,"u":"221,67 €/L","img":"https://fd16-photos.leclercdrive.fr/image.ashx?id=2634358&use=l&cat=p&typeid=i","cat":311629},{"id":203055,"n":"Diffuseur Automatic Spray Glade Sandalwood & Jasmine - 269 ml","p":8.89,"img":"https://fd16-photos.leclercdrive.fr/image.ashx?id=2866007&use=l&cat=p&typeid=i","cat":311629},{"id":203056,"n":"Recharge Touch & Fresh Glade Marine - 10 ml","p":3.07,"u":"307,00 €/L","img":"https://fd16-photos.leclercdrive.fr/image.ashx?id=2506609&use=l&cat=p&typeid=i","cat":311629},{"id":203057,"n":"Recharge Touch & Fresh Glade Muguet - 10ml","p":3.39,"u":"339,00 €/L","img":"https://fd16-photos.leclercdrive.fr/image.ashx?id=2506612&use=l&cat=p&typeid=i","cat":311629},{"id":203059,"n":"Recharge Touch & Fresh Glade Sandalwood & Jasmine - 10 ml","p":3.45,"u":"345,00 €/L","img":"https://fd16-photos.leclercdrive.fr/image.ashx?id=2914744&use=l&cat=p&typeid=i","cat":311629},{"id":203063,"n":"Gel désodorisant Glade  Longue durée - Muguet - x1","p":1.52,"img":"https://fd16-photos.leclercdrive.fr/image.ashx?id=2479429&use=l&cat=p&typeid=i","cat":311628},{"id":203089,"n":"Pizza au feu de bois Turini Chèvre et miel - 410g","p":2.65,"u":"6,46 €/KG","img":"https://fd16-photos.leclercdrive.fr/image.ashx?id=2816615&use=l&cat=p&typeid=i","cat":284256},{"id":203203,"n":"Moulage  Kinder Surprise 36g","p":2.17,"u":"60,28 €/KG","img":"https://fd16-photos.leclercdrive.fr/image.ashx?id=2509089&use=l&cat=p&typeid=i","cat":327592},{"id":203206,"n":"Mini oeufs Kinder Bueno Chocolat - 80g","p":3.4,"u":"42,50 €/KG","img":"https://fd16-photos.leclercdrive.fr/image.ashx?id=2866499&use=l&cat=p&typeid=i","cat":327592},{"id":203209,"n":"Petits plaisirs  Ferrero Rocher Chocolat - 126g","p":4.99,"u":"39,60 €/KG","img":"https://fd16-photos.leclercdrive.fr/image.ashx?id=2945008&use=l&cat=p&typeid=i","cat":327600},{"id":203310,"n":"Diffuseur Touch & Fresh Glade Marine - 10 ml","p":4.25,"img":"https://fd16-photos.leclercdrive.fr/image.ashx?id=2914750&use=l&cat=p&typeid=i","cat":311629},{"id":203319,"n":"AOP Champagne Brut M.H Martel Cuvée Victoire 75cl","p":27.09,"u":"36,12 €/L","img":"https://fd16-photos.leclercdrive.fr/image.ashx?id=2947949&use=l&cat=p&typeid=i","cat":284542},{"id":203433,"n":"Gel douche Homme Adidas After Sport - 250ml","p":1.68,"u":"6,72 €/L","img":"https://fd16-photos.leclercdrive.fr/image.ashx?id=2990799&use=l&cat=p&typeid=i","cat":284619},{"id":203497,"n":"Papyzouk Hurricane 75cl","p":13.49,"pp":11.49,"u":"15,32 €/L","img":"https://fd16-photos.leclercdrive.fr/image.ashx?id=2499672&use=l&cat=p&typeid=i","cat":284551},{"id":203502,"n":"Bière blonde Malheur 8%vol - 75cl","p":4.15,"u":"5,53 €/L","img":"https://fd16-photos.leclercdrive.fr/image.ashx?id=2985552&use=l&cat=p&typeid=i","cat":334872},{"id":203503,"n":"Bière blonde Malheur 10%vol - 75cl","p":4.15,"u":"5,53 €/L","img":"https://fd16-photos.leclercdrive.fr/image.ashx?id=2903728&use=l&cat=p&typeid=i","cat":334872},{"id":203642,"n":"Porto Tawny Eco+ 75Cl","p":5.43,"u":"7,24 €/L","img":"https://fd16-photos.leclercdrive.fr/image.ashx?id=2869844&use=l&cat=p&typeid=i","cat":284913},{"id":203683,"n":"Tartinable de thon Simon Dutriaux - 135g","p":2.0,"u":"14,81 €/KG","img":"https://fd16-photos.leclercdrive.fr/image.ashx?id=2590184&use=l&cat=p&typeid=i","cat":285191},{"id":203687,"n":"Tartinable de saumon Simon Dutriaux - 135g","p":2.0,"u":"14,81 €/KG","img":"https://fd16-photos.leclercdrive.fr/image.ashx?id=2590187&use=l&cat=p&typeid=i","cat":285191},{"id":203688,"n":"Filet américain préparé Simon Dutriaux - 135g","p":2.3,"u":"17,04 €/KG","img":"https://fd16-photos.leclercdrive.fr/image.ashx?id=2664926&use=l&cat=p&typeid=i","cat":285191},{"id":203749,"n":"Coloration Cheveux  Les Naturelles Châtin clair N°3","p":3.88,"img":"https://fd16-photos.leclercdrive.fr/image.ashx?id=2486305&use=l&cat=p&typeid=i","cat":288899},{"id":203750,"n":"Coloration Cheveux  Blond Clair Cuivré N°21","p":4.54,"img":"https://fd16-photos.leclercdrive.fr/image.ashx?id=2486308&use=l&cat=p&typeid=i","cat":288899},{"id":203755,"n":"Coloration Cheveux  Marron clair doré N°76","p":4.54,"img":"https://fd16-photos.leclercdrive.fr/image.ashx?id=2486239&use=l&cat=p&typeid=i","cat":288899},{"id":203759,"n":"Coloration Cheveux Raffinées Marron Moka - N°74","p":4.54,"img":"https://fd16-photos.leclercdrive.fr/image.ashx?id=2486248&use=l&cat=p&typeid=i","cat":288899},{"id":203781,"n":"Tartines de pain Pasquier Brioché 15 tranches - 210g","p":2.02,"u":"9,62 €/KG","img":"https://fd16-photos.leclercdrive.fr/image.ashx?id=2939367&use=l&cat=p&typeid=i","cat":284479},{"id":203783,"n":"Grilletine Pasquier Céréales et graines - 255g","p":1.78,"u":"6,98 €/KG","img":"https://fd16-photos.leclercdrive.fr/image.ashx?id=2642393&use=l&cat=p&typeid=i","cat":284479},{"id":203803,"n":"Crème soin Nuit Diadermine Expert Fondamental 50ml","p":9.8,"u":"196,00 €/L","img":"https://fd16-photos.leclercdrive.fr/image.ashx?id=2519108&use=l&cat=p&typeid=i","cat":325345},{"id":203821,"n":"Boîte chien Pedigree  Cuisinés en sauce - 6x400g","p":6.24,"u":"2,60 €/KG","img":"https://fd16-photos.leclercdrive.fr/image.ashx?id=2849722&use=l&cat=p&typeid=i","cat":288578},{"id":203824,"n":"Sachet fraicheur chat Whiskas Classiques en sauce - 24x85g","p":10.24,"u":"5,02 €/KG","img":"https://fd16-photos.leclercdrive.fr/image.ashx?id=2486913&use=l&cat=p&typeid=i","cat":285286},{"id":204033,"n":"Foie gras de canard éveiné Secrets d'éleveurs - 550g","p":36.9,"pp":28.9,"u":"52,55 €/KG","img":"https://fd16-photos.leclercdrive.fr/image.ashx?id=2659972&use=l&cat=p&typeid=i","cat":321330},{"id":204056,"n":"Céréales Spécial K Kellogg's Fruits rouges - 450g","p":4.32,"u":"9,60 €/KG","img":"https://fd16-photos.leclercdrive.fr/image.ashx?id=2775029&use=l&cat=p&typeid=i","cat":309512},{"id":204057,"n":"Céréales Spécial K Kellogg's Chocolat noir - 500g","p":4.47,"u":"8,94 €/KG","img":"https://fd16-photos.leclercdrive.fr/image.ashx?id=2692710&use=l&cat=p&typeid=i","cat":309512},{"id":204058,"n":"Céréales Special K Kellogg's Chocolat au Lait - 500g","p":4.63,"u":"9,26 €/KG","img":"https://fd16-photos.leclercdrive.fr/image.ashx?id=2692713&use=l&cat=p&typeid=i","cat":309512},{"id":204065,"n":"Bouillon Knorr Saveur boeuf - 150g","p":1.34,"u":"8,93 €/KG","img":"https://fd16-photos.leclercdrive.fr/image.ashx?id=2866846&use=l&cat=p&typeid=i","cat":288379},{"id":204070,"n":"Pur jus de pommes NRT De Bretagne - 6x20cl","p":2.5,"u":"2,08 €/L","img":"https://fd16-photos.leclercdrive.fr/image.ashx?id=2590517&use=l&cat=p&typeid=i","cat":284522},{"id":204073,"n":"Fromage Fouetté Ail Fines Herbe à tartiner Les Croisés - 150g","p":1.53,"u":"10,20 €/KG","img":"https://fd16-photos.leclercdrive.fr/image.ashx?id=2933455&use=l&cat=p&typeid=i","cat":314029},{"id":204119,"n":"Décolor Stop  Ravive le blanc - x22 - 52g","p":5.12,"u":"98,46 €/KG","img":"https://fd16-photos.leclercdrive.fr/image.ashx?id=2489407&use=l&cat=p&typeid=i","cat":290450},{"id":204157,"n":"Pâte feuilletée Herta Trésor de Grand-Mère  280g","p":1.68,"u":"6,00 €/KG","img":"https://fd16-photos.leclercdrive.fr/image.ashx?id=2833303&use=l&cat=p&typeid=i","cat":333681},{"id":204158,"n":"Pâte brisée Herta Trésor de Grand-Mère - 280g","p":1.72,"u":"6,14 €/KG","img":"https://fd16-photos.leclercdrive.fr/image.ashx?id=2833306&use=l&cat=p&typeid=i","cat":333681},{"id":204159,"n":"Pâte à tarte sablée Herta Trésor de Grand-Mère - 280g","p":1.9,"u":"6,79 €/KG","img":"https://fd16-photos.leclercdrive.fr/image.ashx?id=2814536&use=l&cat=p&typeid=i","cat":333681},{"id":204167,"n":"Sachet chat senior Whiskas Festins volaille sauce - 12x85g","p":5.19,"u":"5,09 €/KG","img":"https://fd16-photos.leclercdrive.fr/image.ashx?id=2588999&use=l&cat=p&typeid=i","cat":285286},{"id":204169,"n":"Sachet fraicheur chat Whiskas Festins volaille gelée - 12x85g","p":4.86,"u":"4,76 €/KG","img":"https://fd16-photos.leclercdrive.fr/image.ashx?id=2490329&use=l&cat=p&typeid=i","cat":285286},{"id":204239,"n":"Recharges Venus Gillette Deluxe Smooth Swirl - x3","p":15.79,"u":"5,26 €/P","img":"https://fd16-photos.leclercdrive.fr/image.ashx?id=2536239&use=l&cat=p&typeid=i","cat":325352},{"id":204247,"n":"Protège-slip Vania Confort Multiformes - 1p","p":2.39,"img":"https://fd16-photos.leclercdrive.fr/image.ashx?id=2735224&use=l&cat=p&typeid=i","cat":284625},{"id":204302,"n":"Shampoing nutrition Ultra Doux Lait de coco - 300ml","p":3.11,"u":"10,37 €/L","img":"https://fd16-photos.leclercdrive.fr/image.ashx?id=2492788&use=l&cat=p&typeid=i","cat":284606},{"id":204303,"n":"Shampoing purifiant Ultra Doux Cheveux gras - 300ml","p":2.92,"u":"9,73 €/L","img":"https://fd16-photos.leclercdrive.fr/image.ashx?id=2492791&use=l&cat=p&typeid=i","cat":284606},{"id":204304,"n":"Shampoing Illuminant Ultra Doux Camomille - 300ml","p":2.66,"u":"8,87 €/L","img":"https://fd16-photos.leclercdrive.fr/image.ashx?id=2926596&use=l&cat=p&typeid=i","cat":284606},{"id":204305,"n":"Shampoing nutrition Ultra Doux Argan et camélia - 300ml","p":2.66,"u":"8,87 €/L","img":"https://fd16-photos.leclercdrive.fr/image.ashx?id=2492797&use=l&cat=p&typeid=i","cat":284606},{"id":204306,"n":"Shampoing nutrition Ultra Doux Cheveu Bouclé à Frisé - 300ml","p":2.57,"u":"8,57 €/L","img":"https://fd16-photos.leclercdrive.fr/image.ashx?id=2926599&use=l&cat=p&typeid=i","cat":284606},{"id":204307,"n":"Shampoing Couleur Ultra Doux Cheveux colorés - 300ml","p":2.68,"u":"8,93 €/L","img":"https://fd16-photos.leclercdrive.fr/image.ashx?id=2492803&use=l&cat=p&typeid=i","cat":284606},{"id":204310,"n":"Shampoing Hydratant Ultra Doux Cheveux délicats - 300ml","p":2.69,"u":"8,97 €/L","img":"https://fd16-photos.leclercdrive.fr/image.ashx?id=2492812&use=l&cat=p&typeid=i","cat":284606},{"id":204311,"n":"Shampoing doux Ultra Doux Extrait de tilleul - 300ml","p":2.8,"u":"9,33 €/L","img":"https://fd16-photos.leclercdrive.fr/image.ashx?id=2492815&use=l&cat=p&typeid=i","cat":284606},{"id":204313,"n":"Après-shampooing karité Garnier Cheveu bouclé à Frisé - 250ml","p":2.64,"u":"10,56 €/L","img":"https://fd16-photos.leclercdrive.fr/image.ashx?id=2986651&use=l&cat=p&typeid=i","cat":284607},{"id":204314,"n":"Après-shampoing Ultra doux Cheveux fragiles - 250ml","p":2.72,"u":"10,88 €/L","img":"https://fd16-photos.leclercdrive.fr/image.ashx?id=2646569&use=l&cat=p&typeid=i","cat":284607},{"id":204315,"n":"Démêlant nourrissant Garnier Cheveu sec à très sec - 250ml","p":2.89,"u":"11,56 €/L","img":"https://fd16-photos.leclercdrive.fr/image.ashx?id=2492827&use=l&cat=p&typeid=i","cat":284607},{"id":204316,"n":"Shampoing réparateur Ultra Doux Cheveux fragiles - 300ml","p":2.68,"u":"8,93 €/L","img":"https://fd16-photos.leclercdrive.fr/image.ashx?id=2646572&use=l&cat=p&typeid=i","cat":284606},{"id":204327,"n":"Soupe instantanée Royco  Velouté Tomates - 4x200ml","p":1.38,"u":"1,73 €/L","img":"https://fd16-photos.leclercdrive.fr/image.ashx?id=2650991&use=l&cat=p&typeid=i","cat":293527},{"id":204329,"n":"Soupe liquide Liebig  Façon napolitaine - 1L","p":2.99,"u":"2,99 €/L","img":"https://fd16-photos.leclercdrive.fr/image.ashx?id=2493133&use=l&cat=p&typeid=i","cat":284462},{"id":204330,"n":"Soupe liquide brique Liebig  Poule Vermicelles - 1L","p":2.56,"u":"2,56 €/L","img":"https://fd16-photos.leclercdrive.fr/image.ashx?id=2493136&use=l&cat=p&typeid=i","cat":284462},{"id":204386,"n":"Mini pizzas Piccolinis Buitoni Bolognaise x9 - 270g","p":2.65,"u":"9,81 €/KG","img":"https://fd16-photos.leclercdrive.fr/image.ashx?id=2493655&use=l&cat=p&typeid=i","cat":319774},{"id":204488,"n":"Dentifrice Aquafresh Triple Protection Blancheur - 125ml","p":1.8,"u":"14,40 €/L","img":"https://fd16-photos.leclercdrive.fr/image.ashx?id=2546755&use=l&cat=p&typeid=i","cat":284612},{"id":204533,"n":"Tartinable de poulet Simon Dutriaux - 270g","p":3.8,"u":"14,07 €/KG","img":"https://fd16-photos.leclercdrive.fr/image.ashx?id=2494500&use=l&cat=p&typeid=i","cat":285191},{"id":204534,"n":"Tartinable de poulet indienne Simon Dutriaux - 135g","p":2.0,"u":"14,81 €/KG","img":"https://fd16-photos.leclercdrive.fr/image.ashx?id=2590193&use=l&cat=p&typeid=i","cat":285191},{"id":204535,"n":"Tartinable de poulet sauce pita Simon Dutriaux - 270g","p":3.8,"u":"14,07 €/KG","img":"https://fd16-photos.leclercdrive.fr/image.ashx?id=2494503&use=l&cat=p&typeid=i","cat":285191},{"id":204670,"n":"Crousti Express La Large Findus Micro-ondes - 2x100g","p":1.85,"u":"9,25 €/KG","img":"https://fd16-photos.leclercdrive.fr/image.ashx?id=2653783&use=l&cat=p&typeid=i","cat":319791},{"id":204700,"n":"BB crème soin 5en1 Garnier Anti-âge teinte medium - 50ml","p":7.54,"u":"150,80 €/L","img":"https://fd16-photos.leclercdrive.fr/image.ashx?id=2494974&use=l&cat=p&typeid=i","cat":325345},{"id":204701,"n":"BB Crème Soin Tout en 1 Garnier Teinte claire - 50ml","p":7.51,"u":"150,20 €/L","img":"https://fd16-photos.leclercdrive.fr/image.ashx?id=2495746&use=l&cat=p&typeid=i","cat":325345},{"id":204702,"n":"BB Crème Soin tout en 1 Garnier Teinte medium - 50ml","p":7.35,"u":"147,00 €/L","img":"https://fd16-photos.leclercdrive.fr/image.ashx?id=2494977&use=l&cat=p&typeid=i","cat":325345},{"id":204717,"n":"Soda Schweppes Saveur Agrumes Zero - 1,5L","p":1.75,"u":"1,17 €/L","img":"https://fd16-photos.leclercdrive.fr/image.ashx?id=2852444&use=l&cat=p&typeid=i","cat":284532},{"id":204719,"n":"Soda Schweppes Indian Tonic - 1,5L","p":1.7,"u":"1,13 €/L","img":"https://fd16-photos.leclercdrive.fr/image.ashx?id=2852456&use=l&cat=p&typeid=i","cat":284531},{"id":204731,"n":"Sachet fraîcheur chat Whiskas  Sélection en sauce - 12x85g","p":5.21,"u":"5,11 €/KG","img":"https://fd16-photos.leclercdrive.fr/image.ashx?id=2495764&use=l&cat=p&typeid=i","cat":285286},{"id":204734,"n":"Boîte chien Pedigree Cuisinés en sauce - 3x800g","p":7.34,"u":"3,06 €/KG","img":"https://fd16-photos.leclercdrive.fr/image.ashx?id=2849731&use=l&cat=p&typeid=i","cat":288578},{"id":204747,"n":"Dentifrice Aquafresh Menthe fraîche - 125ml","p":2.04,"u":"16,32 €/L","img":"https://fd16-photos.leclercdrive.fr/image.ashx?id=2546752&use=l&cat=p&typeid=i","cat":284612},{"id":204748,"n":"Boisson énergisante Red Bull Goût Abricot-Fraise, 250ml","p":1.27,"u":"5,08 €/L","img":"https://fd16-photos.leclercdrive.fr/image.ashx?id=3011995&use=l&cat=p&typeid=i","cat":284533},{"id":204787,"n":"Grands lardons fumé Petitgas - 200g","p":2.87,"u":"14,35 €/KG","img":"https://fd16-photos.leclercdrive.fr/image.ashx?id=2504716&use=l&cat=p&typeid=i","cat":316011},{"id":204788,"n":"Gnocchi à poêler Lustucru 325g","p":1.5,"u":"4,62 €/KG","img":"https://fd16-photos.leclercdrive.fr/image.ashx?id=2975218&use=l&cat=p&typeid=i","cat":333682},{"id":204789,"n":"Gnocchi à poêler Lustucru 520g","p":2.24,"u":"4,31 €/KG","img":"https://fd16-photos.leclercdrive.fr/image.ashx?id=2792423&use=l&cat=p&typeid=i","cat":333682},{"id":204791,"n":"Gnocchi à poêler Lustucru  Format XXL - 720g","p":2.85,"u":"3,96 €/KG","img":"https://fd16-photos.leclercdrive.fr/image.ashx?id=2788556&use=l&cat=p&typeid=i","cat":333682},{"id":204792,"n":"Girasoli Lustucru Tomate Basilic Mozzarella 250g","p":2.43,"u":"9,72 €/KG","img":"https://fd16-photos.leclercdrive.fr/image.ashx?id=2974363&use=l&cat=p&typeid=i","cat":333682},{"id":204796,"n":"Tortellini Lustucru Jambon cru - 250g","p":2.38,"u":"9,52 €/KG","img":"https://fd16-photos.leclercdrive.fr/image.ashx?id=2974360&use=l&cat=p&typeid=i","cat":333682},{"id":204871,"n":"Nectar de banane Eco+ 1L","p":1.59,"u":"1,59 €/L","img":"https://fd16-photos.leclercdrive.fr/image.ashx?id=2955611&use=l&cat=p&typeid=i","cat":284915},{"id":204923,"n":"Tartinable de poulet andalouse Simon Dutriaux - 135g","p":2.0,"u":"14,81 €/KG","img":"https://fd16-photos.leclercdrive.fr/image.ashx?id=2497175&use=l&cat=p&typeid=i","cat":285191},{"id":204924,"n":"Tartinable poulet hannibal Simon Dutriaux - 135g","p":2.0,"u":"14,81 €/KG","img":"https://fd16-photos.leclercdrive.fr/image.ashx?id=2497172&use=l&cat=p&typeid=i","cat":285191},{"id":204928,"n":"Rollmops aux oignons  Simon Dutriaux - 500g","p":4.13,"u":"8,26 €/KG","img":"https://fd16-photos.leclercdrive.fr/image.ashx?id=2497184&use=l&cat=p&typeid=i","cat":285190},{"id":204937,"n":"IGP Pays d'Oc Vin blanc Absolu de Luze - 75cl","p":4.17,"u":"5,56 €/L","img":"https://fd16-photos.leclercdrive.fr/image.ashx?id=2526971&use=l&cat=p&typeid=i","cat":289557},{"id":204954,"n":"Haché Extra Moelleux Charal Façon Bouchère 8x110g - 880g","p":8.97,"u":"10,19 €/KG","img":"https://fd16-photos.leclercdrive.fr/image.ashx?id=2731732&use=l&cat=p&typeid=i","cat":319778},{"id":204955,"n":"Hot Dog Ketchup Charal 4x125g - 500g","p":5.9,"u":"11,80 €/KG","img":"https://fd16-photos.leclercdrive.fr/image.ashx?id=2741982&use=l&cat=p&typeid=i","cat":319822},{"id":205011,"n":"Lasagnes au saumon d'aucy 300g","p":2.97,"u":"9,90 €/KG","img":"https://fd16-photos.leclercdrive.fr/image.ashx?id=2522539&use=l&cat=p&typeid=i","cat":284953},{"id":205089,"n":"Savon Maître savon de Marseille Véritable savon noir - 1L","p":2.7,"u":"2,70 €/L","img":"https://fd16-photos.leclercdrive.fr/image.ashx?id=2889370&use=l&cat=p&typeid=i","cat":284597},{"id":205144,"n":"Moutarde de Dijon - Clovis 200g","p":1.9,"u":"9,50 €/KG","img":"https://fd16-photos.leclercdrive.fr/image.ashx?id=2984841&use=l&cat=p&typeid=i","cat":288850},{"id":205171,"n":"Soupe instantanée Royco  Velouté 12 Légumes - 4x200ml","p":1.6,"u":"2,00 €/L","img":"https://fd16-photos.leclercdrive.fr/image.ashx?id=2650997&use=l&cat=p&typeid=i","cat":293527},{"id":205232,"n":"Serviettes Always Ultra Normal Plus - T1 - x14","p":2.5,"u":"0,18 €/P","img":"https://fd16-photos.leclercdrive.fr/image.ashx?id=2851321&use=l&cat=p&typeid=i","cat":284624},{"id":205235,"n":"Serviettes Always Ultra Secure night -T4 - x9","p":2.67,"u":"0,30 €/P","img":"https://fd16-photos.leclercdrive.fr/image.ashx?id=2851330&use=l&cat=p&typeid=i","cat":284624},{"id":205236,"n":"Protège-slip Always Fresh & Protect - Normal - x30","p":1.63,"u":"0,05 €/P","img":"https://fd16-photos.leclercdrive.fr/image.ashx?id=2949070&use=l&cat=p&typeid=i","cat":284625},{"id":205238,"n":"Savon Eco+ Amande douce - 150g","p":0.61,"u":"4,07 €/KG","img":"https://fd16-photos.leclercdrive.fr/image.ashx?id=2499058&use=l&cat=p&typeid=i","cat":284597},{"id":205239,"n":"Nettoyant four Decapfour Confort - 500ml","p":3.75,"u":"7,50 €/L","img":"https://fd16-photos.leclercdrive.fr/image.ashx?id=2499669&use=l&cat=p&typeid=i","cat":325363},{"id":205257,"n":"Tranches de mozzarella Les Délices d'Amélie - 150g","p":2.05,"u":"13,67 €/KG","img":"https://fd16-photos.leclercdrive.fr/image.ashx?id=2999225&use=l&cat=p&typeid=i","cat":314028},{"id":205281,"n":"Huile d'olive vierge extra Terra Delyssa - 75cl","p":9.85,"u":"13,13 €/L","img":"https://fd16-photos.leclercdrive.fr/image.ashx?id=2679356&use=l&cat=p&typeid=i","cat":284453},{"id":205291,"n":"Vinaigre ménager surpuissant 14° - Mieuxa - 80cl","p":2.99,"u":"3,74 €/L","img":"https://fd16-photos.leclercdrive.fr/image.ashx?id=2500090&use=l&cat=p&typeid=i","cat":300576},{"id":205311,"n":"Masque Remède Garnier Cheveux normaux à gras - 340ml","p":5.13,"u":"15,09 €/L","img":"https://fd16-photos.leclercdrive.fr/image.ashx?id=2500171&use=l&cat=p&typeid=i","cat":284608},{"id":205317,"n":"Après-Shampooing Garnier Cheveux normaux à gras - 200ml","p":2.64,"u":"13,20 €/L","img":"https://fd16-photos.leclercdrive.fr/image.ashx?id=2500174&use=l&cat=p&typeid=i","cat":284607},{"id":205318,"n":"Shampoing charbon Ultra Doux Equilibrant - 250ml","p":2.42,"u":"9,68 €/L","img":"https://fd16-photos.leclercdrive.fr/image.ashx?id=2500177&use=l&cat=p&typeid=i","cat":284606},{"id":205320,"n":"Masque Assouplissant Garnier Cheveu sec à très sec - 340ml","p":5.09,"u":"14,97 €/L","img":"https://fd16-photos.leclercdrive.fr/image.ashx?id=2500162&use=l&cat=p&typeid=i","cat":284608},{"id":205322,"n":"Masque remède Nutrition Garnier Avocat karité - 340ml","p":4.58,"u":"13,47 €/L","img":"https://fd16-photos.leclercdrive.fr/image.ashx?id=2875453&use=l&cat=p&typeid=i","cat":284608},{"id":205327,"n":"Pâte Nocciolata Bio cacao 250g","p":3.48,"u":"13,92 €/KG","img":"https://fd16-photos.leclercdrive.fr/image.ashx?id=2807897&use=l&cat=p&typeid=i","cat":284481},{"id":205522,"n":"Shampoing Réparateur Elsève Pro Bond Repair - 200ml","p":5.85,"u":"29,25 €/L","img":"https://fd16-photos.leclercdrive.fr/image.ashx?id=3008779&use=l&cat=p&typeid=i","cat":284606},{"id":205525,"n":"Démêlant Intense Elsève Pro Bond Repair - 150ml","p":5.83,"u":"38,87 €/L","img":"https://fd16-photos.leclercdrive.fr/image.ashx?id=3008782&use=l&cat=p&typeid=i","cat":284607},{"id":205569,"n":"Nectar de goyave Eco+ 1L","p":1.59,"u":"1,59 €/L","img":"https://fd16-photos.leclercdrive.fr/image.ashx?id=2955614&use=l&cat=p&typeid=i","cat":284915},{"id":205594,"n":"IGP Pruneaux d'Agen dénoyautés Nos Régions ont du Talent 375g","p":3.11,"u":"8,29 €/KG","img":"https://fd16-photos.leclercdrive.fr/image.ashx?id=2583837&use=l&cat=p&typeid=i","cat":284357},{"id":205876,"n":"Nettoyant dilué Mr Propre Bicarbonate - 1L","p":2.5,"u":"2,50 €/L","img":"https://fd16-photos.leclercdrive.fr/image.ashx?id=2867842&use=l&cat=p&typeid=i","cat":284907},{"id":205890,"n":"Nettoyant multi-usages Mr Prore - Bergamote - 1L","p":2.23,"u":"2,23 €/L","img":"https://fd16-photos.leclercdrive.fr/image.ashx?id=2889979&use=l&cat=p&typeid=i","cat":284907},{"id":205892,"n":"Nettoyant multi-usages Mr Propre - Savon noir - 1L","p":2.77,"u":"2,77 €/L","img":"https://fd16-photos.leclercdrive.fr/image.ashx?id=2889976&use=l&cat=p&typeid=i","cat":284907},{"id":206033,"n":"Biscuits Mots Doux P'tit Déli Chocolat noisettes - 180g","p":1.89,"u":"10,50 €/KG","img":"https://fd16-photos.leclercdrive.fr/image.ashx?id=2771136&use=l&cat=p&typeid=i","cat":284488},{"id":206039,"n":"Sirop tradition ananas Maison Guiot - 70cl","p":3.37,"u":"4,81 €/L","img":"https://fd16-photos.leclercdrive.fr/image.ashx?id=2857192&use=l&cat=p&typeid=i","cat":295020},{"id":206115,"n":"Serviette hygiénique Always Ultra normal - T1 - x16","p":2.42,"u":"0,15 €/P","img":"https://fd16-photos.leclercdrive.fr/image.ashx?id=2867809&use=l&cat=p&typeid=i","cat":284624},{"id":206123,"n":"Liquide vaisselle Paic Bi Activ Vinaigre et Sel minéral - 750ml","p":3.0,"u":"4,00 €/L","img":"https://fd16-photos.leclercdrive.fr/image.ashx?id=2508843&use=l&cat=p&typeid=i","cat":284655},{"id":206125,"n":"Riz parfumé  1kg","p":2.29,"u":"2,29 €/KG","img":"https://fd16-photos.leclercdrive.fr/image.ashx?id=2515521&use=l&cat=p&typeid=i","cat":284428},{"id":206138,"n":"Boisson concentrée Teisseire Grenadine zéro sucres - 1,3L","p":5.69,"u":"4,38 €/L","img":"https://fd16-photos.leclercdrive.fr/image.ashx?id=2508585&use=l&cat=p&typeid=i","cat":295020},{"id":206139,"n":"Sirop Teisseire Cassis - 60cl","p":3.3,"u":"5,50 €/L","img":"https://fd16-photos.leclercdrive.fr/image.ashx?id=2508588&use=l&cat=p&typeid=i","cat":295020},{"id":206140,"n":"Sirop concentré Teisseire Citron vert - 60cl","p":3.3,"u":"5,50 €/L","img":"https://fd16-photos.leclercdrive.fr/image.ashx?id=2508591&use=l&cat=p&typeid=i","cat":295020},{"id":206144,"n":"Boisson concentrée Teisseire A diluer grenadine Zéro - 60cl","p":2.72,"u":"4,53 €/L","img":"https://fd16-photos.leclercdrive.fr/image.ashx?id=2508600&use=l&cat=p&typeid=i","cat":295020},{"id":206147,"n":"Boisson concentrée Teisseire Menthe verte sans sucres - 60cl","p":2.74,"u":"4,57 €/L","img":"https://fd16-photos.leclercdrive.fr/image.ashx?id=2508603&use=l&cat=p&typeid=i","cat":295020},{"id":206149,"n":"Boisson concentrée Teisseire Citron sans sucres - 60cl","p":2.89,"u":"4,82 €/L","img":"https://fd16-photos.leclercdrive.fr/image.ashx?id=2508606&use=l&cat=p&typeid=i","cat":295020},{"id":206154,"n":"Saucisson Herta  Fuet - 180g","p":2.95,"u":"16,39 €/KG","img":"https://fd16-photos.leclercdrive.fr/image.ashx?id=2767648&use=l&cat=p&typeid=i","cat":316006},{"id":206162,"n":"Fricadelles Rafina x20 - 1.4kg","p":4.99,"u":"3,56 €/KG","img":"https://fd16-photos.leclercdrive.fr/image.ashx?id=2509769&use=l&cat=p&typeid=i","cat":321330},{"id":206163,"n":"Sirop Teisseire  Menthe verte - 60cl","p":2.25,"u":"3,75 €/L","img":"https://fd16-photos.leclercdrive.fr/image.ashx?id=2772726&use=l&cat=p&typeid=i","cat":295020},{"id":206169,"n":"Sirop Tesseire Citron - 60cl","p":2.25,"u":"3,75 €/L","img":"https://fd16-photos.leclercdrive.fr/image.ashx?id=2771747&use=l&cat=p&typeid=i","cat":295020},{"id":206170,"n":"Sirop Teisseire Framboise - 60cl","p":3.47,"u":"5,78 €/L","img":"https://fd16-photos.leclercdrive.fr/image.ashx?id=2509331&use=l&cat=p&typeid=i","cat":295020},{"id":206172,"n":"Biscuits Kinder Tronky fourrés Cacao et au lait  - 90g","p":1.99,"u":"22,11 €/KG","img":"https://fd16-photos.leclercdrive.fr/image.ashx?id=2916462&use=l&cat=p&typeid=i","cat":284488},{"id":206315,"n":"Boisson énergisante  Monster - Juiced khaotic 50cl","p":1.47,"u":"2,94 €/L","img":"https://fd16-photos.leclercdrive.fr/image.ashx?id=2511047&use=l&cat=p&typeid=i","cat":284533},{"id":206317,"n":"Boisson énergisante zéro sucres Monster Ultra Watermelon 50cl","p":1.4,"u":"2,80 €/L","img":"https://fd16-photos.leclercdrive.fr/image.ashx?id=2511050&use=l&cat=p&typeid=i","cat":284533},{"id":206442,"n":"Sirop Kiwi Teisseire  60cl","p":3.57,"u":"5,95 €/L","img":"https://fd16-photos.leclercdrive.fr/image.ashx?id=2510783&use=l&cat=p&typeid=i","cat":295020},{"id":206443,"n":"Sirop Teisseire  Violette - 60cl","p":3.3,"u":"5,50 €/L","img":"https://fd16-photos.leclercdrive.fr/image.ashx?id=2510786&use=l&cat=p&typeid=i","cat":295020},{"id":206530,"n":"Mini Génoises Balconi Chocolat & Lait - 300g","p":1.53,"u":"5,10 €/KG","img":"https://fd16-photos.leclercdrive.fr/image.ashx?id=2964057&use=l&cat=p&typeid=i","cat":284495},{"id":206548,"n":"Le Fouetté Soignon Ail et fines herbes - 140g","p":2.42,"u":"17,29 €/KG","img":"https://fd16-photos.leclercdrive.fr/image.ashx?id=2511853&use=l&cat=p&typeid=i","cat":314029},{"id":206551,"n":"Serviettes hygiéniques Always Ultra Long Taille 2 - x26","p":4.84,"u":"0,19 €/P","img":"https://fd16-photos.leclercdrive.fr/image.ashx?id=2846493&use=l&cat=p&typeid=i","cat":284624},{"id":206582,"n":"Liquide vaiselle Paic Bi Activ Vinaigre et citron - 750ml","p":2.98,"u":"3,97 €/L","img":"https://fd16-photos.leclercdrive.fr/image.ashx?id=2966797&use=l&cat=p&typeid=i","cat":284655},{"id":206583,"n":"Liquide vaiselle Paic Bi Activ Vinaigre et menthol - 750ml","p":3.19,"u":"4,25 €/L","img":"https://fd16-photos.leclercdrive.fr/image.ashx?id=2512075&use=l&cat=p&typeid=i","cat":284655},{"id":206606,"n":"Bâtonnets Trium Vanille chocolat blanc x4 314g","p":2.8,"u":"8,92 €/KG","img":"https://fd16-photos.leclercdrive.fr/image.ashx?id=2791392&use=l&cat=p&typeid=i","cat":284265},{"id":206617,"n":"Lessive liquide Arbre Vert Recharge x34 - 1.53L","p":6.08,"u":"3,97 €/L","img":"https://fd16-photos.leclercdrive.fr/image.ashx?id=2680209&use=l&cat=p&typeid=i","cat":284640},{"id":206785,"n":"Détachant Ariel 500g","p":6.33,"u":"12,66 €/KG","img":"https://fd16-photos.leclercdrive.fr/image.ashx?id=2561488&use=l&cat=p&typeid=i","cat":284651},{"id":206804,"n":"Fromage apéritif Apéricube Jambon 15 cubes","p":1.66,"u":"21,28 €/KG","img":"https://fd16-photos.leclercdrive.fr/image.ashx?id=2882659&use=l&cat=p&typeid=i","cat":314027},{"id":206893,"n":"Tranches de chèvre Soignon  150g","p":3.05,"u":"20,33 €/KG","img":"https://fd16-photos.leclercdrive.fr/image.ashx?id=2762229&use=l&cat=p&typeid=i","cat":314028},{"id":206922,"n":"Soupe liquide brique Liebig  Façon napolitaine - 2x30cl","p":2.66,"u":"4,43 €/L","img":"https://fd16-photos.leclercdrive.fr/image.ashx?id=2517887&use=l&cat=p&typeid=i","cat":284462},{"id":206924,"n":"White Spirit Mieuxa 1L","p":4.75,"u":"4,75 €/L","img":"https://fd16-photos.leclercdrive.fr/image.ashx?id=2563553&use=l&cat=p&typeid=i","cat":300576},{"id":206935,"n":"Thon entier Eco+ 140g","p":1.33,"u":"9,50 €/KG","img":"https://fd16-photos.leclercdrive.fr/image.ashx?id=2755004&use=l&cat=p&typeid=i","cat":303867},{"id":206963,"n":"Morceaux et coeurs de palmier  250g","p":1.99,"u":"7,96 €/KG","img":"https://fd16-photos.leclercdrive.fr/image.ashx?id=2670365&use=l&cat=p&typeid=i","cat":312611},{"id":206985,"n":"Haché de jambon Fleury Michon À poêler x2 - 190g","p":1.99,"u":"10,47 €/KG","img":"https://fd16-photos.leclercdrive.fr/image.ashx?id=2518649&use=l&cat=p&typeid=i","cat":316009},{"id":206990,"n":"Haché de poulet Fleury Michon À poêler x2 - 160g","p":1.95,"u":"12,19 €/KG","img":"https://fd16-photos.leclercdrive.fr/image.ashx?id=2524709&use=l&cat=p&typeid=i","cat":316010},{"id":206997,"n":"Couscous à la marocaine légumes Fleury Michon - 450g","p":3.85,"u":"8,56 €/KG","img":"https://fd16-photos.leclercdrive.fr/image.ashx?id=2656724&use=l&cat=p&typeid=i","cat":333665},{"id":207017,"n":"Monster Top Speed Zero 50CL","p":1.56,"u":"3,12 €/L","img":"https://fd16-photos.leclercdrive.fr/image.ashx?id=2861174&use=l&cat=p&typeid=i","cat":284533},{"id":207019,"n":"Monster Aussie Lemonade Boite - 50cl","p":1.67,"u":"3,34 €/L","img":"https://fd16-photos.leclercdrive.fr/image.ashx?id=2519552&use=l&cat=p&typeid=i","cat":284533},{"id":207029,"n":"Infusion La Tisanière Drainage pamplemousse - x20 30g","p":2.73,"u":"91,00 €/KG","img":"https://fd16-photos.leclercdrive.fr/image.ashx?id=2907872&use=l&cat=p&typeid=i","cat":293234},{"id":207043,"n":"Lessive Liquide L'Arbre Vert Savon végétal 45 lavages 2,025L","p":7.1,"u":"3,51 €/L","img":"https://fd16-photos.leclercdrive.fr/image.ashx?id=3008542&use=l&cat=p&typeid=i","cat":284640},{"id":207044,"n":"Recharge Lessive l'Arbre Vert Amande Douce 34 lavages 1,53L","p":6.77,"u":"4,42 €/L","img":"https://fd16-photos.leclercdrive.fr/image.ashx?id=2684503&use=l&cat=p&typeid=i","cat":284640},{"id":207045,"n":"Goûter frais Nesquik snack Chocolat au lait - 4x104g","p":1.45,"u":"13,94 €/KG","img":"https://fd16-photos.leclercdrive.fr/image.ashx?id=2661507&use=l&cat=p&typeid=i","cat":284420},{"id":207074,"n":"Vaisselle mains L'Arbre Vert Peaux sensibles - 500ml","p":1.62,"u":"3,24 €/L","img":"https://fd16-photos.leclercdrive.fr/image.ashx?id=2845428&use=l&cat=p&typeid=i","cat":284655},{"id":207075,"n":"Vaisselle Main L'Arbre Vert Amande - 500ml","p":1.54,"u":"3,08 €/L","img":"https://fd16-photos.leclercdrive.fr/image.ashx?id=2845431&use=l&cat=p&typeid=i","cat":284655},{"id":207147,"n":"Filets maquereau Petit Navire Sauce tomate - 169g","p":1.65,"u":"9,76 €/KG","img":"https://fd16-photos.leclercdrive.fr/image.ashx?id=2989069&use=l&cat=p&typeid=i","cat":303868},{"id":207198,"n":"Recharge lessive liquide  Rainette Aloe vera - 1.6L","p":5.99,"u":"3,74 €/L","img":"https://fd16-photos.leclercdrive.fr/image.ashx?id=2858684&use=l&cat=p&typeid=i","cat":284640},{"id":207210,"n":"Fromage à tartiner Kiri Délicieusement fouetté - 125g","p":2.26,"u":"18,08 €/KG","img":"https://fd16-photos.leclercdrive.fr/image.ashx?id=2686591&use=l&cat=p&typeid=i","cat":314029},{"id":207389,"n":"Cornichon Français Vinaigre 210g","p":4.49,"u":"21,38 €/KG","img":"https://fd16-photos.leclercdrive.fr/image.ashx?id=2899033&use=l&cat=p&typeid=i","cat":284458},{"id":207401,"n":"Adoucissant Soupline  Éclat de Fraîcheur - 28p","p":6.12,"u":"0,22 €/P","img":"https://fd16-photos.leclercdrive.fr/image.ashx?id=2583509&use=l&cat=p&typeid=i","cat":284650},{"id":207402,"n":"Adoucissant Soupline  Hypoallergénique - 28p","p":7.02,"u":"0,25 €/P","img":"https://fd16-photos.leclercdrive.fr/image.ashx?id=2818827&use=l&cat=p&typeid=i","cat":284650},{"id":207403,"n":"Adoucissant Soupline Lavande - x28 tablettes","p":6.04,"u":"0,22 €/P","img":"https://fd16-photos.leclercdrive.fr/image.ashx?id=2583515&use=l&cat=p&typeid=i","cat":284650},{"id":207405,"n":"Lingettes Pampers Harmonie New baby - 46 lingettes","p":3.74,"img":"https://fd16-photos.leclercdrive.fr/image.ashx?id=2805912&use=l&cat=p&typeid=i","cat":284738},{"id":207438,"n":"Complément alimentaire Juvamine Passiflore 30 comprimés","p":5.39,"u":"0,18 €/P","img":"https://fd16-photos.leclercdrive.fr/image.ashx?id=2744719&use=l&cat=p&typeid=i","cat":313217},{"id":207450,"n":"Capsules Nescafé Dolce Gusto  Grande Intenso - x16","p":5.21,"u":"39,47 €/KG","img":"https://fd16-photos.leclercdrive.fr/image.ashx?id=2525962&use=l&cat=p&typeid=i","cat":293239},{"id":207455,"n":"Dosettes café Senseo Caramel x32","p":6.15,"u":"27,70 €/KG","img":"https://fd16-photos.leclercdrive.fr/image.ashx?id=2525977&use=l&cat=p&typeid=i","cat":293238},{"id":207457,"n":"Yaourt nature sucré Eco+ 4x125g","p":0.89,"u":"1,78 €/KG","img":"https://fd16-photos.leclercdrive.fr/image.ashx?id=2523510&use=l&cat=p&typeid=i","cat":284409},{"id":207460,"n":"Crème glacée La Laitière Vanille bourbon - 490g","p":3.24,"pp":2.27,"u":"4,63 €/KG","img":"https://fd16-photos.leclercdrive.fr/image.ashx?id=3000009&use=l&cat=p&typeid=i","cat":284263},{"id":207467,"n":"Moutarde Forte Amora 430g","p":1.5,"u":"3,49 €/KG","img":"https://fd16-photos.leclercdrive.fr/image.ashx?id=2526079&use=l&cat=p&typeid=i","cat":288850},{"id":207469,"n":"Moutarde Forte Amora 185g","p":1.56,"u":"8,43 €/KG","img":"https://fd16-photos.leclercdrive.fr/image.ashx?id=2526082&use=l&cat=p&typeid=i","cat":288850},{"id":207471,"n":"Moutarde Mi-forte Amora 415g","p":1.5,"u":"3,61 €/KG","img":"https://fd16-photos.leclercdrive.fr/image.ashx?id=2993176&use=l&cat=p&typeid=i","cat":288850},{"id":207476,"n":"Moutarde de Dijon Fine MAILLE L'Original Bocal - 360g","p":1.47,"u":"4,08 €/KG","img":"https://fd16-photos.leclercdrive.fr/image.ashx?id=2945841&use=l&cat=p&typeid=i","cat":288850},{"id":207480,"n":"Crème glacée La Laitière Caramel Beurre salé - 490g","p":3.24,"pp":2.27,"u":"4,63 €/KG","img":"https://fd16-photos.leclercdrive.fr/image.ashx?id=2877883&use=l&cat=p&typeid=i","cat":284263},{"id":207530,"n":"Vaisselle mains L'Arbre Vert Peaux sensibles - 750ml","p":1.77,"u":"2,36 €/L","img":"https://fd16-photos.leclercdrive.fr/image.ashx?id=2850575&use=l&cat=p&typeid=i","cat":284655},{"id":207549,"n":"Shampoing purifiant Ultra Doux Force et Brillance - 300ml","p":2.97,"u":"9,90 €/L","img":"https://fd16-photos.leclercdrive.fr/image.ashx?id=2878072&use=l&cat=p&typeid=i","cat":284606},{"id":207559,"n":"Préservatifs Durex Pleasure me Perlés et Nervurés x12","p":7.65,"u":"0,64 €/P","img":"https://fd16-photos.leclercdrive.fr/image.ashx?id=2730466&use=l&cat=p&typeid=i","cat":284631},{"id":207607,"n":"Dentifrice Elmex Anti-caries - 75ml","p":4.63,"u":"61,73 €/L","img":"https://fd16-photos.leclercdrive.fr/image.ashx?id=2721184&use=l&cat=p&typeid=i","cat":284612},{"id":207627,"n":"ST MARC Pistolet Antibactérien - 750ml","p":2.01,"u":"2,68 €/L","img":"https://fd16-photos.leclercdrive.fr/image.ashx?id=2528054&use=l&cat=p&typeid=i","cat":325357},{"id":208271,"n":"Capsules café L'Or Espresso Forza N°9 x50","p":14.37,"u":"55,27 €/KG","img":"https://fd16-photos.leclercdrive.fr/image.ashx?id=3000471&use=l&cat=p&typeid=i","cat":284749},{"id":208323,"n":"Franck Provost Shampooing Expert Nutrition Antifrizz 0.4L","p":4.06,"u":"10,15 €/L","img":"https://fd16-photos.leclercdrive.fr/image.ashx?id=2974396&use=l&cat=p&typeid=i","cat":284606},{"id":208324,"n":"Franck Provost Expert Nutrition Anti Frizz Masque Jour 400ml","p":4.06,"u":"10,15 €/L","img":"https://fd16-photos.leclercdrive.fr/image.ashx?id=2973856&use=l&cat=p&typeid=i","cat":284608},{"id":208426,"n":"Infusion Eléphant Tilleul Citron  - x20 - 28g","p":2.81,"u":"100,36 €/KG","img":"https://fd16-photos.leclercdrive.fr/image.ashx?id=2530284&use=l&cat=p&typeid=i","cat":293234},{"id":208477,"n":"Chips paysanne Lay's Saveur Fromage du Jura - 120g","p":1.47,"u":"12,25 €/KG","img":"https://fd16-photos.leclercdrive.fr/image.ashx?id=2810774&use=l&cat=p&typeid=i","cat":284447},{"id":208484,"n":"Chips paysanne Lay's Saveur Oignon de Roscoff - 120g","p":1.47,"u":"12,25 €/KG","img":"https://fd16-photos.leclercdrive.fr/image.ashx?id=2810777&use=l&cat=p&typeid=i","cat":284447},{"id":208505,"n":"Eau aromatisée Vittel+Recharge Fruits rouges - 75cl","p":1.09,"u":"1,45 €/L","img":"https://fd16-photos.leclercdrive.fr/image.ashx?id=2536499&use=l&cat=p&typeid=i","cat":284537},{"id":208633,"n":"Compotes Pom'Potes Gourdes  Pomme Brugnon - 4x90g","p":2.28,"u":"6,33 €/KG","img":"https://fd16-photos.leclercdrive.fr/image.ashx?id=3010903&use=l&cat=p&typeid=i","cat":284508},{"id":208636,"n":"Purée Mousline Crème et noix de muscade - 500g","p":2.98,"u":"5,96 €/KG","img":"https://fd16-photos.leclercdrive.fr/image.ashx?id=3011728&use=l&cat=p&typeid=i","cat":284431},{"id":208638,"n":"Purée Mousline x3 sachets - 195g","p":1.41,"u":"7,23 €/KG","img":"https://fd16-photos.leclercdrive.fr/image.ashx?id=3004414&use=l&cat=p&typeid=i","cat":284431},{"id":208642,"n":"Purée Mousline x4 - 520g","p":2.39,"u":"4,60 €/KG","img":"https://fd16-photos.leclercdrive.fr/image.ashx?id=3011734&use=l&cat=p&typeid=i","cat":284431},{"id":208651,"n":"Purée Mousline  x8 - 1.04 kg","p":4.44,"u":"4,27 €/KG","img":"https://fd16-photos.leclercdrive.fr/image.ashx?id=2986780&use=l&cat=p&typeid=i","cat":284431},{"id":208658,"n":"Biscuit P'tit Deli Chocolat lait blanc - 150g","p":1.75,"u":"11,67 €/KG","img":"https://fd16-photos.leclercdrive.fr/image.ashx?id=2684835&use=l&cat=p&typeid=i","cat":284488},{"id":208749,"n":"Riz long grain 10 min Lustucru  x5 - 900g","p":2.16,"u":"2,40 €/KG","img":"https://fd16-photos.leclercdrive.fr/image.ashx?id=2963739&use=l&cat=p&typeid=i","cat":284428},{"id":208750,"n":"Purée Mousline x3 - 375g","p":2.59,"u":"6,91 €/KG","img":"https://fd16-photos.leclercdrive.fr/image.ashx?id=2940135&use=l&cat=p&typeid=i","cat":284431},{"id":208751,"n":"Riz long grain 10 min Lustucru x5 - 450g","p":1.46,"u":"3,24 €/KG","img":"https://fd16-photos.leclercdrive.fr/image.ashx?id=2955830&use=l&cat=p&typeid=i","cat":284428},{"id":208761,"n":"Purée Mousline x4 - 125g","p":1.24,"u":"9,92 €/KG","img":"https://fd16-photos.leclercdrive.fr/image.ashx?id=2940126&use=l&cat=p&typeid=i","cat":284431},{"id":208769,"n":"Gelée Felix Tranches avec éffilés - 960g","p":5.54,"u":"5,77 €/KG","img":"https://fd16-photos.leclercdrive.fr/image.ashx?id=2561404&use=l&cat=p&typeid=i","cat":285286},{"id":208776,"n":"Gel douche Tahiti Vanille et huile de coco 250ml","p":2.34,"u":"9,36 €/L","img":"https://fd16-photos.leclercdrive.fr/image.ashx?id=2533130&use=l&cat=p&typeid=i","cat":284594},{"id":208788,"n":"Thé glacé Lipton Ice Tea Pêche  Sans sucres bouteille de 1.25L","p":1.61,"u":"1,29 €/L","img":"https://fd16-photos.leclercdrive.fr/image.ashx?id=2731570&use=l&cat=p&typeid=i","cat":295019},{"id":208856,"n":"Dentifrice Colgate Tonigencyl Expert - 75ml","p":2.27,"u":"30,27 €/L","img":"https://fd16-photos.leclercdrive.fr/image.ashx?id=2859992&use=l&cat=p&typeid=i","cat":284612},{"id":208857,"n":"Soin Revitalisant L'Oréal Paris Men Expert Anti-Âge - 50ml","p":9.08,"u":"181,60 €/L","img":"https://fd16-photos.leclercdrive.fr/image.ashx?id=3008776&use=l&cat=p&typeid=i","cat":284622},{"id":208865,"n":"Spray nasal Prorhinel Aloe Vera - Enfant/Adulte 100ml","p":5.79,"u":"57,90 €/L","img":"https://fd16-photos.leclercdrive.fr/image.ashx?id=2917861&use=l&cat=p&typeid=i","cat":284630},{"id":208867,"n":"Serum physiologique Prorhinel 30x5ml","p":2.99,"u":"19,93 €/L","img":"https://fd16-photos.leclercdrive.fr/image.ashx?id=2878303&use=l&cat=p&typeid=i","cat":284741},{"id":208927,"n":"Cidou un amour de fruits Orange Mangue - 1L","p":1.85,"u":"1,85 €/L","img":"https://fd16-photos.leclercdrive.fr/image.ashx?id=2535052&use=l&cat=p&typeid=i","cat":284915},{"id":209057,"n":"Céréales bébé P'TITE CEREALE chocolat biscuit 12M+ - 415g","p":3.33,"u":"8,02 €/KG","img":"https://fd16-photos.leclercdrive.fr/image.ashx?id=2537303&use=l&cat=p&typeid=i","cat":312225},{"id":209058,"n":"Collagène marin Juvamine Acide Hyaluronique x60 - 31g","p":10.29,"u":"331,94 €/KG","img":"https://fd16-photos.leclercdrive.fr/image.ashx?id=2785856&use=l&cat=p&typeid=i","cat":313217},{"id":209059,"n":"P'tite céréale Nestlé Noisettes Biscuit - 12M+ - 415g","p":3.49,"u":"8,41 €/KG","img":"https://fd16-photos.leclercdrive.fr/image.ashx?id=2679389&use=l&cat=p&typeid=i","cat":312225},{"id":209060,"n":"Chips nature Lay's Sel - 6x25g","p":2.02,"u":"13,47 €/KG","img":"https://fd16-photos.leclercdrive.fr/image.ashx?id=3011143&use=l&cat=p&typeid=i","cat":284447},{"id":209064,"n":"Céréales bébé BABICAO Cacao 10M+ - 400g","p":3.48,"u":"8,70 €/KG","img":"https://fd16-photos.leclercdrive.fr/image.ashx?id=2537294&use=l&cat=p&typeid=i","cat":312225},{"id":209066,"n":"Céréales bébé P'TITE CEREALE Vanille Biscuit 12M+ - 415g","p":3.36,"u":"8,10 €/KG","img":"https://fd16-photos.leclercdrive.fr/image.ashx?id=2537297&use=l&cat=p&typeid=i","cat":312225},{"id":209094,"n":"Adoucissant Soupline Concentré Mandarine Vanille x60 - 1.28ml","p":6.45,"u":"5,04 €/L","img":"https://fd16-photos.leclercdrive.fr/image.ashx?id=2832572&use=l&cat=p&typeid=i","cat":284650},{"id":209113,"n":"Pâtes Collezione Barilla Farfalle Generose - 500g","p":1.76,"u":"3,52 €/KG","img":"https://fd16-photos.leclercdrive.fr/image.ashx?id=2654122&use=l&cat=p&typeid=i","cat":284427},{"id":209209,"n":"Sauce soja Suzi Wan 250ml","p":2.86,"u":"11,44 €/L","img":"https://fd16-photos.leclercdrive.fr/image.ashx?id=2990880&use=l&cat=p&typeid=i","cat":288992},{"id":209302,"n":"Thé glacé Lipton Ice Tea Citron/citron vert - 1.25L","p":1.71,"u":"1,37 €/L","img":"https://fd16-photos.leclercdrive.fr/image.ashx?id=2731573&use=l&cat=p&typeid=i","cat":295019},{"id":209309,"n":"Thé glacé Lipton Ice Tea Framboise - 1.25L","p":1.71,"u":"1,37 €/L","img":"https://fd16-photos.leclercdrive.fr/image.ashx?id=2731588&use=l&cat=p&typeid=i","cat":295019},{"id":209311,"n":"Thé glacé Lipton Ice Tea Pêche abricot - 1,25L","p":1.79,"u":"1,43 €/L","img":"https://fd16-photos.leclercdrive.fr/image.ashx?id=2731576&use=l&cat=p&typeid=i","cat":295019},{"id":209353,"n":"Ratatouille provençale d'aucy 42,5cl","p":2.33,"u":"6,13 €/KG","img":"https://fd16-photos.leclercdrive.fr/image.ashx?id=2539512&use=l&cat=p&typeid=i","cat":312612},{"id":209368,"n":"Thé glacé Lipton Ice Tea Pêche La bouteille de 1.75L","p":1.88,"u":"1,07 €/L","img":"https://fd16-photos.leclercdrive.fr/image.ashx?id=2731594&use=l&cat=p&typeid=i","cat":295019},{"id":209398,"n":"Pizza Crousti Moelleuse Marie Margherita x3 - 1.2kg","p":7.95,"u":"6,63 €/KG","img":"https://fd16-photos.leclercdrive.fr/image.ashx?id=2996776&use=l&cat=p&typeid=i","cat":284256},{"id":209430,"n":"Skyr Danone Citron 0%mg - 2x140g","p":2.29,"u":"8,18 €/KG","img":"https://fd16-photos.leclercdrive.fr/image.ashx?id=2851728&use=l&cat=p&typeid=i","cat":315000},{"id":209431,"n":"Skyr Danone Fraise 0%mg - 2x140g","p":1.97,"u":"7,04 €/KG","img":"https://fd16-photos.leclercdrive.fr/image.ashx?id=2755270&use=l&cat=p&typeid=i","cat":315000},{"id":209432,"n":"Skyr Danone Vanille 0%mg - 2x140g","p":2.23,"u":"7,96 €/KG","img":"https://fd16-photos.leclercdrive.fr/image.ashx?id=2944654&use=l&cat=p&typeid=i","cat":315000},{"id":209437,"n":"Crème dessert protéinée 0%mg Hipro caramel - 180g","p":1.77,"u":"9,83 €/KG","img":"https://fd16-photos.leclercdrive.fr/image.ashx?id=2800288&use=l&cat=p&typeid=i","cat":285041},{"id":209444,"n":"Fromage enfant La Vache qui rit Allégée 16P à tartiner - 267g","p":2.94,"u":"11,01 €/KG","img":"https://fd16-photos.leclercdrive.fr/image.ashx?id=2539701&use=l&cat=p&typeid=i","cat":314030},{"id":209465,"n":"Sirop Teisseire Ice Tea Pêche Bidon - 60cl","p":3.3,"u":"5,50 €/L","img":"https://fd16-photos.leclercdrive.fr/image.ashx?id=2539710&use=l&cat=p&typeid=i","cat":295020},{"id":209494,"n":"Salade & Cie Sodebo Roma Jambon Speck - 320g","p":3.05,"u":"9,53 €/KG","img":"https://fd16-photos.leclercdrive.fr/image.ashx?id=2732413&use=l&cat=p&typeid=i","cat":333657},{"id":209495,"n":"Salade & Cie Sodebo Manhattan Poulet rôti - 320g","p":2.9,"u":"9,06 €/KG","img":"https://fd16-photos.leclercdrive.fr/image.ashx?id=2732407&use=l&cat=p&typeid=i","cat":333657},{"id":209496,"n":"Salade & Cie Sodebo Montmartre Jambon supérieur - 320g","p":3.11,"u":"9,72 €/KG","img":"https://fd16-photos.leclercdrive.fr/image.ashx?id=2868945&use=l&cat=p&typeid=i","cat":333657},{"id":209510,"n":"Chips nature Lay's Sel - 250g","p":2.27,"u":"9,08 €/KG","img":"https://fd16-photos.leclercdrive.fr/image.ashx?id=2995073&use=l&cat=p&typeid=i","cat":284447},{"id":209514,"n":"Chips Lay's Nature - 135g","p":1.36,"u":"10,07 €/KG","img":"https://fd16-photos.leclercdrive.fr/image.ashx?id=2994482&use=l&cat=p&typeid=i","cat":284447},{"id":209527,"n":"Café San Marco supremo n°8 Grains - 1kg","p":21.27,"u":"21,27 €/KG","img":"https://fd16-photos.leclercdrive.fr/image.ashx?id=2540541&use=l&cat=p&typeid=i","cat":293237},{"id":209589,"n":"Pain Kebab La Boulangère x4 - 320g","p":2.08,"u":"8,00 €/KG","img":"https://fd16-photos.leclercdrive.fr/image.ashx?id=2912308&use=l&cat=p&typeid=i","cat":284985},{"id":209593,"n":"Brioche Muffin La Boulangère x5 - 250g","p":1.52,"u":"6,08 €/KG","img":"https://fd16-photos.leclercdrive.fr/image.ashx?id=2912443&use=l&cat=p&typeid=i","cat":284478},{"id":209597,"n":"Compote Allégée en sucres Eco+ Bocal pomme poire - 720g","p":1.13,"u":"1,57 €/KG","img":"https://fd16-photos.leclercdrive.fr/image.ashx?id=2953206&use=l&cat=p&typeid=i","cat":284508},{"id":209598,"n":"Compote Allégée en sucres Eco+ Bocal pomme banane - 720g","p":1.03,"u":"1,43 €/KG","img":"https://fd16-photos.leclercdrive.fr/image.ashx?id=2953209&use=l&cat=p&typeid=i","cat":284508},{"id":209639,"n":"AOC Vin Blanc Bourgogne Mâcon Villages - 75cl","p":8.68,"u":"11,57 €/L","img":"https://fd16-photos.leclercdrive.fr/image.ashx?id=2845296&use=l&cat=p&typeid=i","cat":289557},{"id":209648,"n":"Briochettes pépites de chocolat Pasquier - 400g","p":2.94,"u":"7,35 €/KG","img":"https://fd16-photos.leclercdrive.fr/image.ashx?id=2541196&use=l&cat=p&typeid=i","cat":296366},{"id":209724,"n":"Dessert Glacé Viennetta Chocolat -  320g","p":2.76,"u":"8,63 €/KG","img":"https://fd16-photos.leclercdrive.fr/image.ashx?id=3009287&use=l&cat=p&typeid=i","cat":284266},{"id":209739,"n":"Adoucissant concentré Soupline Hypoallergénique 64 lav. 1,35L","p":4.84,"u":"3,59 €/L","img":"https://fd16-photos.leclercdrive.fr/image.ashx?id=2831185&use=l&cat=p&typeid=i","cat":284650},{"id":209801,"n":"Rasoirs jetables Wilkinson Xtreme 3 - Pure sensitive - x12","p":11.88,"u":"0,99 €/P","img":"https://fd16-photos.leclercdrive.fr/image.ashx?id=2861719&use=l&cat=p&typeid=i","cat":284616},{"id":209804,"n":"Rasoirs jetables Wilkinson Xtreme 3 Ultimate confort - x8","p":10.59,"img":"https://fd16-photos.leclercdrive.fr/image.ashx?id=2846478&use=l&cat=p&typeid=i","cat":284616},{"id":209806,"n":"Rasoirs Extra 3 Essentials Plastique recyclé - x8","p":5.02,"u":"0,63 €/P","img":"https://fd16-photos.leclercdrive.fr/image.ashx?id=2846481&use=l&cat=p&typeid=i","cat":284616},{"id":209843,"n":"Thé vert menthe Lipton x50 - 80g","p":4.36,"u":"54,50 €/KG","img":"https://fd16-photos.leclercdrive.fr/image.ashx?id=2544629&use=l&cat=p&typeid=i","cat":293233},{"id":209856,"n":"Thé vert Tchaé orient  Lipton  x20 - 35g","p":2.59,"u":"74,00 €/KG","img":"https://fd16-photos.leclercdrive.fr/image.ashx?id=2544641&use=l&cat=p&typeid=i","cat":293233},{"id":209859,"n":"Déboucheur Liquide Destop  4 doses - 950ml","p":3.44,"u":"3,62 €/L","img":"https://fd16-photos.leclercdrive.fr/image.ashx?id=2832161&use=l&cat=p&typeid=i","cat":284908},{"id":209860,"n":"Déboucheur Gel Destop  Express - 4 doses - 950ml","p":2.85,"u":"3,00 €/L","img":"https://fd16-photos.leclercdrive.fr/image.ashx?id=2832164&use=l&cat=p&typeid=i","cat":284908},{"id":209863,"n":"Gel anti-calcaire Calgon  4 en 1 - 750ml","p":5.05,"u":"6,73 €/L","img":"https://fd16-photos.leclercdrive.fr/image.ashx?id=2963475&use=l&cat=p&typeid=i","cat":284653},{"id":209865,"n":"Gel anti-calcaire Calgon  4 en 1 - 2,25L","p":13.64,"u":"6,06 €/L","img":"https://fd16-photos.leclercdrive.fr/image.ashx?id=2953932&use=l&cat=p&typeid=i","cat":284653},{"id":209872,"n":"Infusion Elephant  Pamplemousse Mandarine x20 38g","p":2.84,"u":"74,74 €/KG","img":"https://fd16-photos.leclercdrive.fr/image.ashx?id=2544620&use=l&cat=p&typeid=i","cat":293234},{"id":209875,"n":"Gel WC 100% Détartrant Harpic 5 min Chrono - 750ml","p":1.6,"u":"2,13 €/L","img":"https://fd16-photos.leclercdrive.fr/image.ashx?id=2864687&use=l&cat=p&typeid=i","cat":284662},{"id":209878,"n":"Spray vitres Ajax Triple action - 750ml","p":1.98,"u":"2,64 €/L","img":"https://fd16-photos.leclercdrive.fr/image.ashx?id=2544581&use=l&cat=p&typeid=i","cat":325363},{"id":209879,"n":"Spray nettoyant La Croix Salle de bain - 500ml","p":1.8,"u":"3,60 €/L","img":"https://fd16-photos.leclercdrive.fr/image.ashx?id=2544587&use=l&cat=p&typeid=i","cat":325357},{"id":209894,"n":"Adoucissant concentré Soupline  Lavande 60 lavages 1,35 L","p":5.4,"u":"4,00 €/L","img":"https://fd16-photos.leclercdrive.fr/image.ashx?id=2912716&use=l&cat=p&typeid=i","cat":284650},{"id":209899,"n":"Matière grasse Primevère  Doux - 750g","p":4.95,"u":"6,60 €/KG","img":"https://fd16-photos.leclercdrive.fr/image.ashx?id=2939331&use=l&cat=p&typeid=i","cat":315229},{"id":210015,"n":"Nettoyant ménager La Croix Spray - Ultra cuisine - 500ml","p":1.83,"u":"3,66 €/L","img":"https://fd16-photos.leclercdrive.fr/image.ashx?id=2545216&use=l&cat=p&typeid=i","cat":325357},{"id":210019,"n":"Lotion Tonique Visage Nivea Peaux sèches&sensibles - 200ml","p":4.02,"u":"20,10 €/L","img":"https://fd16-photos.leclercdrive.fr/image.ashx?id=3014602&use=l&cat=p&typeid=i","cat":284603},{"id":210064,"n":"Friandises pour chien Fido Poulet - 130g","p":2.12,"u":"16,31 €/KG","img":"https://fd16-photos.leclercdrive.fr/image.ashx?id=2561503&use=l&cat=p&typeid=i","cat":294527},{"id":210066,"n":"Friandise pour chat Felix Tasty Saumon truite - 180g","p":3.45,"u":"19,17 €/KG","img":"https://fd16-photos.leclercdrive.fr/image.ashx?id=2561512&use=l&cat=p&typeid=i","cat":285285},{"id":210067,"n":"Riz Lustucru 900g","p":2.57,"u":"2,86 €/KG","img":"https://fd16-photos.leclercdrive.fr/image.ashx?id=2963742&use=l&cat=p&typeid=i","cat":284428},{"id":210069,"n":"Lait Démaquillant apaisant Mixa Peaux sensibles - 200ml","p":3.24,"u":"16,20 €/L","img":"https://fd16-photos.leclercdrive.fr/image.ashx?id=2546632&use=l&cat=p&typeid=i","cat":284603},{"id":210078,"n":"Les Effilochés Gourmet Gold En sauce - 12x85g","p":7.22,"u":"7,08 €/KG","img":"https://fd16-photos.leclercdrive.fr/image.ashx?id=2861809&use=l&cat=p&typeid=i","cat":285286},{"id":210142,"n":"Soin nuit repulpant So'Bio Etic Bio - 50ml","p":12.31,"u":"246,20 €/L","img":"https://fd16-photos.leclercdrive.fr/image.ashx?id=2997013&use=l&cat=p&typeid=i","cat":325345},{"id":210172,"n":"Thé vert Bio Kusmi Tea BB Detox x20 - 40g","p":9.95,"u":"248,75 €/KG","img":"https://fd16-photos.leclercdrive.fr/image.ashx?id=2549020&use=l&cat=p&typeid=i","cat":293233},{"id":210179,"n":"Mélange thés noirs Kusmi Tea English Breakfast Bio x20 - 40g","p":6.5,"u":"162,50 €/KG","img":"https://fd16-photos.leclercdrive.fr/image.ashx?id=2658950&use=l&cat=p&typeid=i","cat":293233},{"id":210202,"n":"Thé vert Bio Kusmi Tea Gingembre citron x20 - 40g","p":6.48,"u":"162,00 €/KG","img":"https://fd16-photos.leclercdrive.fr/image.ashx?id=2658959&use=l&cat=p&typeid=i","cat":293233},{"id":210204,"n":"Thé vert Bio Kusmi Tea Menthe x20 - 40g","p":6.5,"u":"162,50 €/KG","img":"https://fd16-photos.leclercdrive.fr/image.ashx?id=2658947&use=l&cat=p&typeid=i","cat":293233},{"id":210236,"n":"Bière blanche Leffe  5,7% - 6x25cl","p":5.57,"u":"3,71 €/L","img":"https://fd16-photos.leclercdrive.fr/image.ashx?id=2546764&use=l&cat=p&typeid=i","cat":334878},{"id":210248,"n":"Gel à raser Gillette Fusion Hydratant  - 2x200ml","p":9.4,"u":"23,50 €/L","img":"https://fd16-photos.leclercdrive.fr/image.ashx?id=2546839&use=l&cat=p&typeid=i","cat":284617},{"id":210254,"n":"Brossettes Oral-B Pro Cross Action - x4","p":16.83,"img":"https://fd16-photos.leclercdrive.fr/image.ashx?id=2743643&use=l&cat=p&typeid=i","cat":297133},{"id":210364,"n":"Fromage enfant La Vache qui rit Jambon 8P à tartiner - 133g","p":2.41,"u":"18,12 €/KG","img":"https://fd16-photos.leclercdrive.fr/image.ashx?id=2546308&use=l&cat=p&typeid=i","cat":314029},{"id":210703,"n":"Terrine Tous mes amis Volaille carottes - 1.2kg","p":1.95,"u":"1,63 €/KG","img":"https://fd16-photos.leclercdrive.fr/image.ashx?id=2815758&use=l&cat=p&typeid=i","cat":288578},{"id":210705,"n":"Dragées chocolatées M&M's Cacahuètes - 250g","p":3.09,"u":"12,36 €/KG","img":"https://fd16-photos.leclercdrive.fr/image.ashx?id=3003393&use=l&cat=p&typeid=i","cat":304238},{"id":210708,"n":"Coulis Sainte Lucie Fruits rouges  - 110g","p":4.08,"u":"37,09 €/KG","img":"https://fd16-photos.leclercdrive.fr/image.ashx?id=2551093&use=l&cat=p&typeid=i","cat":284504},{"id":210717,"n":"Boulettes de boeuf Eco+ 1.2kg","p":1.53,"img":"https://fd16-photos.leclercdrive.fr/image.ashx?id=2815740&use=l&cat=p&typeid=i","cat":288578},{"id":210804,"n":"Adoucissant Hyperdou Rêve de fraîcheur - 1.9L - x27","p":2.15,"u":"1,13 €/L","img":"https://fd16-photos.leclercdrive.fr/image.ashx?id=2603012&use=l&cat=p&typeid=i","cat":284650},{"id":210806,"n":"Adoucissant Hyperdou Senstive - 1.9L - x27","p":2.38,"u":"1,25 €/L","img":"https://fd16-photos.leclercdrive.fr/image.ashx?id=2603024&use=l&cat=p&typeid=i","cat":284650},{"id":210823,"n":"Pommes noisette Findus 500g","p":2.27,"u":"4,54 €/KG","img":"https://fd16-photos.leclercdrive.fr/image.ashx?id=2865866&use=l&cat=p&typeid=i","cat":319792},{"id":210946,"n":"Margarine Planta Fin  Demi-sel 100% végétal - 450g","p":3.06,"u":"6,80 €/KG","img":"https://fd16-photos.leclercdrive.fr/image.ashx?id=2989474&use=l&cat=p&typeid=i","cat":315229},{"id":210948,"n":"Margarine Planta Fin Doux 100% végétal - 450g","p":2.5,"u":"5,56 €/KG","img":"https://fd16-photos.leclercdrive.fr/image.ashx?id=2989477&use=l&cat=p&typeid=i","cat":315229},{"id":210951,"n":"Mousse au chocolat Eco+ 4x60g","p":0.84,"u":"3,50 €/KG","img":"https://fd16-photos.leclercdrive.fr/image.ashx?id=2552493&use=l&cat=p&typeid=i","cat":284417},{"id":210952,"n":"Tiramisu Eco+ 2x80g","p":1.12,"u":"7,00 €/KG","img":"https://fd16-photos.leclercdrive.fr/image.ashx?id=2552496&use=l&cat=p&typeid=i","cat":284419},{"id":210960,"n":"Bouchées Tous les Amis 1.2kg","p":2.15,"u":"1,79 €/KG","img":"https://fd16-photos.leclercdrive.fr/image.ashx?id=2815767&use=l&cat=p&typeid=i","cat":288578},{"id":210961,"n":"Le Fondant Mamie Nova Pistache - 2x150g","p":1.47,"u":"4,90 €/KG","img":"https://fd16-photos.leclercdrive.fr/image.ashx?id=2886957&use=l&cat=p&typeid=i","cat":285041},{"id":210962,"n":"Emincés en sauce Tous les Amis Assortiment - 6x400g","p":5.28,"u":"2,20 €/KG","img":"https://fd16-photos.leclercdrive.fr/image.ashx?id=2815761&use=l&cat=p&typeid=i","cat":285601},{"id":210963,"n":"Boulettes de bœuf Eco+ 400g","p":0.66,"u":"1,65 €/KG","img":"https://fd16-photos.leclercdrive.fr/image.ashx?id=2815731&use=l&cat=p&typeid=i","cat":285601},{"id":210965,"n":"Le Fondant Mamie Nova Caramel beurre salé - 2x150g","p":1.49,"u":"4,97 €/KG","img":"https://fd16-photos.leclercdrive.fr/image.ashx?id=2909038&use=l&cat=p&typeid=i","cat":285041},{"id":210968,"n":"Tajine de boeuf Fleury Michon 350g","p":3.65,"u":"10,43 €/KG","img":"https://fd16-photos.leclercdrive.fr/image.ashx?id=2656730&use=l&cat=p&typeid=i","cat":333665},{"id":210976,"n":"Émincés de boeuf Marie Sauce au poivre - 300g","p":4.7,"u":"15,67 €/KG","img":"https://fd16-photos.leclercdrive.fr/image.ashx?id=2554178&use=l&cat=p&typeid=i","cat":333665},{"id":211041,"n":"Fromage à tartiner Kiri Délicieusement fouetté - 210g","p":3.23,"u":"15,38 €/KG","img":"https://fd16-photos.leclercdrive.fr/image.ashx?id=2686594&use=l&cat=p&typeid=i","cat":314029},{"id":211054,"n":"Croûtons Tipiak Nature - 75g","p":1.49,"u":"19,87 €/KG","img":"https://fd16-photos.leclercdrive.fr/image.ashx?id=2812726&use=l&cat=p&typeid=i","cat":284464},{"id":211077,"n":"Jus de pomme bio Pressade Sans sucre ajouté - 1L","p":2.41,"u":"2,41 €/L","img":"https://fd16-photos.leclercdrive.fr/image.ashx?id=2692377&use=l&cat=p&typeid=i","cat":284522},{"id":211080,"n":"Pectine sucrée Sainte Lucie 35g","p":2.37,"u":"67,71 €/KG","img":"https://fd16-photos.leclercdrive.fr/image.ashx?id=2554094&use=l&cat=p&typeid=i","cat":284504},{"id":211081,"n":"Pâte Sainte Lucie Pistache  - 220g","p":7.94,"u":"36,09 €/KG","img":"https://fd16-photos.leclercdrive.fr/image.ashx?id=2554097&use=l&cat=p&typeid=i","cat":284504},{"id":211082,"n":"Soda Canada Dry Ginger Ale 6x33cl","p":3.73,"u":"1,88 €/L","img":"https://fd16-photos.leclercdrive.fr/image.ashx?id=2669097&use=l&cat=p&typeid=i","cat":284531},{"id":211087,"n":"AOC Vin doux ambrée Rivesaltes 75cl","p":3.88,"u":"5,17 €/L","img":"https://fd16-photos.leclercdrive.fr/image.ashx?id=2974726&use=l&cat=p&typeid=i","cat":284913},{"id":211090,"n":"Liqueur de menthe Get 27 17,9° - 1L","p":17.6,"u":"17,60 €/L","img":"https://fd16-photos.leclercdrive.fr/image.ashx?id=2858276&use=l&cat=p&typeid=i","cat":286032},{"id":211091,"n":"Porto blanc Eco+ 18% vol - 75cl","p":5.87,"u":"7,83 €/L","img":"https://fd16-photos.leclercdrive.fr/image.ashx?id=2869850&use=l&cat=p&typeid=i","cat":284913},{"id":211098,"n":"Emincée Tous Mes Amis Poissons - 4x400g","p":4.02,"u":"2,51 €/KG","img":"https://fd16-photos.leclercdrive.fr/image.ashx?id=2815764&use=l&cat=p&typeid=i","cat":285601},{"id":211103,"n":"Ail des ours Sainte Lucie 9g","p":2.66,"u":"295,56 €/KG","img":"https://fd16-photos.leclercdrive.fr/image.ashx?id=2554091&use=l&cat=p&typeid=i","cat":298297},{"id":211113,"n":"Poivre 5 baies Sainte Lucie 80g","p":4.1,"u":"51,25 €/KG","img":"https://fd16-photos.leclercdrive.fr/image.ashx?id=2554106&use=l&cat=p&typeid=i","cat":298297},{"id":211300,"n":"Chips ancienne nature Lay's Sel maxi format  - 365g","p":3.21,"u":"8,79 €/KG","img":"https://fd16-photos.leclercdrive.fr/image.ashx?id=2996602&use=l&cat=p&typeid=i","cat":284447},{"id":211321,"n":"Sirop Oasis  Menthe Citron - 75cl","p":3.37,"u":"4,49 €/L","img":"https://fd16-photos.leclercdrive.fr/image.ashx?id=2555421&use=l&cat=p&typeid=i","cat":295020},{"id":211406,"n":"Mélange noix nobles Tokapi 100g","p":1.92,"u":"19,20 €/KG","img":"https://fd16-photos.leclercdrive.fr/image.ashx?id=2793314&use=l&cat=p&typeid=i","cat":284448},{"id":211409,"n":"AOP Crémant d'Alsace Rebmann Demi sec - 75cl","p":5.95,"u":"7,93 €/L","img":"https://fd16-photos.leclercdrive.fr/image.ashx?id=2874759&use=l&cat=p&typeid=i","cat":284545},{"id":211410,"n":"Curry fort Sainte Lucie 55g","p":1.69,"u":"30,73 €/KG","img":"https://fd16-photos.leclercdrive.fr/image.ashx?id=2556102&use=l&cat=p&typeid=i","cat":298297},{"id":211412,"n":"Gommes acacia Confiseo Citron miel - 250g","p":1.89,"u":"7,56 €/KG","img":"https://fd16-photos.leclercdrive.fr/image.ashx?id=2934772&use=l&cat=p&typeid=i","cat":304250},{"id":211413,"n":"Céréales Kit Kat 330g","p":3.71,"u":"11,24 €/KG","img":"https://fd16-photos.leclercdrive.fr/image.ashx?id=2989453&use=l&cat=p&typeid=i","cat":309513},{"id":211415,"n":"Poules aux vermicelles Maggi 3x59g","p":1.36,"u":"7,68 €/KG","img":"https://fd16-photos.leclercdrive.fr/image.ashx?id=2556345&use=l&cat=p&typeid=i","cat":284463},{"id":211427,"n":"Pain burger Epi d'Or Nature x6 - 330g","p":0.93,"u":"2,82 €/KG","img":"https://fd16-photos.leclercdrive.fr/image.ashx?id=2807303&use=l&cat=p&typeid=i","cat":325067},{"id":211432,"n":"Court bouillon Maggi Legumes et vin blanc 150g","p":1.52,"u":"10,13 €/KG","img":"https://fd16-photos.leclercdrive.fr/image.ashx?id=2557740&use=l&cat=p&typeid=i","cat":288379},{"id":211470,"n":"Dentifrice Signal Professionnel Action Sensibilité Complet 75ml","p":2.92,"u":"38,93 €/L","img":"https://fd16-photos.leclercdrive.fr/image.ashx?id=2961326&use=l&cat=p&typeid=i","cat":284612},{"id":211481,"n":"Biscottes Pasquier Sans sel et sucre ajoutés - 300","p":1.87,"u":"6,23 €/KG","img":"https://fd16-photos.leclercdrive.fr/image.ashx?id=2899407&use=l&cat=p&typeid=i","cat":284479},{"id":211513,"n":"Dentifrice Blancheur Signal White now Gold 75ml","p":2.38,"u":"31,73 €/L","img":"https://fd16-photos.leclercdrive.fr/image.ashx?id=2770187&use=l&cat=p&typeid=i","cat":284612},{"id":211522,"n":"Dentifrice Signal Professionnel Sensibilité Blancheur 75ml","p":2.92,"u":"38,93 €/L","img":"https://fd16-photos.leclercdrive.fr/image.ashx?id=2961332&use=l&cat=p&typeid=i","cat":284612},{"id":211527,"n":"Dentifrice Blancheur Signal White Now Super Pure 75ml","p":3.6,"u":"48,00 €/L","img":"https://fd16-photos.leclercdrive.fr/image.ashx?id=2770190&use=l&cat=p&typeid=i","cat":284612},{"id":211550,"n":"Sel Regénérant Sun Lave Vaisselle Standard 1Kg","p":1.08,"u":"1,08 €/KG","img":"https://fd16-photos.leclercdrive.fr/image.ashx?id=2729434&use=l&cat=p&typeid=i","cat":284657},{"id":211555,"n":"Sun Capsules Lave-Vaisselle Tout en 1 Absolu Brillance x28","p":7.9,"u":"18,81 €/KG","img":"https://fd16-photos.leclercdrive.fr/image.ashx?id=2961350&use=l&cat=p&typeid=i","cat":284656},{"id":211556,"n":"Sun Capsules Lave-Vaisselle Tout en1 Absolu Dégraissant x28","p":7.9,"u":"18,81 €/KG","img":"https://fd16-photos.leclercdrive.fr/image.ashx?id=2961353&use=l&cat=p&typeid=i","cat":284656},{"id":211561,"n":"Déodorant Spray Dove Anti- Transpirant Invisible Dry 100ml","p":3.13,"u":"31,30 €/L","img":"https://fd16-photos.leclercdrive.fr/image.ashx?id=2905711&use=l&cat=p&typeid=i","cat":284595},{"id":211562,"n":"Déodorant Spray Compressé Dove Anti-Transpirant Original 100ml","p":3.18,"u":"31,80 €/L","img":"https://fd16-photos.leclercdrive.fr/image.ashx?id=2793098&use=l&cat=p&typeid=i","cat":284595},{"id":211564,"n":"Adoucissant concentré Soupline Coco fleurs blanches - 1.28L","p":6.07,"u":"4,74 €/L","img":"https://fd16-photos.leclercdrive.fr/image.ashx?id=2832566&use=l&cat=p&typeid=i","cat":284650},{"id":211573,"n":"Déodorant Spray Dove Anti- Transpirant Original 200ml","p":2.99,"u":"14,95 €/L","img":"https://fd16-photos.leclercdrive.fr/image.ashx?id=2878486&use=l&cat=p&typeid=i","cat":284595},{"id":211584,"n":"Déodorant spray homme Axe Aqua bergamot - 150ml","p":4.2,"u":"28,00 €/L","img":"https://fd16-photos.leclercdrive.fr/image.ashx?id=3004453&use=l&cat=p&typeid=i","cat":284618},{"id":211631,"n":"Desserts Lactés P'TIT BRASSE   Abricot vanille -6m+ - 4x90g","p":2.17,"u":"6,03 €/KG","img":"https://fd16-photos.leclercdrive.fr/image.ashx?id=2600072&use=l&cat=p&typeid=i","cat":312392},{"id":211705,"n":"Whisky normand Busnel Single malt 40% 70cl","p":25.83,"u":"36,90 €/L","img":"https://fd16-photos.leclercdrive.fr/image.ashx?id=2899512&use=l&cat=p&typeid=i","cat":284547},{"id":211808,"n":"Olives Noires Confites Tramier  Dénoyautées 150g","p":1.76,"u":"11,73 €/KG","img":"https://fd16-photos.leclercdrive.fr/image.ashx?id=2840829&use=l&cat=p&typeid=i","cat":284450},{"id":211827,"n":"Céréales bébé BABIVANILLE Vanille 10M+ - 400g","p":3.5,"u":"8,75 €/KG","img":"https://fd16-photos.leclercdrive.fr/image.ashx?id=2562651&use=l&cat=p&typeid=i","cat":312225},{"id":211849,"n":"Couscous fin Tipiak Parfumé épices douces - 500g","p":1.93,"u":"3,86 €/KG","img":"https://fd16-photos.leclercdrive.fr/image.ashx?id=2839190&use=l&cat=p&typeid=i","cat":284429},{"id":212107,"n":"Brosse à dents Colgate Extra-clean médium - x4","p":1.83,"u":"0,46 €/P","img":"https://fd16-photos.leclercdrive.fr/image.ashx?id=2564309&use=l&cat=p&typeid=i","cat":284614},{"id":212110,"n":"Adoucissant Hyperdou Senteur de provence - 1.9L x 27","p":2.39,"u":"1,26 €/L","img":"https://fd16-photos.leclercdrive.fr/image.ashx?id=2603021&use=l&cat=p&typeid=i","cat":284650},{"id":212461,"n":"Sprite sans sucre  Citron & citron vert - 6x33cl","p":2.73,"u":"1,38 €/L","img":"https://fd16-photos.leclercdrive.fr/image.ashx?id=2566461&use=l&cat=p&typeid=i","cat":284531},{"id":212467,"n":"Protège-slip Protection Vania Large Fresh - x36","p":3.17,"img":"https://fd16-photos.leclercdrive.fr/image.ashx?id=2735233&use=l&cat=p&typeid=i","cat":284625},{"id":212468,"n":"Protège-slips Confort Vania Aloe vera - x56","p":2.45,"img":"https://fd16-photos.leclercdrive.fr/image.ashx?id=2735236&use=l&cat=p&typeid=i","cat":284625},{"id":212469,"n":"Protège-slip Protection Vania Long Fresh - x40","p":2.75,"img":"https://fd16-photos.leclercdrive.fr/image.ashx?id=2735239&use=l&cat=p&typeid=i","cat":284625},{"id":212473,"n":"Liquide de Rinçage Finish  Citron - 800ml","p":4.99,"u":"6,24 €/L","img":"https://fd16-photos.leclercdrive.fr/image.ashx?id=2881966&use=l&cat=p&typeid=i","cat":284657},{"id":212486,"n":"Film étirable Elembal 50m","p":1.8,"u":"0,04 €/MT","img":"https://fd16-photos.leclercdrive.fr/image.ashx?id=2566146&use=l&cat=p&typeid=i","cat":285194},{"id":212487,"n":"Papier toilette Le Trèfle Maxi douceur - 12+6","p":9.95,"u":"0,55 €/P","img":"https://fd16-photos.leclercdrive.fr/image.ashx?id=2568437&use=l&cat=p&typeid=i","cat":284634},{"id":212505,"n":"Fromage apéritif Apéricube Best of des saveurs 24 cubes","p":2.36,"u":"18,88 €/KG","img":"https://fd16-photos.leclercdrive.fr/image.ashx?id=2905294&use=l&cat=p&typeid=i","cat":314027},{"id":212543,"n":"Cahier grands carreaux Esquisse Transparent - 48 pages -17x22cm","p":0.99,"img":"https://fd16-photos.leclercdrive.fr/image.ashx?id=2568084&use=l&cat=p&typeid=i","cat":284697},{"id":212546,"n":"Macaroni et boulette Côté Table À la tomate - 280g","p":2.04,"u":"7,29 €/KG","img":"https://fd16-photos.leclercdrive.fr/image.ashx?id=2764149&use=l&cat=p&typeid=i","cat":333665},{"id":212548,"n":"Jouet vinyle P'tit Ami  Vert - x1","p":2.99,"img":"https://fd16-photos.leclercdrive.fr/image.ashx?id=2568367&use=l&cat=p&typeid=i","cat":285161},{"id":212549,"n":"Jouet vinyle P'tit Ami  Jaune - x1","p":2.99,"img":"https://fd16-photos.leclercdrive.fr/image.ashx?id=2568370&use=l&cat=p&typeid=i","cat":285161},{"id":212550,"n":"Jouet vinyle P'tit Ami  Bleu - x1","p":2.99,"img":"https://fd16-photos.leclercdrive.fr/image.ashx?id=2568373&use=l&cat=p&typeid=i","cat":285161},{"id":212582,"n":"Blanquette de poulet Côté Table 300g","p":2.79,"u":"9,30 €/KG","img":"https://fd16-photos.leclercdrive.fr/image.ashx?id=2764146&use=l&cat=p&typeid=i","cat":333665},{"id":212585,"n":"Parmentier de canard Côté Table 320g","p":3.29,"u":"10,28 €/KG","img":"https://fd16-photos.leclercdrive.fr/image.ashx?id=2567622&use=l&cat=p&typeid=i","cat":333665},{"id":212599,"n":"Amandes décortiquées Couleurs Vives - 200g","p":2.78,"u":"13,90 €/KG","img":"https://fd16-photos.leclercdrive.fr/image.ashx?id=2567592&use=l&cat=p&typeid=i","cat":284357},{"id":212600,"n":"Cranberries Couleurs Vives 200g","p":1.99,"u":"9,95 €/KG","img":"https://fd16-photos.leclercdrive.fr/image.ashx?id=2567595&use=l&cat=p&typeid=i","cat":284357},{"id":212602,"n":"Raisins Golden Couleurs Vives 250g","p":1.89,"u":"7,56 €/KG","img":"https://fd16-photos.leclercdrive.fr/image.ashx?id=2567598&use=l&cat=p&typeid=i","cat":284357},{"id":212603,"n":"Fruits secs Mix croquant Couleurs Vives - 200g","p":2.99,"u":"14,95 €/KG","img":"https://fd16-photos.leclercdrive.fr/image.ashx?id=2567601&use=l&cat=p&typeid=i","cat":284357},{"id":212604,"n":"Fruits secs Mix Gourmand Couleurs Vives - 200g","p":2.55,"u":"12,75 €/KG","img":"https://fd16-photos.leclercdrive.fr/image.ashx?id=2567604&use=l&cat=p&typeid=i","cat":284357},{"id":212605,"n":"Mini samoussas Tables du Monde Légumes Crevettes x8 - 240g","p":3.39,"u":"14,13 €/KG","img":"https://fd16-photos.leclercdrive.fr/image.ashx?id=2567651&use=l&cat=p&typeid=i","cat":316003},{"id":212643,"n":"Margarine Planta Fin Doux 100% végétal - 225g","p":1.69,"u":"7,51 €/KG","img":"https://fd16-photos.leclercdrive.fr/image.ashx?id=2989471&use=l&cat=p&typeid=i","cat":315229},{"id":212646,"n":"Margarine Planta Fin  Doux  100% végétal - 900g","p":5.55,"u":"6,17 €/KG","img":"https://fd16-photos.leclercdrive.fr/image.ashx?id=2989462&use=l&cat=p&typeid=i","cat":315229},{"id":212679,"n":"Céréales Coco Pops Chocos Kellogg's - 330g","p":2.55,"u":"7,73 €/KG","img":"https://fd16-photos.leclercdrive.fr/image.ashx?id=2571683&use=l&cat=p&typeid=i","cat":309513},{"id":212749,"n":"Lait bébé Calisma Gallia Pocket 1er âge 0-6 mois 479g","p":19.5,"u":"40,37 €/KG","img":"https://fd16-photos.leclercdrive.fr/image.ashx?id=2983075&use=l&cat=p&typeid=i","cat":284726},{"id":212750,"n":"Petits pots bébé P'TIT SOUPER Pastasotto 12M+ - 2x200g","p":2.24,"u":"5,60 €/KG","img":"https://fd16-photos.leclercdrive.fr/image.ashx?id=2571863&use=l&cat=p&typeid=i","cat":312239},{"id":212804,"n":"Goupillon Eco+ Rince tétine intégré - x1","p":0.98,"img":"https://fd16-photos.leclercdrive.fr/image.ashx?id=2580252&use=l&cat=p&typeid=i","cat":284742},{"id":212824,"n":"Poivre moulu Sainte Lucie Brésil - 45g","p":2.61,"u":"58,00 €/KG","img":"https://fd16-photos.leclercdrive.fr/image.ashx?id=2975173&use=l&cat=p&typeid=i","cat":284457},{"id":212828,"n":"Mélange cajun Sainte Lucie 45g","p":2.12,"u":"47,11 €/KG","img":"https://fd16-photos.leclercdrive.fr/image.ashx?id=2571176&use=l&cat=p&typeid=i","cat":298297},{"id":212916,"n":"Vodka Poliakov Lime 32% vol. - 70cl","p":10.97,"u":"15,67 €/L","img":"https://fd16-photos.leclercdrive.fr/image.ashx?id=2816850&use=l&cat=p&typeid=i","cat":284550},{"id":212922,"n":"Déboucheur Gel Destop  Spécial Cuisine - 1L","p":3.14,"u":"3,14 €/L","img":"https://fd16-photos.leclercdrive.fr/image.ashx?id=2572278&use=l&cat=p&typeid=i","cat":284908},{"id":212934,"n":"Lait bébé poudre Guigoz Optipro 3ème âge - dès 12 mois - 830g","p":10.37,"u":"12,49 €/KG","img":"https://fd16-photos.leclercdrive.fr/image.ashx?id=2895059&use=l&cat=p&typeid=i","cat":290219},{"id":212971,"n":"Barre Enrobage Blanc Lion x6 barres - 180g","p":2.44,"u":"13,56 €/KG","img":"https://fd16-photos.leclercdrive.fr/image.ashx?id=2813044&use=l&cat=p&typeid=i","cat":284498},{"id":213020,"n":"Chips Nature Lay's Sel maxi Format - 370g","p":3.23,"u":"8,73 €/KG","img":"https://fd16-photos.leclercdrive.fr/image.ashx?id=2999949&use=l&cat=p&typeid=i","cat":284447},{"id":213023,"n":"Pâtée et morceaux chiens Eco+ Boeuf - 1.2kg","p":1.67,"u":"1,39 €/KG","img":"https://fd16-photos.leclercdrive.fr/image.ashx?id=2815743&use=l&cat=p&typeid=i","cat":288578},{"id":213025,"n":"Boulettes à la volaille Eco+ 1.2kg","p":1.54,"u":"1,28 €/KG","img":"https://fd16-photos.leclercdrive.fr/image.ashx?id=2815737&use=l&cat=p&typeid=i","cat":288578},{"id":213176,"n":"Nouilles à la chinoise Marie Au Poulet - 900g","p":6.09,"u":"6,77 €/KG","img":"https://fd16-photos.leclercdrive.fr/image.ashx?id=2996773&use=l&cat=p&typeid=i","cat":284254},{"id":213181,"n":"Dentifrice Elmex Sensitive Nettoyage fraîcheur - 2x75ml","p":9.15,"u":"61,00 €/L","img":"https://fd16-photos.leclercdrive.fr/image.ashx?id=2692878&use=l&cat=p&typeid=i","cat":284612},{"id":213190,"n":"Milky fromage enfant à tartiner Les Croisés 12 portions - 216g","p":1.85,"u":"8,56 €/KG","img":"https://fd16-photos.leclercdrive.fr/image.ashx?id=2791914&use=l&cat=p&typeid=i","cat":314030},{"id":213200,"n":"Gaufrettes Quadro Cémoi Choco noisettes - 187g","p":2.1,"u":"11,23 €/KG","img":"https://fd16-photos.leclercdrive.fr/image.ashx?id=2654731&use=l&cat=p&typeid=i","cat":284488},{"id":213204,"n":"Ourson guimauve Cémoi Chocolat au lait - 170g","p":2.0,"u":"11,76 €/KG","img":"https://fd16-photos.leclercdrive.fr/image.ashx?id=2576462&use=l&cat=p&typeid=i","cat":304250},{"id":213366,"n":"Toast nature Harrys Tranches épaisses - 250g","p":1.75,"u":"7,00 €/KG","img":"https://fd16-photos.leclercdrive.fr/image.ashx?id=2581253&use=l&cat=p&typeid=i","cat":285454},{"id":213391,"n":"Draps housse Mots d'Enfants 60x120 Blanc/rose","p":9.95,"img":"https://fd16-photos.leclercdrive.fr/image.ashx?id=2579180&use=l&cat=p&typeid=i","cat":299760},{"id":213394,"n":"Gel-Crème Hydratant Mixa Hypoallergénique - 50ml","p":6.59,"u":"13,18 €/L","img":"https://fd16-photos.leclercdrive.fr/image.ashx?id=2585804&use=l&cat=p&typeid=i","cat":325345},{"id":213395,"n":"Sérum hyalurogel Mixa Peau sensible - 30ml","p":6.14,"u":"204,67 €/L","img":"https://fd16-photos.leclercdrive.fr/image.ashx?id=2585807&use=l&cat=p&typeid=i","cat":325345},{"id":213398,"n":"Bavoir Mots d'enfants Rose  - 6/18 mois","p":3.95,"img":"https://fd16-photos.leclercdrive.fr/image.ashx?id=2693386&use=l&cat=p&typeid=i","cat":289435},{"id":213399,"n":"Bavoir Mots d'enfants Gris - 6/18 mois","p":3.95,"img":"https://fd16-photos.leclercdrive.fr/image.ashx?id=2693389&use=l&cat=p&typeid=i","cat":289435},{"id":213443,"n":"Après-Shampoing Franck Provost Expert nutrition - 450ml","p":4.06,"u":"9,02 €/L","img":"https://fd16-photos.leclercdrive.fr/image.ashx?id=2581807&use=l&cat=p&typeid=i","cat":284607},{"id":213451,"n":"Haché moelleux Eco+ x2 - 200g","p":2.39,"u":"11,95 €/KG","img":"https://fd16-photos.leclercdrive.fr/image.ashx?id=2930609&use=l&cat=p&typeid=i","cat":284332},{"id":213455,"n":"Champignons Eco+ 1kg","p":1.45,"u":"1,45 €/KG","img":"https://fd16-photos.leclercdrive.fr/image.ashx?id=2593339&use=l&cat=p&typeid=i","cat":319805},{"id":213460,"n":"L'Extra Crémeux Coeur de Lion 180g","p":2.38,"u":"13,22 €/KG","img":"https://fd16-photos.leclercdrive.fr/image.ashx?id=2795710&use=l&cat=p&typeid=i","cat":314033},{"id":213464,"n":"Panés Spécial Burger Père Dodu  Chapelure Corn Flakes - x2 - 18","p":2.63,"u":"14,61 €/KG","img":"https://fd16-photos.leclercdrive.fr/image.ashx?id=2957221&use=l&cat=p&typeid=i","cat":333684},{"id":213570,"n":"Gel douche Le Petit Marseillais Bois de cade & fougère  - 250ml","p":1.99,"u":"7,96 €/MT","img":"https://fd16-photos.leclercdrive.fr/image.ashx?id=2684545&use=l&cat=p&typeid=i","cat":284619},{"id":213582,"n":"Crème Douche surgras Bio Cadum Karité - 450ml","p":2.79,"u":"6,20 €/L","img":"https://fd16-photos.leclercdrive.fr/image.ashx?id=2580801&use=l&cat=p&typeid=i","cat":284594},{"id":213600,"n":"Crème Douche Nourrissante Cadum Huile de Coco Bio - 450ml","p":2.68,"u":"5,96 €/L","img":"https://fd16-photos.leclercdrive.fr/image.ashx?id=2582276&use=l&cat=p&typeid=i","cat":284594},{"id":213602,"n":"Crème Douche Nourrissante Cadum Miel de Fleurs bio - 450ml","p":2.97,"u":"6,60 €/L","img":"https://fd16-photos.leclercdrive.fr/image.ashx?id=2582279&use=l&cat=p&typeid=i","cat":284594},{"id":213604,"n":"Crème Douche Hydratation Cadum Huile d'Amandes Douces - 450ml","p":2.48,"u":"5,51 €/L","img":"https://fd16-photos.leclercdrive.fr/image.ashx?id=2582282&use=l&cat=p&typeid=i","cat":284594},{"id":213605,"n":"Crème de douche Cadum Fleur de coton - 450ml","p":2.53,"u":"5,62 €/L","img":"https://fd16-photos.leclercdrive.fr/image.ashx?id=2582285&use=l&cat=p&typeid=i","cat":284594},{"id":213606,"n":"Gel Douche Sans Savon Bio Cadum Huile d'Amandes Douces - 450ml","p":2.48,"u":"5,51 €/L","img":"https://fd16-photos.leclercdrive.fr/image.ashx?id=2582288&use=l&cat=p&typeid=i","cat":284594},{"id":213687,"n":"Shampoing karité Franck Provost Cheveux Secs, très secs - 500ml","p":4.06,"u":"8,12 €/L","img":"https://fd16-photos.leclercdrive.fr/image.ashx?id=2581804&use=l&cat=p&typeid=i","cat":284606},{"id":213688,"n":"Shampoing Karité Franck Provost Cheveux Très Secs épais - 500ml","p":4.06,"u":"8,12 €/L","img":"https://fd16-photos.leclercdrive.fr/image.ashx?id=2582312&use=l&cat=p&typeid=i","cat":284606},{"id":213690,"n":"Shampoing Franck Provost Cheveux abîmés cassants - 500ml","p":4.06,"u":"8,12 €/L","img":"https://fd16-photos.leclercdrive.fr/image.ashx?id=2582315&use=l&cat=p&typeid=i","cat":284606},{"id":213691,"n":"Après-Shampooing Franck Provost Expert réparation - 450ml","p":4.06,"u":"9,02 €/L","img":"https://fd16-photos.leclercdrive.fr/image.ashx?id=2582318&use=l&cat=p&typeid=i","cat":284607},{"id":213692,"n":"Shampooing Franck Provost Cheveux colorés - 500ml","p":4.06,"u":"8,12 €/L","img":"https://fd16-photos.leclercdrive.fr/image.ashx?id=2582321&use=l&cat=p&typeid=i","cat":284606},{"id":213695,"n":"Recharge Gel douche Cadum Sans Sulfate - 500ml","p":2.88,"u":"5,76 €/L","img":"https://fd16-photos.leclercdrive.fr/image.ashx?id=2581810&use=l&cat=p&typeid=i","cat":284594},{"id":213703,"n":"Gel Corps et Cheveux Cadum Sans Sulfate - 400ml","p":2.55,"u":"6,38 €/L","img":"https://fd16-photos.leclercdrive.fr/image.ashx?id=2582270&use=l&cat=p&typeid=i","cat":284594},{"id":213724,"n":"Bouchée pour chien Eco+ Boeuf, pâtes, carottes - 1.2kg","p":1.93,"u":"1,61 €/KG","img":"https://fd16-photos.leclercdrive.fr/image.ashx?id=2815728&use=l&cat=p&typeid=i","cat":288578},{"id":213742,"n":"Fritelle L'originale emmental 80g","p":0.99,"u":"12,38 €/KG","img":"https://fd16-photos.leclercdrive.fr/image.ashx?id=2582144&use=l&cat=p&typeid=i","cat":284449},{"id":213749,"n":"Bière blonde Pélican 6x33cl","p":8.25,"u":"4,17 €/L","img":"https://fd16-photos.leclercdrive.fr/image.ashx?id=2946922&use=l&cat=p&typeid=i","cat":334872},{"id":213751,"n":"Bière blonde Pélican 50cl","p":2.05,"u":"4,10 €/L","img":"https://fd16-photos.leclercdrive.fr/image.ashx?id=2805876&use=l&cat=p&typeid=i","cat":334853},{"id":213793,"n":"Burger Bacon Marie Boeuf Charolais Emmental - 190g","p":3.65,"u":"19,21 €/KG","img":"https://fd16-photos.leclercdrive.fr/image.ashx?id=2858615&use=l&cat=p&typeid=i","cat":333671},{"id":213818,"n":"Croquettes chats Perfect Fit Stérilisés, dinde - 1.4kg","p":7.33,"u":"5,24 €/KG","img":"https://fd16-photos.leclercdrive.fr/image.ashx?id=2619166&use=l&cat=p&typeid=i","cat":284680},{"id":213821,"n":"Brosse à dents Signal Soins gencives Extra souple x4","p":3.06,"u":"0,77 €/P","img":"https://fd16-photos.leclercdrive.fr/image.ashx?id=2805690&use=l&cat=p&typeid=i","cat":284614},{"id":213830,"n":"Adoucissant Soupline concentré  3D Grand air - 1,35L","p":5.04,"u":"3,73 €/L","img":"https://fd16-photos.leclercdrive.fr/image.ashx?id=2924950&use=l&cat=p&typeid=i","cat":284650},{"id":213833,"n":"Colgate Chloro intense  75ml","p":1.23,"u":"16,40 €/L","img":"https://fd16-photos.leclercdrive.fr/image.ashx?id=2964231&use=l&cat=p&typeid=i","cat":284612},{"id":213834,"n":"Brosse à dents Colgate Extra-clean souple - x4","p":1.99,"u":"0,50 €/P","img":"https://fd16-photos.leclercdrive.fr/image.ashx?id=3011950&use=l&cat=p&typeid=i","cat":284614},{"id":213836,"n":"Dentifrice Colgate Ultra Brite  Haleine Fraîche - 75ml","p":1.35,"u":"18,00 €/L","img":"https://fd16-photos.leclercdrive.fr/image.ashx?id=2802845&use=l&cat=p&typeid=i","cat":284612},{"id":213857,"n":"Recharges WC Canard Fresh Disc  Fraîcheur Marine - 2x6 disques","p":5.33,"u":"2,67 €/P","img":"https://fd16-photos.leclercdrive.fr/image.ashx?id=2754824&use=l&cat=p&typeid=i","cat":284662},{"id":213910,"n":"Taboulé Oriental  Garbit - 525g","p":2.42,"u":"4,61 €/KG","img":"https://fd16-photos.leclercdrive.fr/image.ashx?id=2901899&use=l&cat=p&typeid=i","cat":284429},{"id":213930,"n":"Fromage enfant La Vache qui rit Original 24P à tartiner - 384g","p":3.85,"u":"10,03 €/KG","img":"https://fd16-photos.leclercdrive.fr/image.ashx?id=2945451&use=l&cat=p&typeid=i","cat":314030},{"id":213942,"n":"Bière aromatisée Mangue Licorne - 3x33cl","p":4.45,"u":"4,49 €/L","img":"https://fd16-photos.leclercdrive.fr/image.ashx?id=2585157&use=l&cat=p&typeid=i","cat":334878},{"id":213953,"n":"Recharges WC Canard fresh disc Citron - 2x6 disques","p":4.8,"u":"2,40 €/P","img":"https://fd16-photos.leclercdrive.fr/image.ashx?id=2754821&use=l&cat=p&typeid=i","cat":284662},{"id":213959,"n":"Nettoyant ménager Pliz Fée du logis - 250ml","p":2.37,"u":"9,48 €/L","img":"https://fd16-photos.leclercdrive.fr/image.ashx?id=2585540&use=l&cat=p&typeid=i","cat":325364},{"id":213963,"n":"Patée pour chiens Eco+ Boeuf - 150g","p":0.47,"u":"3,13 €/KG","img":"https://fd16-photos.leclercdrive.fr/image.ashx?id=2586360&use=l&cat=p&typeid=i","cat":284673},{"id":213965,"n":"Adoucissant Eco+ Fraîcheur - 1.5L - x60","p":1.64,"u":"1,09 €/L","img":"https://fd16-photos.leclercdrive.fr/image.ashx?id=2600833&use=l&cat=p&typeid=i","cat":284650},{"id":213975,"n":"Le Grand fuet XXL Justin Bridou 750g","p":19.99,"u":"26,65 €/KG","img":"https://fd16-photos.leclercdrive.fr/image.ashx?id=2586180&use=l&cat=p&typeid=i","cat":316006},{"id":214087,"n":"Soda Coca-Cola Original Bouteille - 1,75L","p":2.39,"u":"1,37 €/L","img":"https://fd16-photos.leclercdrive.fr/image.ashx?id=2971745&use=l&cat=p&typeid=i","cat":284530},{"id":214103,"n":"Toasts Aromates spécial saumon Tranches épaisses Harrys 250G","p":1.75,"u":"7,00 €/KG","img":"https://fd16-photos.leclercdrive.fr/image.ashx?id=2587578&use=l&cat=p&typeid=i","cat":285454},{"id":214105,"n":"Toast Brioché spécial foie gras Tranches épaisses Harrys 250G","p":1.75,"u":"7,00 €/KG","img":"https://fd16-photos.leclercdrive.fr/image.ashx?id=2587581&use=l&cat=p&typeid=i","cat":285454},{"id":214255,"n":"Margarine Proactiv Expert Doux 100% végétale - 225g","p":2.39,"pp":1.67,"u":"7,42 €/KG","img":"https://fd16-photos.leclercdrive.fr/image.ashx?id=2587873&use=l&cat=p&typeid=i","cat":315229},{"id":214290,"n":"Batonnets Tous mes amis x30","p":3.5,"u":"0,12 €/P","img":"https://fd16-photos.leclercdrive.fr/image.ashx?id=2600297&use=l&cat=p&typeid=i","cat":294527},{"id":214291,"n":"Os pressé Tous mes amis 14cm - x2","p":3.19,"img":"https://fd16-photos.leclercdrive.fr/image.ashx?id=2600300&use=l&cat=p&typeid=i","cat":294527},{"id":214292,"n":"Os pressé Tous mes amis 21cm - x1","p":3.95,"img":"https://fd16-photos.leclercdrive.fr/image.ashx?id=2600303&use=l&cat=p&typeid=i","cat":294527},{"id":214293,"n":"Os de jambon Tous mes amis Taille M - x1","p":2.1,"img":"https://fd16-photos.leclercdrive.fr/image.ashx?id=2600306&use=l&cat=p&typeid=i","cat":294527},{"id":214326,"n":"Déodorant spray Dovd Grenade anti-transpirant 200ml","p":2.99,"u":"14,95 €/L","img":"https://fd16-photos.leclercdrive.fr/image.ashx?id=2987035&use=l&cat=p&typeid=i","cat":284595},{"id":214327,"n":"Déodorant Spray Dove Anti- Transpirant Beauty Finish 100ml","p":3.48,"u":"34,80 €/L","img":"https://fd16-photos.leclercdrive.fr/image.ashx?id=2987038&use=l&cat=p&typeid=i","cat":284595},{"id":214332,"n":"Chili Cheese Nuggets Pickers By McCain - 230g","p":3.99,"u":"17,35 €/KG","img":"https://fd16-photos.leclercdrive.fr/image.ashx?id=2958678&use=l&cat=p&typeid=i","cat":319822},{"id":214389,"n":"Lame OneBlade Philips QP215/50 - First have - x1","p":11.59,"img":"https://fd16-photos.leclercdrive.fr/image.ashx?id=2589554&use=l&cat=p&typeid=i","cat":284616},{"id":214392,"n":"Gel douche Le Petit Marseillais Homme - Minéraux & bois - 250ml","p":1.71,"u":"6,84 €/L","img":"https://fd16-photos.leclercdrive.fr/image.ashx?id=2684548&use=l&cat=p&typeid=i","cat":284619},{"id":214403,"n":"Lessive liquide Bonux L'original 50 Lavages - 2.25L","p":9.84,"u":"4,37 €/L","img":"https://fd16-photos.leclercdrive.fr/image.ashx?id=2881993&use=l&cat=p&typeid=i","cat":284640},{"id":214412,"n":"Vin Blanc Mousseux Brut  Café de Paris - 75cl","p":4.49,"u":"5,99 €/L","img":"https://fd16-photos.leclercdrive.fr/image.ashx?id=2848692&use=l&cat=p&typeid=i","cat":284544},{"id":214413,"n":"Vin Blanc Mousseux Demi-sec Café de Paris - 75cl","p":4.49,"u":"5,99 €/L","img":"https://fd16-photos.leclercdrive.fr/image.ashx?id=2848695&use=l&cat=p&typeid=i","cat":284544},{"id":214419,"n":"Lames Gillette Mach3 - Classique - x6","p":17.95,"u":"2,99 €/P","img":"https://fd16-photos.leclercdrive.fr/image.ashx?id=2859908&use=l&cat=p&typeid=i","cat":284616},{"id":214498,"n":"Tablette de chocolat noir  L'original Côte d'Or 100g","p":1.08,"u":"10,80 €/KG","img":"https://fd16-photos.leclercdrive.fr/image.ashx?id=2961221&use=l&cat=p&typeid=i","cat":284956},{"id":214511,"n":"Saucisson Le Généreux Cochonou 365g","p":6.01,"u":"16,47 €/KG","img":"https://fd16-photos.leclercdrive.fr/image.ashx?id=2948938&use=l&cat=p&typeid=i","cat":316006},{"id":214648,"n":"Nouilles Banzai Noodle bœuf  cup - 67g","p":1.26,"u":"18,81 €/KG","img":"https://fd16-photos.leclercdrive.fr/image.ashx?id=2730001&use=l&cat=p&typeid=i","cat":288992},{"id":214723,"n":"Biscuit bébé Kiddylicious  Wafers fraise dès 6 mois 4x2p","p":1.47,"u":"91,88 €/KG","img":"https://fd16-photos.leclercdrive.fr/image.ashx?id=2929152&use=l&cat=p&typeid=i","cat":312394},{"id":214724,"n":"Biscuit bébé Kiddylicious Wafers Banane dès 6 mois (4x2p)","p":1.47,"u":"91,88 €/KG","img":"https://fd16-photos.leclercdrive.fr/image.ashx?id=2929149&use=l&cat=p&typeid=i","cat":312394},{"id":214725,"n":"Biscuits bébé Kiddylicious  Soft Biscotti Pomme 6x2p","p":2.45,"u":"20,42 €/KG","img":"https://fd16-photos.leclercdrive.fr/image.ashx?id=2929146&use=l&cat=p&typeid=i","cat":312394},{"id":214726,"n":"Biscuits bébé Kiddylicious  Saveur Fromage dès 9mois 4x12g","p":2.8,"u":"58,33 €/KG","img":"https://fd16-photos.leclercdrive.fr/image.ashx?id=2929143&use=l&cat=p&typeid=i","cat":312394},{"id":214728,"n":"Biscuits bébé Kiddylicious Saveur légumes dès 9 mois 4x12g","p":2.99,"u":"62,29 €/KG","img":"https://fd16-photos.leclercdrive.fr/image.ashx?id=2929140&use=l&cat=p&typeid=i","cat":312394},{"id":214756,"n":"Feuilleté de Mousse La Laitière Menthe - 4x57g","p":1.8,"u":"7,89 €/KG","img":"https://fd16-photos.leclercdrive.fr/image.ashx?id=3007960&use=l&cat=p&typeid=i","cat":284417},{"id":214762,"n":"Nouilles Banzai Noodle poulet  cup - 67g","p":1.26,"u":"18,81 €/KG","img":"https://fd16-photos.leclercdrive.fr/image.ashx?id=2730004&use=l&cat=p&typeid=i","cat":288992},{"id":214800,"n":"Croquettes petit chien   Pedigree au bœuf - 2kg","p":7.65,"u":"3,83 €/KG","img":"https://fd16-photos.leclercdrive.fr/image.ashx?id=2876995&use=l&cat=p&typeid=i","cat":294526},{"id":214809,"n":"Capsule Nescafé Dolce Gusto Neo  Lungo - x12","p":4.21,"pp":2.78,"u":"40,29 €/KG","img":"https://fd16-photos.leclercdrive.fr/image.ashx?id=2775041&use=l&cat=p&typeid=i","cat":293241},{"id":214810,"n":"Capsule Nescafé Dolce Gusto Neo  Grande - x12","p":4.32,"pp":2.85,"u":"33,93 €/KG","img":"https://fd16-photos.leclercdrive.fr/image.ashx?id=2947225&use=l&cat=p&typeid=i","cat":293241},{"id":214812,"n":"Capsule Nescafé Dolce Gusto Neo  Cappuccino - x6 - 122g","p":4.31,"pp":2.84,"u":"23,28 €/KG","img":"https://fd16-photos.leclercdrive.fr/image.ashx?id=2947228&use=l&cat=p&typeid=i","cat":293241},{"id":214876,"n":"Foie gras de canard entier  Secret d'Éleveurs - 180g","p":23.9,"u":"132,78 €/KG","img":"https://fd16-photos.leclercdrive.fr/image.ashx?id=2594929&use=l&cat=p&typeid=i","cat":316008},{"id":214996,"n":"Papier Toilette Renova Progress - x24","p":7.4,"u":"0,31 €/P","img":"https://fd16-photos.leclercdrive.fr/image.ashx?id=2597226&use=l&cat=p&typeid=i","cat":284634},{"id":215041,"n":"Lasagnes à la Bolognaise  Fleury Michon - 300g","p":3.9,"u":"13,00 €/KG","img":"https://fd16-photos.leclercdrive.fr/image.ashx?id=3003242&use=l&cat=p&typeid=i","cat":333665},{"id":215056,"n":"Recharge Lessive liquide  Rainett - Bicarbonate 1.6L","p":6.14,"u":"3,84 €/L","img":"https://fd16-photos.leclercdrive.fr/image.ashx?id=2940291&use=l&cat=p&typeid=i","cat":284640},{"id":215058,"n":"Moule à manqué Eco+ Métal - 26cm","p":2.93,"img":"https://fd16-photos.leclercdrive.fr/image.ashx?id=2872472&use=l&cat=p&typeid=i","cat":334135},{"id":215060,"n":"Moule à cake Eco+ Métal - 26cm","p":2.93,"img":"https://fd16-photos.leclercdrive.fr/image.ashx?id=2872475&use=l&cat=p&typeid=i","cat":334135},{"id":215061,"n":"Plaque à pizza 34cm","p":3.99,"img":"https://fd16-photos.leclercdrive.fr/image.ashx?id=2757979&use=l&cat=p&typeid=i","cat":334135},{"id":215089,"n":"Friandises chien Pedigree Rodeo bœuf fromage x7 - 123g","p":2.39,"u":"19,43 €/KG","img":"https://fd16-photos.leclercdrive.fr/image.ashx?id=2753277&use=l&cat=p&typeid=i","cat":294527},{"id":215091,"n":"Complément Alimentaire Juvamine Vitamine C 500 x30","p":3.79,"u":"59,22 €/KG","img":"https://fd16-photos.leclercdrive.fr/image.ashx?id=2749724&use=l&cat=p&typeid=i","cat":313217},{"id":215094,"n":"Complément Alimentaire Juvamine Top Forme Multivitamines x30","p":7.07,"u":"91,82 €/KG","img":"https://fd16-photos.leclercdrive.fr/image.ashx?id=2749730&use=l&cat=p&typeid=i","cat":313217},{"id":215098,"n":"Complément Alimentaire Juvamine Magnésium & Vitamines x30","p":4.09,"u":"0,14 €/P","img":"https://fd16-photos.leclercdrive.fr/image.ashx?id=2731495&use=l&cat=p&typeid=i","cat":313217},{"id":215100,"n":"Complément Alimentaire Juvamine Vitamine C Magnésium x30","p":3.92,"u":"57,65 €/KG","img":"https://fd16-photos.leclercdrive.fr/image.ashx?id=2731501&use=l&cat=p&typeid=i","cat":313217},{"id":215101,"n":"Complément Alimentaire Juvamine Vitamine C, D et Calcium - x30","p":2.86,"u":"37,14 €/KG","img":"https://fd16-photos.leclercdrive.fr/image.ashx?id=2749739&use=l&cat=p&typeid=i","cat":313217},{"id":215172,"n":"Gambas ASC Pêche Océan Décortiquées & cuites - 110g","p":3.65,"u":"33,18 €/KG","img":"https://fd16-photos.leclercdrive.fr/image.ashx?id=2953656&use=l&cat=p&typeid=i","cat":284343},{"id":215208,"n":"Dentifrice Oral-B Pro-Science Advanced Calm Original - 75ml","p":5.07,"u":"67,60 €/L","img":"https://fd16-photos.leclercdrive.fr/image.ashx?id=2737792&use=l&cat=p&typeid=i","cat":284612},{"id":215214,"n":"Brossettes Oral-B Pro Sensitive clean - x2","p":12.99,"u":"6,50 €/PRT","img":"https://fd16-photos.leclercdrive.fr/image.ashx?id=2909254&use=l&cat=p&typeid=i","cat":297133},{"id":215215,"n":"Rasoir électrique Wilkinson Intuition Bikini - x1","p":15.81,"u":"Dont 0,10 € d'éco-part.","img":"https://fd16-photos.leclercdrive.fr/image.ashx?id=2597531&use=l&cat=p&typeid=i","cat":325352},{"id":215235,"n":"Foin Tous Mes amis 1kg","p":1.96,"u":"1,96 €/KG","img":"https://fd16-photos.leclercdrive.fr/image.ashx?id=2652332&use=l&cat=p&typeid=i","cat":284677},{"id":215239,"n":"Menu complet Tous Mes Amis 800g","p":1.88,"u":"2,35 €/KG","img":"https://fd16-photos.leclercdrive.fr/image.ashx?id=2646812&use=l&cat=p&typeid=i","cat":284677},{"id":215240,"n":"Menu complet Tous Mes Amis Cochon d'Inde - 3kg","p":6.6,"u":"2,20 €/KG","img":"https://fd16-photos.leclercdrive.fr/image.ashx?id=2664731&use=l&cat=p&typeid=i","cat":284677},{"id":215278,"n":"Bonbons Copains Copines Bouée bi-goût acide - 250 g","p":1.59,"u":"6,36 €/KG","img":"https://fd16-photos.leclercdrive.fr/image.ashx?id=2934763&use=l&cat=p&typeid=i","cat":304250},{"id":215281,"n":"Bonbons Copains Copines Soda fruit acide - 200 g","p":1.19,"u":"5,95 €/KG","img":"https://fd16-photos.leclercdrive.fr/image.ashx?id=2934766&use=l&cat=p&typeid=i","cat":304250},{"id":215283,"n":"Bonbons DinoAcid' Copains Copines - 200g","p":1.19,"u":"5,95 €/KG","img":"https://fd16-photos.leclercdrive.fr/image.ashx?id=2597345&use=l&cat=p&typeid=i","cat":304250},{"id":215294,"n":"Gel nettoyant Nivea Fraîcheur - 150ml","p":4.5,"u":"30,00 €/L","img":"https://fd16-photos.leclercdrive.fr/image.ashx?id=2597513&use=l&cat=p&typeid=i","cat":284603},{"id":215311,"n":"P'tit biscuit Nestlé 180g","p":2.06,"u":"11,44 €/KG","img":"https://fd16-photos.leclercdrive.fr/image.ashx?id=2737225&use=l&cat=p&typeid=i","cat":312227},{"id":215314,"n":"Ampoule Osram Led Standard  10W=75W E27 x3","p":11.9,"u":"Dont 0,86 € d'éco-part.","img":"https://fd16-photos.leclercdrive.fr/image.ashx?id=2654002&use=l&cat=p&typeid=i","cat":300573},{"id":215319,"n":"Lotion tonique visage Nivea Lotus sacré - 200ml","p":4.1,"u":"20,50 €/L","img":"https://fd16-photos.leclercdrive.fr/image.ashx?id=2597813&use=l&cat=p&typeid=i","cat":284603},{"id":215379,"n":"Sérum Visage Anti-âge Nivea Anti-taches Luminous - 30ml","p":17.71,"u":"590,33 €/L","img":"https://fd16-photos.leclercdrive.fr/image.ashx?id=2985492&use=l&cat=p&typeid=i","cat":325345},{"id":215399,"n":"Noix de Saint-Jacques Nautilus Au naturel - 111g","p":5.95,"pp":4.16,"u":"37,48 €/KG","img":"https://fd16-photos.leclercdrive.fr/image.ashx?id=2598510&use=l&cat=p&typeid=i","cat":305147},{"id":215497,"n":"Chocolat liqueur  Abtey Poire williams - x10 - 200g","p":4.65,"u":"23,25 €/KG","img":"https://fd16-photos.leclercdrive.fr/image.ashx?id=2599583&use=l&cat=p&typeid=i","cat":327601},{"id":215564,"n":"Boules praliné lait Jacquot Eclat de noisettes 1 Kg","p":12.73,"u":"12,73 €/KG","img":"https://fd16-photos.leclercdrive.fr/image.ashx?id=2599607&use=l&cat=p&typeid=i","cat":327595},{"id":215574,"n":"Assortiment Jacquot  310g","p":3.95,"u":"12,74 €/KG","img":"https://fd16-photos.leclercdrive.fr/image.ashx?id=2599598&use=l&cat=p&typeid=i","cat":327592},{"id":215581,"n":"Bouchées chocolats mon chéri  x30 - 315g","p":8.76,"u":"27,81 €/KG","img":"https://fd16-photos.leclercdrive.fr/image.ashx?id=2952923&use=l&cat=p&typeid=i","cat":327601},{"id":215624,"n":"Sucette guimauve Xmas Fizzy  Père noël - 35g","p":1.55,"u":"44,29 €/KG","img":"https://fd16-photos.leclercdrive.fr/image.ashx?id=2996944&use=l&cat=p&typeid=i","cat":327592},{"id":215631,"n":"Fizzy mug Mr et Mme  100g","p":6.7,"u":"67,00 €/KG","img":"https://fd16-photos.leclercdrive.fr/image.ashx?id=2851009&use=l&cat=p&typeid=i","cat":327789},{"id":215633,"n":"Fizzy Lisa la licorne  100g","p":11.6,"u":"116,00 €/KG","img":"https://fd16-photos.leclercdrive.fr/image.ashx?id=2659349&use=l&cat=p&typeid=i","cat":327789},{"id":215735,"n":"Bouchées Chocolat Noël Nestlé L'Atelier Lait Caramel - 272g","p":10.01,"u":"36,80 €/KG","img":"https://fd16-photos.leclercdrive.fr/image.ashx?id=2940594&use=l&cat=p&typeid=i","cat":327595},{"id":215737,"n":"Smarties chocolat Mini Figurines - 147g","p":5.51,"u":"37,48 €/KG","img":"https://fd16-photos.leclercdrive.fr/image.ashx?id=3000450&use=l&cat=p&typeid=i","cat":327592},{"id":215738,"n":"KitKat Chocolat Noël Mini Figurines - 147g","p":4.15,"u":"28,23 €/KG","img":"https://fd16-photos.leclercdrive.fr/image.ashx?id=2763978&use=l&cat=p&typeid=i","cat":327592},{"id":215739,"n":"Galak Chocolat Noël Mini Figurines - 147g","p":5.51,"u":"37,48 €/KG","img":"https://fd16-photos.leclercdrive.fr/image.ashx?id=2897375&use=l&cat=p&typeid=i","cat":327592},{"id":215740,"n":"Crunch Chocolat Noël Mini Figurines - 144g","p":5.51,"u":"38,26 €/KG","img":"https://fd16-photos.leclercdrive.fr/image.ashx?id=2763987&use=l&cat=p&typeid=i","cat":327592},{"id":215899,"n":"Moules apéritives Pêche Océan - 350ml","p":2.69,"u":"7,69 €/L","img":"https://fd16-photos.leclercdrive.fr/image.ashx?id=2605008&use=l&cat=p&typeid=i","cat":285094},{"id":215900,"n":"Moules apéritives à la catalane Pêche Océan - 350ml","p":2.69,"u":"7,69 €/L","img":"https://fd16-photos.leclercdrive.fr/image.ashx?id=2605005&use=l&cat=p&typeid=i","cat":285094},{"id":215910,"n":"Bain de bouche Expert Dentamyl Blanche - 500ml","p":1.97,"u":"3,94 €/L","img":"https://fd16-photos.leclercdrive.fr/image.ashx?id=2600627&use=l&cat=p&typeid=i","cat":284613},{"id":215917,"n":"Liquide de Rinçage Finish  800ml","p":4.99,"u":"6,24 €/L","img":"https://fd16-photos.leclercdrive.fr/image.ashx?id=2864678&use=l&cat=p&typeid=i","cat":284657},{"id":215931,"n":"Gratte-éponge Spontex Secret d'Antan - x2","p":2.0,"u":"1,00 €/P","img":"https://fd16-photos.leclercdrive.fr/image.ashx?id=2601593&use=l&cat=p&typeid=i","cat":284667},{"id":216007,"n":"Petits pots bébé P'TIT SOUPER Quinotto carottes 8M+ - 2x200g","p":2.14,"u":"5,35 €/KG","img":"https://fd16-photos.leclercdrive.fr/image.ashx?id=2737762&use=l&cat=p&typeid=i","cat":312239},{"id":216096,"n":"Chips Tortilla Doritos Goût Nature Sel - 160g","p":1.91,"u":"11,94 €/KG","img":"https://fd16-photos.leclercdrive.fr/image.ashx?id=2880715&use=l&cat=p&typeid=i","cat":287899},{"id":216097,"n":"Chips Tortilla Doritos Goût paprika - 160g","p":2.12,"u":"13,25 €/KG","img":"https://fd16-photos.leclercdrive.fr/image.ashx?id=2890091&use=l&cat=p&typeid=i","cat":287899},{"id":216098,"n":"Chips Tortilla Doritos Goût sweet chili - 160g","p":1.93,"u":"12,06 €/KG","img":"https://fd16-photos.leclercdrive.fr/image.ashx?id=2990475&use=l&cat=p&typeid=i","cat":287899},{"id":216099,"n":"Chips Tortilla Doritos Goût sour cream - 160g","p":1.98,"u":"12,38 €/KG","img":"https://fd16-photos.leclercdrive.fr/image.ashx?id=2890088&use=l&cat=p&typeid=i","cat":287899},{"id":216105,"n":"Pané raclette Grand Fermage x4 - 100g","p":2.25,"u":"22,50 €/KG","img":"https://fd16-photos.leclercdrive.fr/image.ashx?id=2603402&use=l&cat=p&typeid=i","cat":314037},{"id":216112,"n":"Yaourt Fruits Panier de Yoplait Fraise Framboise - 4x125g","p":1.95,"u":"3,90 €/KG","img":"https://fd16-photos.leclercdrive.fr/image.ashx?id=2884471&use=l&cat=p&typeid=i","cat":284410},{"id":216113,"n":"Yaourt Fruits Panier de Yoplait Mûre Myrtille - 4x125g","p":1.87,"u":"3,74 €/KG","img":"https://fd16-photos.leclercdrive.fr/image.ashx?id=2884480&use=l&cat=p&typeid=i","cat":284410},{"id":216114,"n":"Yaourt Fruits Panier de Yoplait Abricot Nectarine - 4x125g","p":1.96,"u":"3,92 €/KG","img":"https://fd16-photos.leclercdrive.fr/image.ashx?id=2884474&use=l&cat=p&typeid=i","cat":284410},{"id":216126,"n":"Yaourt Panier de Yoplait Fruits Rouges 0%Mg - 8x125g","p":2.92,"u":"2,92 €/KG","img":"https://fd16-photos.leclercdrive.fr/image.ashx?id=2830399&use=l&cat=p&typeid=i","cat":284410},{"id":216128,"n":"Yaourt Fruits Panier de Yoplait Panaché 0%Mg - 16x125g","p":4.5,"u":"2,25 €/KG","img":"https://fd16-photos.leclercdrive.fr/image.ashx?id=2884495&use=l&cat=p&typeid=i","cat":284410},{"id":216238,"n":"Vinaigre ménager gel citron Mieuxa - 1L","p":3.75,"u":"3,75 €/L","img":"https://fd16-photos.leclercdrive.fr/image.ashx?id=2604656&use=l&cat=p&typeid=i","cat":300576},{"id":216259,"n":"Coulis de mangue Sainte-Lucie - 110g","p":2.65,"u":"24,09 €/KG","img":"https://fd16-photos.leclercdrive.fr/image.ashx?id=2604608&use=l&cat=p&typeid=i","cat":284504},{"id":216276,"n":"Canard Fresh disc eucalyptus 2 recharges","p":5.81,"u":"2,91 €/P","img":"https://fd16-photos.leclercdrive.fr/image.ashx?id=2754827&use=l&cat=p&typeid=i","cat":284662},{"id":216295,"n":"Raclette nature Eco+ 400g","p":3.37,"u":"8,43 €/KG","img":"https://fd16-photos.leclercdrive.fr/image.ashx?id=2611852&use=l&cat=p&typeid=i","cat":314037},{"id":216296,"n":"Morilles Borde 95g","p":9.44,"u":"99,37 €/KG","img":"https://fd16-photos.leclercdrive.fr/image.ashx?id=2604020&use=l&cat=p&typeid=i","cat":312610},{"id":216325,"n":"Gel douche Adidas Active Skin & Mind - Energy Kick - 250ml","p":2.69,"u":"10,76 €/L","img":"https://fd16-photos.leclercdrive.fr/image.ashx?id=2990784&use=l&cat=p&typeid=i","cat":284619},{"id":216457,"n":"Spray Prêt à l'emploi St Marc  Bicarbonate de soude - 500ml","p":2.75,"u":"5,50 €/L","img":"https://fd16-photos.leclercdrive.fr/image.ashx?id=2653864&use=l&cat=p&typeid=i","cat":325357},{"id":216462,"n":"Spray Prêt à l'emploi St Marc  Acide Citrique - 500ml","p":2.75,"u":"5,50 €/L","img":"https://fd16-photos.leclercdrive.fr/image.ashx?id=2653867&use=l&cat=p&typeid=i","cat":325357},{"id":216521,"n":"Yaourt à la grecque YAOS  Nature - 850g","p":3.0,"u":"3,53 €/KG","img":"https://fd16-photos.leclercdrive.fr/image.ashx?id=2729776&use=l&cat=p&typeid=i","cat":314999},{"id":216525,"n":"Nesquik Chocoballs 4x120g","p":2.49,"u":"5,19 €/KG","img":"https://fd16-photos.leclercdrive.fr/image.ashx?id=2606876&use=l&cat=p&typeid=i","cat":284414},{"id":216596,"n":"Pâte à tartiner Andros be nuts Cacahuète croquant - 325g","p":3.38,"u":"10,40 €/KG","img":"https://fd16-photos.leclercdrive.fr/image.ashx?id=2906484&use=l&cat=p&typeid=i","cat":284481},{"id":216597,"n":"Pâte à tartiner Andros be nuts Cacahuète crémeux - 325g","p":3.33,"u":"10,25 €/KG","img":"https://fd16-photos.leclercdrive.fr/image.ashx?id=2916201&use=l&cat=p&typeid=i","cat":284481},{"id":216629,"n":"Soda Twist Pik Haribo Sachet bonbons acidulés - 190g","p":1.77,"u":"9,32 €/KG","img":"https://fd16-photos.leclercdrive.fr/image.ashx?id=2984958&use=l&cat=p&typeid=i","cat":304250},{"id":216638,"n":"Nectar multifruits Pressade Bio  - 1L","p":2.58,"u":"2,58 €/L","img":"https://fd16-photos.leclercdrive.fr/image.ashx?id=2692380&use=l&cat=p&typeid=i","cat":284917},{"id":216639,"n":"Nectar orange Pressade Bio  - 1L","p":2.79,"u":"2,79 €/L","img":"https://fd16-photos.leclercdrive.fr/image.ashx?id=2732545&use=l&cat=p&typeid=i","cat":284521},{"id":216777,"n":"Nettoyant ménager citron vert Pliz - Multi surfaces - 250ml","p":2.2,"u":"0,88 €/L","img":"https://fd16-photos.leclercdrive.fr/image.ashx?id=2609956&use=l&cat=p&typeid=i","cat":325364},{"id":216808,"n":"Freixenet Carta Blanca Cava Blanc - 75 cl","p":5.8,"u":"7,73 €/L","img":"https://fd16-photos.leclercdrive.fr/image.ashx?id=2902840&use=l&cat=p&typeid=i","cat":284544},{"id":216999,"n":"Pétales céréales Grainea Nature - 750g","p":2.99,"u":"3,99 €/KG","img":"https://fd16-photos.leclercdrive.fr/image.ashx?id=2609438&use=l&cat=p&typeid=i","cat":309512},{"id":217003,"n":"Céréales coco pops Kellogg's Au chocolat - 550g","p":3.85,"u":"7,00 €/KG","img":"https://fd16-photos.leclercdrive.fr/image.ashx?id=2611080&use=l&cat=p&typeid=i","cat":309513},{"id":217427,"n":"Moulage chocolat Kinder Pingouin - 35g","p":1.75,"u":"50,00 €/KG","img":"https://fd16-photos.leclercdrive.fr/image.ashx?id=2619294&use=l&cat=p&typeid=i","cat":327592},{"id":217470,"n":"Parmentier de canard confit Fleury Michon - 300g","p":4.15,"u":"13,83 €/KG","img":"https://fd16-photos.leclercdrive.fr/image.ashx?id=3003257&use=l&cat=p&typeid=i","cat":333665},{"id":217571,"n":"Crevettes rouges d'Argentine  Costa - 270g","p":10.89,"u":"40,33 €/KG","img":"https://fd16-photos.leclercdrive.fr/image.ashx?id=2614260&use=l&cat=p&typeid=i","cat":319787},{"id":217607,"n":"Les Authentiques Bistro Émile x40 - 477g","p":9.69,"pp":6.4,"u":"13,42 €/KG","img":"https://fd16-photos.leclercdrive.fr/image.ashx?id=2614059&use=l&cat=p&typeid=i","cat":319774},{"id":217613,"n":"Café en grain Plantation Ethiopie - 500g","p":7.99,"u":"15,98 €/KG","img":"https://fd16-photos.leclercdrive.fr/image.ashx?id=2824310&use=l&cat=p&typeid=i","cat":293237},{"id":217917,"n":"IGP Nids d'Alsace 500g","p":2.69,"u":"5,38 €/KG","img":"https://fd16-photos.leclercdrive.fr/image.ashx?id=2856624&use=l&cat=p&typeid=i","cat":284427},{"id":217946,"n":"Détachant textile Texil Multi-usage - 500g","p":2.8,"u":"5,60 €/KG","img":"https://fd16-photos.leclercdrive.fr/image.ashx?id=2988132&use=l&cat=p&typeid=i","cat":284651},{"id":217982,"n":"Dentifrice Integral 8 Signal Complet Effet Prébiotique 75ml","p":1.71,"u":"22,80 €/L","img":"https://fd16-photos.leclercdrive.fr/image.ashx?id=2974665&use=l&cat=p&typeid=i","cat":284612},{"id":217989,"n":"Dentifrice Integral 8 Signal HaleineFraîche Prébiotique 75ml","p":2.41,"u":"32,13 €/L","img":"https://fd16-photos.leclercdrive.fr/image.ashx?id=2985660&use=l&cat=p&typeid=i","cat":284612},{"id":218000,"n":"Dentifrice Signal Système Blancheur 1 semaine - 75ml","p":1.77,"u":"23,60 €/L","img":"https://fd16-photos.leclercdrive.fr/image.ashx?id=2777516&use=l&cat=p&typeid=i","cat":284612},{"id":218003,"n":"Brosse à dents Signal Integral  8 - Noir - Souple - x1","p":2.52,"img":"https://fd16-photos.leclercdrive.fr/image.ashx?id=2748707&use=l&cat=p&typeid=i","cat":284614},{"id":218027,"n":"Assortiment Mini Barre Kit Kat Chocolat au lait - 240g","p":4.9,"u":"20,42 €/KG","img":"https://fd16-photos.leclercdrive.fr/image.ashx?id=2792873&use=l&cat=p&typeid=i","cat":284498},{"id":218033,"n":"Menu complet Hamster 800g","p":1.88,"u":"2,35 €/KG","img":"https://fd16-photos.leclercdrive.fr/image.ashx?id=2646809&use=l&cat=p&typeid=i","cat":284677},{"id":218059,"n":"Coquillettes d'Alsace IGP Nos Régions ont du talent -500g","p":2.49,"u":"4,98 €/KG","img":"https://fd16-photos.leclercdrive.fr/image.ashx?id=2856627&use=l&cat=p&typeid=i","cat":284427},{"id":218081,"n":"Pâte Linguine Bio - 500g","p":2.18,"u":"4,36 €/KG","img":"https://fd16-photos.leclercdrive.fr/image.ashx?id=2616619&use=l&cat=p&typeid=i","cat":284427},{"id":218154,"n":"Vodka Absolut  Watermelon - 38% vol. 70cl","p":18.8,"u":"26,86 €/L","img":"https://fd16-photos.leclercdrive.fr/image.ashx?id=2645687&use=l&cat=p&typeid=i","cat":284550},{"id":218189,"n":"Pizza croustimoelleuse extrême  Marie Tartiflette - 2+1 offerte","p":8.37,"u":"5,07 €/KG","img":"https://fd16-photos.leclercdrive.fr/image.ashx?id=2996665&use=l&cat=p&typeid=i","cat":284256},{"id":218254,"n":"Couches Pampers  Baby Dry x28 17kg+","p":17.5,"u":"0,63 €/P","img":"https://fd16-photos.leclercdrive.fr/image.ashx?id=2655538&use=l&cat=p&typeid=i","cat":284737},{"id":218316,"n":"Infusion La Tisanière  verveine menthe - 24g","p":2.65,"u":"110,42 €/KG","img":"https://fd16-photos.leclercdrive.fr/image.ashx?id=2881293&use=l&cat=p&typeid=i","cat":293234},{"id":218414,"n":"Foie gras Maison Montfort De canard - 160g","p":13.95,"u":"87,19 €/KG","img":"https://fd16-photos.leclercdrive.fr/image.ashx?id=2887626&use=l&cat=p&typeid=i","cat":305148},{"id":218415,"n":"Foie gras Maison Montfort Sauternes - 160g","p":13.98,"u":"87,38 €/KG","img":"https://fd16-photos.leclercdrive.fr/image.ashx?id=2887629&use=l&cat=p&typeid=i","cat":305148},{"id":218418,"n":"Foie gras Maison Montfort De canard sale & poivre  - 160g","p":13.95,"u":"87,19 €/KG","img":"https://fd16-photos.leclercdrive.fr/image.ashx?id=2887635&use=l&cat=p&typeid=i","cat":305148},{"id":218423,"n":"Burrata di Bufala Les Croisés - 125g","p":2.91,"u":"23,28 €/KG","img":"https://fd16-photos.leclercdrive.fr/image.ashx?id=3009529&use=l&cat=p&typeid=i","cat":314026},{"id":218424,"n":"Milky fromage enfant à tartiner Les Croisés 8 portions - 144g","p":1.76,"u":"12,22 €/KG","img":"https://fd16-photos.leclercdrive.fr/image.ashx?id=2791908&use=l&cat=p&typeid=i","cat":314030},{"id":218431,"n":"Coquilles fruits de mer Tipiak x4 - 360g","p":3.75,"u":"10,42 €/KG","img":"https://fd16-photos.leclercdrive.fr/image.ashx?id=2619056&use=l&cat=p&typeid=i","cat":319775},{"id":218505,"n":"Bouchées vapeur Tables du Monde 320g","p":4.99,"u":"15,59 €/KG","img":"https://fd16-photos.leclercdrive.fr/image.ashx?id=2618381&use=l&cat=p&typeid=i","cat":316003},{"id":218560,"n":"Tortillas Old El Paso de blé  nature familial x12 - 489g","p":3.35,"u":"0,28 €/P","img":"https://fd16-photos.leclercdrive.fr/image.ashx?id=2737669&use=l&cat=p&typeid=i","cat":288993},{"id":218582,"n":"Biscuits Tentation Delacre Chocolat Boîte - 150g","p":2.9,"u":"19,33 €/KG","img":"https://fd16-photos.leclercdrive.fr/image.ashx?id=2673142&use=l&cat=p&typeid=i","cat":284490},{"id":218599,"n":"Lait bébé 2A GUIGOZ OPTIPRO  6-12M - 2x600g","p":18.6,"u":"15,50 €/KG","img":"https://fd16-photos.leclercdrive.fr/image.ashx?id=2737756&use=l&cat=p&typeid=i","cat":284727},{"id":218606,"n":"Maxi œuf surprise Kinder Père Noel & oiseau 100g","p":5.67,"u":"56,70 €/KG","img":"https://fd16-photos.leclercdrive.fr/image.ashx?id=2621717&use=l&cat=p&typeid=i","cat":327592},{"id":218819,"n":"Croquettes chat sénior Perfect  Fit 7+ au poulet - 1,4kg","p":6.87,"u":"4,91 €/KG","img":"https://fd16-photos.leclercdrive.fr/image.ashx?id=2624332&use=l&cat=p&typeid=i","cat":284680},{"id":218861,"n":"Knacki Original Herta Sans nitrite x10 - 350g","p":3.45,"u":"9,86 €/KG","img":"https://fd16-photos.leclercdrive.fr/image.ashx?id=2684958&use=l&cat=p&typeid=i","cat":316012},{"id":218862,"n":"Knacki Original Herta x20 - 700g","p":3.67,"u":"5,24 €/KG","img":"https://fd16-photos.leclercdrive.fr/image.ashx?id=2688848&use=l&cat=p&typeid=i","cat":316012},{"id":218988,"n":"Bonbons Merry Canes Fizzy 154g","p":4.15,"u":"26,95 €/KG","img":"https://fd16-photos.leclercdrive.fr/image.ashx?id=2623777&use=l&cat=p&typeid=i","cat":327592},{"id":219067,"n":"Gaufres de Liège Lotus Chocolat Belge  - 207g","p":1.99,"u":"9,61 €/KG","img":"https://fd16-photos.leclercdrive.fr/image.ashx?id=2696082&use=l&cat=p&typeid=i","cat":294777},{"id":219125,"n":"Liquide vaisselle Uni Vert Ecologique - Rose - 500ml","p":1.25,"u":"2,50 €/L","img":"https://fd16-photos.leclercdrive.fr/image.ashx?id=2999520&use=l&cat=p&typeid=i","cat":284655},{"id":219160,"n":"Pépites Sainte Lucie Chocolat au lait - 125g","p":3.2,"u":"25,60 €/KG","img":"https://fd16-photos.leclercdrive.fr/image.ashx?id=2625427&use=l&cat=p&typeid=i","cat":284504},{"id":219257,"n":"Foie gras Maison Montfort Canard de gascogne - 180g","p":14.79,"u":"82,17 €/KG","img":"https://fd16-photos.leclercdrive.fr/image.ashx?id=2893393&use=l&cat=p&typeid=i","cat":305148},{"id":219283,"n":"Granola extra cookie Chocolat - 6x184g","p":10.5,"pp":7.35,"u":"6,66 €/KG","img":"https://fd16-photos.leclercdrive.fr/image.ashx?id=2629719&use=l&cat=p&typeid=i","cat":284488},{"id":219786,"n":"Pruneaux d'Agen IGP Nos Régions ont du Talent 375g","p":2.99,"u":"7,97 €/KG","img":"https://fd16-photos.leclercdrive.fr/image.ashx?id=2627398&use=l&cat=p&typeid=i","cat":284357},{"id":220132,"n":"Dosettes café Senseo Espresso Classique x32","p":5.15,"u":"23,41 €/KG","img":"https://fd16-photos.leclercdrive.fr/image.ashx?id=2788061&use=l&cat=p&typeid=i","cat":293238},{"id":220240,"n":"Sachet fraîcheur chiot Pedigree Mixte en gelée - 12x100g","p":6.43,"u":"5,36 €/KG","img":"https://fd16-photos.leclercdrive.fr/image.ashx?id=2876125&use=l&cat=p&typeid=i","cat":284673},{"id":220261,"n":"Sachet chien senior Cesar  Sélection en gelée - 12x100g","p":7.72,"u":"6,43 €/KG","img":"https://fd16-photos.leclercdrive.fr/image.ashx?id=2634415&use=l&cat=p&typeid=i","cat":284673},{"id":220265,"n":"Friandises chat Catisfactions  Creamy au saumon - 4x10g","p":1.96,"u":"49,00 €/KG","img":"https://fd16-photos.leclercdrive.fr/image.ashx?id=2912536&use=l&cat=p&typeid=i","cat":285285},{"id":220269,"n":"Friandises chat Catisfactions  Herbe à chat - 60g","p":1.03,"u":"17,17 €/KG","img":"https://fd16-photos.leclercdrive.fr/image.ashx?id=2914765&use=l&cat=p&typeid=i","cat":285285},{"id":220272,"n":"Sachet fraîcheur chat Whiskas  Carte mixte en gelée - 12x85g","p":5.05,"u":"4,95 €/KG","img":"https://fd16-photos.leclercdrive.fr/image.ashx?id=2902990&use=l&cat=p&typeid=i","cat":285286},{"id":220280,"n":"Raisin blanc sans pépins Panier du Primeur - 500g","p":3.99,"u":"7,98 €/KG","img":"https://fd16-photos.leclercdrive.fr/image.ashx?id=2858132&use=l&cat=p&typeid=i","cat":284356},{"id":220296,"n":"Boîte chat Whiskas  Gelée du marché - 4x390g","p":5.02,"u":"3,22 €/KG","img":"https://fd16-photos.leclercdrive.fr/image.ashx?id=2730490&use=l&cat=p&typeid=i","cat":285601},{"id":220298,"n":"Bonbons Tubes Acid'  Copains Copines - 180g","p":1.39,"u":"7,72 €/KG","img":"https://fd16-photos.leclercdrive.fr/image.ashx?id=2934775&use=l&cat=p&typeid=i","cat":304250},{"id":220350,"n":"Stevia en comprimés Edulcorel x100 - 7g","p":0.99,"u":"141,43 €/KG","img":"https://fd16-photos.leclercdrive.fr/image.ashx?id=2632915&use=l&cat=p&typeid=i","cat":324846},{"id":220353,"n":"Foie gras de canard entier  Larnaudie Selection - 160g","p":14.49,"u":"90,56 €/KG","img":"https://fd16-photos.leclercdrive.fr/image.ashx?id=2633929&use=l&cat=p&typeid=i","cat":305148},{"id":220510,"n":"Dentifrice Signal Intégral 8  Complet - 3x75ml","p":5.49,"u":"24,40 €/L","img":"https://fd16-photos.leclercdrive.fr/image.ashx?id=2639840&use=l&cat=p&typeid=i","cat":284612},{"id":220689,"n":"Dentifrice Integral 8 Signal Interdentaire Prébiotique 75ml","p":2.16,"u":"28,80 €/L","img":"https://fd16-photos.leclercdrive.fr/image.ashx?id=2940654&use=l&cat=p&typeid=i","cat":284612},{"id":220788,"n":"Recharge crème lavante mains Le Petit Marseillais Lait 250ml","p":0.82,"u":"3,28 €/L","img":"https://fd16-photos.leclercdrive.fr/image.ashx?id=2735242&use=l&cat=p&typeid=i","cat":284597},{"id":220791,"n":"Après-shampooing Garnier Cheveu coloré ou méché - 250ml","p":2.49,"u":"9,96 €/L","img":"https://fd16-photos.leclercdrive.fr/image.ashx?id=2828049&use=l&cat=p&typeid=i","cat":284607},{"id":220797,"n":"Rasoirs rechargeables Bic Hybrid Flex 3 - Hommes - x4","p":5.15,"u":"1,29 €/P","img":"https://fd16-photos.leclercdrive.fr/image.ashx?id=2636066&use=l&cat=p&typeid=i","cat":284616},{"id":220821,"n":"Crème lavante mains Le Petit Marseillais - Amande - 250ml","p":0.87,"u":"3,48 €/L","img":"https://fd16-photos.leclercdrive.fr/image.ashx?id=2684209&use=l&cat=p&typeid=i","cat":284597},{"id":220822,"n":"Gel lavant mains Le Petit Marseillais Antibactérien 300ml","p":1.88,"u":"6,27 €/L","img":"https://fd16-photos.leclercdrive.fr/image.ashx?id=2684557&use=l&cat=p&typeid=i","cat":284597},{"id":220824,"n":"Crème lavante mains Le Petit Marseillais - Lait - 300ml","p":1.82,"u":"6,07 €/L","img":"https://fd16-photos.leclercdrive.fr/image.ashx?id=2684224&use=l&cat=p&typeid=i","cat":284597},{"id":220946,"n":"Chocolat Peluche mix Kinder Pingouin - 133g","p":13.94,"u":"104,81 €/KG","img":"https://fd16-photos.leclercdrive.fr/image.ashx?id=2638072&use=l&cat=p&typeid=i","cat":327789},{"id":220999,"n":"Film Scel-O-Frais Fraîcheur - 20m","p":2.04,"img":"https://fd16-photos.leclercdrive.fr/image.ashx?id=2639615&use=l&cat=p&typeid=i","cat":285194},{"id":221174,"n":"Tablette de chocolat L'Atelier Blanc noisettes - 150g","p":3.77,"u":"25,13 €/KG","img":"https://fd16-photos.leclercdrive.fr/image.ashx?id=2807915&use=l&cat=p&typeid=i","cat":284957},{"id":221193,"n":"Gressins sésame  Eco+ 120g","p":1.04,"u":"8,32 €/KG","img":"https://fd16-photos.leclercdrive.fr/image.ashx?id=2640004&use=l&cat=p&typeid=i","cat":297000},{"id":221203,"n":"Jus multivitamines Andros 1,5L","p":4.02,"u":"2,68 €/L","img":"https://fd16-photos.leclercdrive.fr/image.ashx?id=2904269&use=l&cat=p&typeid=i","cat":284917},{"id":221205,"n":"Fromage fondu Burger Eco+ x10 - 200g","p":1.15,"u":"5,75 €/KG","img":"https://fd16-photos.leclercdrive.fr/image.ashx?id=2956960&use=l&cat=p&typeid=i","cat":314028},{"id":221208,"n":"Disques à démaquiller x120","p":0.39,"img":"https://fd16-photos.leclercdrive.fr/image.ashx?id=2640119&use=l&cat=p&typeid=i","cat":285593},{"id":221211,"n":"Milky goûter fromage enfants  Les Croisés 8 portions 280g","p":2.99,"u":"10,68 €/KG","img":"https://fd16-photos.leclercdrive.fr/image.ashx?id=2791902&use=l&cat=p&typeid=i","cat":314030},{"id":221217,"n":"Maxi croustis Cheesy Bonduelle Potiron lentille emmental -240g","p":3.32,"u":"13,83 €/KG","img":"https://fd16-photos.leclercdrive.fr/image.ashx?id=2979650&use=l&cat=p&typeid=i","cat":319822},{"id":221272,"n":"Triangolo Fromage enfants vache Les Croisés 32 portions - 533g","p":3.5,"u":"6,57 €/KG","img":"https://fd16-photos.leclercdrive.fr/image.ashx?id=2969866&use=l&cat=p&typeid=i","cat":314030},{"id":221279,"n":"Cerneaux de noix Eco+ 400g","p":4.59,"u":"11,48 €/KG","img":"https://fd16-photos.leclercdrive.fr/image.ashx?id=2768454&use=l&cat=p&typeid=i","cat":284357},{"id":221280,"n":"Nems au poulet Eco+ x4 - 300g","p":1.67,"u":"5,57 €/KG","img":"https://fd16-photos.leclercdrive.fr/image.ashx?id=2640206&use=l&cat=p&typeid=i","cat":316003},{"id":221493,"n":"Stevia en comprimés Eco+ x650 - 42,25g","p":1.52,"u":"36,19 €/KG","img":"https://fd16-photos.leclercdrive.fr/image.ashx?id=2641789&use=l&cat=p&typeid=i","cat":284502},{"id":221506,"n":"Crème lavante mains Fleur d'oranger Bio - 250ml","p":0.87,"u":"3,28 €/L","img":"https://fd16-photos.leclercdrive.fr/image.ashx?id=2684542&use=l&cat=p&typeid=i","cat":284597},{"id":221508,"n":"Gel lavant mains Le Petit Marseillais Huile d'olive 300ml","p":1.63,"u":"5,43 €/L","img":"https://fd16-photos.leclercdrive.fr/image.ashx?id=2684218&use=l&cat=p&typeid=i","cat":284597},{"id":222030,"n":"Yaourt à boire Actimel Original et Fraise - 8x100g","p":3.6,"u":"4,50 €/KG","img":"https://fd16-photos.leclercdrive.fr/image.ashx?id=2648121&use=l&cat=p&typeid=i","cat":284415},{"id":222033,"n":"Yaourt à boire Actimel Nature 0% - 8x100g","p":3.44,"u":"4,30 €/KG","img":"https://fd16-photos.leclercdrive.fr/image.ashx?id=2648127&use=l&cat=p&typeid=i","cat":284415},{"id":222035,"n":"Yaourt à boire Actimel Coco - 8x100g","p":3.38,"u":"4,23 €/KG","img":"https://fd16-photos.leclercdrive.fr/image.ashx?id=2648130&use=l&cat=p&typeid=i","cat":284415},{"id":222054,"n":"Citron non traité  1p","p":0.6,"img":"https://fd16-photos.leclercdrive.fr/image.ashx?id=1628602&use=l&cat=p&typeid=i","cat":284356},{"id":222056,"n":"Citron vert  1p","p":0.5,"img":"https://fd16-photos.leclercdrive.fr/image.ashx?id=1628331&use=l&cat=p&typeid=i","cat":284356},{"id":222059,"n":"Oranges à déguster  1p","p":0.75,"img":"https://fd16-photos.leclercdrive.fr/image.ashx?id=1629690&use=l&cat=p&typeid=i","cat":284356},{"id":222061,"n":"Pomelo rouge 1p","p":0.79,"img":"https://fd16-photos.leclercdrive.fr/image.ashx?id=1636326&use=l&cat=p&typeid=i","cat":284356},{"id":222064,"n":"Grenade 1p","p":1.5,"img":"https://fd16-photos.leclercdrive.fr/image.ashx?id=1633898&use=l&cat=p&typeid=i","cat":284356},{"id":222082,"n":"Shampoing nutrition Ultra Doux Argan et Camélia - 600ml","p":5.06,"u":"8,43 €/L","img":"https://fd16-photos.leclercdrive.fr/image.ashx?id=2648781&use=l&cat=p&typeid=i","cat":284606},{"id":222083,"n":"Shampoing illuminant Ultra Doux Camomille Miel - 600ml","p":5.03,"u":"8,38 €/L","img":"https://fd16-photos.leclercdrive.fr/image.ashx?id=2926602&use=l&cat=p&typeid=i","cat":284606},{"id":222084,"n":"Shampooing Ultra Doux Garnier Trésor de miel - 600ml","p":5.53,"u":"9,22 €/L","img":"https://fd16-photos.leclercdrive.fr/image.ashx?id=2648787&use=l&cat=p&typeid=i","cat":284606},{"id":222087,"n":"Shampoing Enfants Ultra Doux Abricot - 600ml","p":5.06,"u":"8,43 €/L","img":"https://fd16-photos.leclercdrive.fr/image.ashx?id=2851096&use=l&cat=p&typeid=i","cat":284606},{"id":222088,"n":"Poire Conférence 1p","p":0.9,"img":"https://fd16-photos.leclercdrive.fr/image.ashx?id=1636641&use=l&cat=p&typeid=i","cat":284356},{"id":222089,"n":"Shampoing nutrition Ultra Doux Avocat et Karité - 600ml","p":4.93,"u":"8,22 €/L","img":"https://fd16-photos.leclercdrive.fr/image.ashx?id=2944852&use=l&cat=p&typeid=i","cat":284606},{"id":222091,"n":"Pomme Golden  1p","p":0.65,"img":"https://fd16-photos.leclercdrive.fr/image.ashx?id=1630966&use=l&cat=p&typeid=i","cat":284356},{"id":222095,"n":"Shampooing Ultra Doux Charbon Magnétique - 600ml","p":5.78,"u":"9,63 €/L","img":"https://fd16-photos.leclercdrive.fr/image.ashx?id=2648796&use=l&cat=p&typeid=i","cat":284606},{"id":222096,"n":"Pomme Pink Lady  1p","p":0.85,"img":"https://fd16-photos.leclercdrive.fr/image.ashx?id=2121659&use=l&cat=p&typeid=i","cat":284356},{"id":222097,"n":"Pomme Granny Smith  1p","p":0.7,"img":"https://fd16-photos.leclercdrive.fr/image.ashx?id=1630969&use=l&cat=p&typeid=i","cat":284356},{"id":222109,"n":"Avocat  1p","p":1.29,"img":"https://fd16-photos.leclercdrive.fr/image.ashx?id=1633637&use=l&cat=p&typeid=i","cat":284352},{"id":222113,"n":"Fenouil  1p","p":0.99,"img":"https://fd16-photos.leclercdrive.fr/image.ashx?id=612612&use=l&cat=p&typeid=i","cat":284352},{"id":222117,"n":"Poireau  1p","p":0.84,"img":"https://fd16-photos.leclercdrive.fr/image.ashx?id=1632716&use=l&cat=p&typeid=i","cat":284352},{"id":222123,"n":"Aubergine 1p","p":1.7,"img":"https://fd16-photos.leclercdrive.fr/image.ashx?id=1631421&use=l&cat=p&typeid=i","cat":284352},{"id":222124,"n":"Courgette  1p","p":0.75,"img":"https://fd16-photos.leclercdrive.fr/image.ashx?id=1631964&use=l&cat=p&typeid=i","cat":284352},{"id":222128,"n":"Poivron doux rouge  1p","p":0.95,"img":"https://fd16-photos.leclercdrive.fr/image.ashx?id=1633094&use=l&cat=p&typeid=i","cat":284352},{"id":222131,"n":"Poivron doux vert  1p","p":0.95,"img":"https://fd16-photos.leclercdrive.fr/image.ashx?id=1633202&use=l&cat=p&typeid=i","cat":284352},{"id":222134,"n":"Tomate ronde à farcir  1p","p":0.99,"img":"https://fd16-photos.leclercdrive.fr/image.ashx?id=1631239&use=l&cat=p&typeid=i","cat":284352},{"id":222146,"n":"Ail blanc  1p","p":1.4,"img":"https://fd16-photos.leclercdrive.fr/image.ashx?id=1631469&use=l&cat=p&typeid=i","cat":284352},{"id":222148,"n":"Echalote longue  La pièce","p":0.5,"img":"https://fd16-photos.leclercdrive.fr/image.ashx?id=1631940&use=l&cat=p&typeid=i","cat":284352},{"id":222150,"n":"Oignon jaune  1p","p":0.95,"img":"https://fd16-photos.leclercdrive.fr/image.ashx?id=764178&use=l&cat=p&typeid=i","cat":284352},{"id":222265,"n":"Carotte  1p","p":0.17,"img":"https://fd16-photos.leclercdrive.fr/image.ashx?id=1631592&use=l&cat=p&typeid=i","cat":284352},{"id":222475,"n":"Thé noir Joyce Bio Earl grey fleuri - 30g","p":2.52,"u":"84,00 €/KG","img":"https://fd16-photos.leclercdrive.fr/image.ashx?id=2651627&use=l&cat=p&typeid=i","cat":293233},{"id":222489,"n":"Pina Colada 70cl","p":5.79,"u":"8,27 €/L","img":"https://fd16-photos.leclercdrive.fr/image.ashx?id=2650910&use=l&cat=p&typeid=i","cat":284551},{"id":222582,"n":"Shampoing Restaurateur Eslève Glycolic Gloss - 200ml","p":6.34,"u":"31,70 €/L","img":"https://fd16-photos.leclercdrive.fr/image.ashx?id=2657157&use=l&cat=p&typeid=i","cat":284606},{"id":222584,"n":"Pâte à tartiner Nutella 220g","p":2.42,"u":"11,00 €/KG","img":"https://fd16-photos.leclercdrive.fr/image.ashx?id=2755216&use=l&cat=p&typeid=i","cat":284481},{"id":222594,"n":"Pur jus de raisin Jafaden  90cl","p":2.21,"u":"2,46 €/L","img":"https://fd16-photos.leclercdrive.fr/image.ashx?id=2723183&use=l&cat=p&typeid=i","cat":285435},{"id":222638,"n":"Chocolat pâtissier Nestlé Corsé - 2x200g","p":5.95,"u":"14,88 €/KG","img":"https://fd16-photos.leclercdrive.fr/image.ashx?id=2905654&use=l&cat=p&typeid=i","cat":285562},{"id":222667,"n":"Tablette Chocolat Noir Crunch x2- 200g","p":2.89,"u":"14,45 €/KG","img":"https://fd16-photos.leclercdrive.fr/image.ashx?id=2899737&use=l&cat=p&typeid=i","cat":284956},{"id":222699,"n":"Bière la Bise Rouge  3°5 - 50cl","p":1.6,"u":"3,20 €/L","img":"https://fd16-photos.leclercdrive.fr/image.ashx?id=2680098&use=l&cat=p&typeid=i","cat":334853},{"id":222701,"n":"Bière la Bise Blanche 4°5 - 50cl","p":1.6,"u":"3,20 €/L","img":"https://fd16-photos.leclercdrive.fr/image.ashx?id=2680101&use=l&cat=p&typeid=i","cat":334853},{"id":222703,"n":"Dentifrice Signal Extra fraîcheur blancheur 75ml","p":2.1,"u":"28,00 €/L","img":"https://fd16-photos.leclercdrive.fr/image.ashx?id=2938328&use=l&cat=p&typeid=i","cat":284612},{"id":222704,"n":"Dentifrice Signal Extra fraîcheur intense - 75ml","p":1.99,"u":"26,53 €/L","img":"https://fd16-photos.leclercdrive.fr/image.ashx?id=2654212&use=l&cat=p&typeid=i","cat":284612},{"id":222742,"n":"Swiffer wetjet Kit Lavable Système anti-poussière - x1","p":30.48,"pp":18.29,"img":"https://fd16-photos.leclercdrive.fr/image.ashx?id=2927708&use=l&cat=p&typeid=i","cat":325364},{"id":222773,"n":"Sauce piquante chipotle Cholula 150ml","p":3.05,"u":"20,33 €/L","img":"https://fd16-photos.leclercdrive.fr/image.ashx?id=2654725&use=l&cat=p&typeid=i","cat":298298},{"id":222774,"n":"Sauce piquante original Cholula 150ml","p":3.05,"u":"20,33 €/L","img":"https://fd16-photos.leclercdrive.fr/image.ashx?id=2654728&use=l&cat=p&typeid=i","cat":288993},{"id":222779,"n":"Eau de javel La Croix Traditionnelle - 1.5L","p":1.5,"u":"1,00 €/L","img":"https://fd16-photos.leclercdrive.fr/image.ashx?id=2667556&use=l&cat=p&typeid=i","cat":284661},{"id":222839,"n":"Duo mâche et betterave Notre Jardin - 175g","p":1.32,"u":"7,54 €/KG","img":"https://fd16-photos.leclercdrive.fr/image.ashx?id=2693330&use=l&cat=p&typeid=i","cat":284353},{"id":222842,"n":"Acide citrique Clair 500g","p":2.99,"u":"5,98 €/KG","img":"https://fd16-photos.leclercdrive.fr/image.ashx?id=2822147&use=l&cat=p&typeid=i","cat":325365},{"id":222843,"n":"Liquide vaisselle Uni vert Ecolo amande - 500ml","p":1.15,"u":"2,30 €/L","img":"https://fd16-photos.leclercdrive.fr/image.ashx?id=2999523&use=l&cat=p&typeid=i","cat":284655},{"id":222844,"n":"Gel douche Le Petit Marseillais Fleur de tiaré - 650ml","p":3.28,"u":"5,05 €/L","img":"https://fd16-photos.leclercdrive.fr/image.ashx?id=2656060&use=l&cat=p&typeid=i","cat":284594},{"id":222854,"n":"Lingette lavable Swiffer Wetj Wetjet - Microfibre - x1","p":8.65,"pp":5.19,"img":"https://fd16-photos.leclercdrive.fr/image.ashx?id=2656240&use=l&cat=p&typeid=i","cat":325364},{"id":222912,"n":"Sauce soja sucrée Suzi Wan 250ml","p":3.03,"u":"12,12 €/L","img":"https://fd16-photos.leclercdrive.fr/image.ashx?id=2886217&use=l&cat=p&typeid=i","cat":288992},{"id":222942,"n":"Les Palmiers snack Tokapi Fromage gouda edam - 75g","p":1.87,"u":"24,93 €/KG","img":"https://fd16-photos.leclercdrive.fr/image.ashx?id=2656396&use=l&cat=p&typeid=i","cat":297000},{"id":222961,"n":"Soin regard So'Bio Etic Lift Grenade bio - 15ml","p":14.56,"u":"970,67 €/L","img":"https://fd16-photos.leclercdrive.fr/image.ashx?id=2787113&use=l&cat=p&typeid=i","cat":325345},{"id":222995,"n":"Nouilles Banzai Noodle Curry cup - 67g","p":1.26,"u":"18,81 €/KG","img":"https://fd16-photos.leclercdrive.fr/image.ashx?id=2730007&use=l&cat=p&typeid=i","cat":288992},{"id":223229,"n":"Dentifrice Parodontax Réparation active gencives 75ml","p":5.85,"u":"78,00 €/L","img":"https://fd16-photos.leclercdrive.fr/image.ashx?id=2917534&use=l&cat=p&typeid=i","cat":284612},{"id":223274,"n":"Gel nettoyant WC Antikal - 750ml","p":3.55,"u":"4,73 €/L","img":"https://fd16-photos.leclercdrive.fr/image.ashx?id=2728864&use=l&cat=p&typeid=i","cat":284662},{"id":223278,"n":"Bière Kasteel Rubus 75cl","p":5.86,"u":"7,81 €/L","img":"https://fd16-photos.leclercdrive.fr/image.ashx?id=2661454&use=l&cat=p&typeid=i","cat":334872},{"id":223280,"n":"Bière ambrée 3 Monts 6x33cl","p":7.35,"u":"3,71 €/L","img":"https://fd16-photos.leclercdrive.fr/image.ashx?id=2661688&use=l&cat=p&typeid=i","cat":334852},{"id":223295,"n":"Brioche La Fournée Dorée Tressée et tranchée - 500g","p":2.65,"u":"5,30 €/KG","img":"https://fd16-photos.leclercdrive.fr/image.ashx?id=2661079&use=l&cat=p&typeid=i","cat":284478},{"id":223357,"n":"Bière Lefort triple 33cl","p":2.24,"u":"6,79 €/L","img":"https://fd16-photos.leclercdrive.fr/image.ashx?id=2662514&use=l&cat=p&typeid=i","cat":334872},{"id":223365,"n":"Boisson aux fruits Jafun Multifruits - 4x20cl","p":1.44,"u":"1,80 €/L","img":"https://fd16-photos.leclercdrive.fr/image.ashx?id=2992570&use=l&cat=p&typeid=i","cat":295018},{"id":223394,"n":"Boisson aux fruits Jafun Tropical - 4x20cl","p":1.49,"u":"1,86 €/L","img":"https://fd16-photos.leclercdrive.fr/image.ashx?id=2992576&use=l&cat=p&typeid=i","cat":295018},{"id":223396,"n":"Boisson aux fruits Jafun Pomme cassis framboise 10x20cl","p":3.35,"u":"1,68 €/L","img":"https://fd16-photos.leclercdrive.fr/image.ashx?id=2992594&use=l&cat=p&typeid=i","cat":295018},{"id":223444,"n":"Shampoing 2en1 Fructis Force et brillance - 300ml","p":2.77,"u":"9,23 €/L","img":"https://fd16-photos.leclercdrive.fr/image.ashx?id=2669268&use=l&cat=p&typeid=i","cat":284606},{"id":223445,"n":"Shampoing fortifiant Fructis Force et Brillance - 300ml","p":2.77,"u":"9,23 €/L","img":"https://fd16-photos.leclercdrive.fr/image.ashx?id=2669271&use=l&cat=p&typeid=i","cat":284606},{"id":223446,"n":"Shampoing démêlant Fructis Antipelliculaire - 300ml","p":3.33,"u":"11,10 €/L","img":"https://fd16-photos.leclercdrive.fr/image.ashx?id=2669277&use=l&cat=p&typeid=i","cat":284606},{"id":223498,"n":"Ketchup Rustica 900g","p":1.79,"u":"1,99 €/KG","img":"https://fd16-photos.leclercdrive.fr/image.ashx?id=2954394&use=l&cat=p&typeid=i","cat":284455},{"id":223499,"n":"Ketchup Rustica 390g","p":1.09,"u":"2,79 €/KG","img":"https://fd16-photos.leclercdrive.fr/image.ashx?id=2954391&use=l&cat=p&typeid=i","cat":284455},{"id":223500,"n":"Mais croquant Notre Jardin 2x285g","p":1.7,"u":"2,98 €/KG","img":"https://fd16-photos.leclercdrive.fr/image.ashx?id=3005694&use=l&cat=p&typeid=i","cat":312611},{"id":223524,"n":"Cahier de textes Eco+ Renard - 100 pages - 17x22cm","p":0.97,"img":"https://fd16-photos.leclercdrive.fr/image.ashx?id=2664665&use=l&cat=p&typeid=i","cat":334133},{"id":223527,"n":"Anti-moustiques Marie Rose Zones tropicales - 100ml","p":6.69,"u":"66,90 €/L","img":"https://fd16-photos.leclercdrive.fr/image.ashx?id=2684455&use=l&cat=p&typeid=i","cat":299654},{"id":223578,"n":"Serviettes fuites urinaires Always Discreet - Long - x26","p":9.46,"u":"0,36 €/P","img":"https://fd16-photos.leclercdrive.fr/image.ashx?id=2685465&use=l&cat=p&typeid=i","cat":284628},{"id":223579,"n":"Serviettes fuites urinaires Always Discreet - Long+ - x8","p":4.27,"u":"0,53 €/P","img":"https://fd16-photos.leclercdrive.fr/image.ashx?id=3005386&use=l&cat=p&typeid=i","cat":284628},{"id":223583,"n":"Serviettes fuites urinaires Always Discreet - Normal - x12","p":3.93,"u":"0,33 €/P","img":"https://fd16-photos.leclercdrive.fr/image.ashx?id=2665517&use=l&cat=p&typeid=i","cat":284628},{"id":223587,"n":"Serviettes fuites urinaires Always Discreet - Long - x10","p":4.06,"u":"0,41 €/P","img":"https://fd16-photos.leclercdrive.fr/image.ashx?id=2685474&use=l&cat=p&typeid=i","cat":284628},{"id":223588,"n":"Serviettes fuites urinaires Always Discreet - Nuit - x16","p":9.29,"u":"0,58 €/P","img":"https://fd16-photos.leclercdrive.fr/image.ashx?id=2680479&use=l&cat=p&typeid=i","cat":284628},{"id":223603,"n":"Fil dentaire Dentamyl Cire menthe - 80m","p":2.72,"u":"0,03 €/MT","img":"https://fd16-photos.leclercdrive.fr/image.ashx?id=2672888&use=l&cat=p&typeid=i","cat":285159},{"id":223604,"n":"Shampoing fortifiant Fructis Antipelliculaire - 300ml","p":2.77,"u":"9,23 €/L","img":"https://fd16-photos.leclercdrive.fr/image.ashx?id=2667862&use=l&cat=p&typeid=i","cat":284606},{"id":223605,"n":"Crème Douche Hydratation Cadum Peaux Sèches - 500ml","p":2.46,"u":"4,92 €/L","img":"https://fd16-photos.leclercdrive.fr/image.ashx?id=2739318&use=l&cat=p&typeid=i","cat":284594},{"id":223606,"n":"Crème Douche Nourrissante Cadum Miel de Fleurs Bio - 750ml","p":4.9,"u":"6,53 €/L","img":"https://fd16-photos.leclercdrive.fr/image.ashx?id=2805465&use=l&cat=p&typeid=i","cat":284594},{"id":223608,"n":"Crème Douche Tolérance Cadum Sans Sulfate - 400ml","p":2.91,"u":"7,28 €/L","img":"https://fd16-photos.leclercdrive.fr/image.ashx?id=2696007&use=l&cat=p&typeid=i","cat":284594},{"id":223611,"n":"Désodorisant Febreze Petit coin Fleur naissante - 7.5ml","p":3.2,"u":"400,00 €/L","img":"https://fd16-photos.leclercdrive.fr/image.ashx?id=2955230&use=l&cat=p&typeid=i","cat":311628},{"id":223613,"n":"Désodorisant Febreze Petit coin Coton - 7.5ml","p":3.2,"u":"400,00 €/L","img":"https://fd16-photos.leclercdrive.fr/image.ashx?id=2955236&use=l&cat=p&typeid=i","cat":311628},{"id":223631,"n":"Huile précieuse Gliss Hair Repair - Schwarzkopf - 75ml","p":7.52,"u":"100,27 €/L","img":"https://fd16-photos.leclercdrive.fr/image.ashx?id=2665274&use=l&cat=p&typeid=i","cat":284608},{"id":223648,"n":"Rasoir Gillette Skinguard + 1 recharge - Aloe vera - x1","p":10.59,"img":"https://fd16-photos.leclercdrive.fr/image.ashx?id=2665499&use=l&cat=p&typeid=i","cat":284616},{"id":223654,"n":"Shampooing Head & shoulders 2en1 - Anti-démangeaisons 300ml","p":5.58,"u":"18,60 €/L","img":"https://fd16-photos.leclercdrive.fr/image.ashx?id=2828964&use=l&cat=p&typeid=i","cat":284606},{"id":223661,"n":"Pains au chocolat Croustipate  x6 - 275g","p":2.7,"u":"9,82 €/KG","img":"https://fd16-photos.leclercdrive.fr/image.ashx?id=2902055&use=l&cat=p&typeid=i","cat":333681},{"id":223688,"n":"tasse Barbie tasse Barbie 34g","p":5.65,"u":"166,18 €/KG","img":"https://fd16-photos.leclercdrive.fr/image.ashx?id=2677537&use=l&cat=p&typeid=i","cat":327789},{"id":223764,"n":"licorne ROHAN moulage décoré","p":5.03,"u":"21,40 €/KG","img":"https://fd16-photos.leclercdrive.fr/image.ashx?id=2666039&use=l&cat=p&typeid=i","cat":327592},{"id":223820,"n":"Moulage chocolat Kinder 35g","p":1.75,"u":"50,00 €/KG","img":"https://fd16-photos.leclercdrive.fr/image.ashx?id=2688785&use=l&cat=p&typeid=i","cat":327592},{"id":223834,"n":"Shampooing Head & shoulders Apple fresh - 330ml","p":5.94,"u":"18,00 €/L","img":"https://fd16-photos.leclercdrive.fr/image.ashx?id=2668767&use=l&cat=p&typeid=i","cat":284606},{"id":223839,"n":"Shampooing Head & shoulders 1in1 - Anti-démangeaisons 330ml","p":5.57,"u":"16,88 €/L","img":"https://fd16-photos.leclercdrive.fr/image.ashx?id=2681329&use=l&cat=p&typeid=i","cat":284606},{"id":223850,"n":"Déodorant Spray Femme Narta Anti-Trace Blanche 48h - 200ml","p":2.36,"u":"11,80 €/L","img":"https://fd16-photos.leclercdrive.fr/image.ashx?id=2678589&use=l&cat=p&typeid=i","cat":284595},{"id":223851,"n":"Déodorant Spray Homme 48h Narta Fraîcheur Classique - 200mL","p":2.38,"u":"11,90 €/L","img":"https://fd16-photos.leclercdrive.fr/image.ashx?id=2675511&use=l&cat=p&typeid=i","cat":284618},{"id":223852,"n":"Déodorant Spray Homme Sans Alcool - Anti-transpirant 200ml","p":2.39,"u":"11,95 €/L","img":"https://fd16-photos.leclercdrive.fr/image.ashx?id=2681880&use=l&cat=p&typeid=i","cat":284618},{"id":223853,"n":"Déodorant Spray Femme Narta Fraîcheur Cologne 48h - 200ml","p":2.36,"u":"11,80 €/L","img":"https://fd16-photos.leclercdrive.fr/image.ashx?id=2678592&use=l&cat=p&typeid=i","cat":284595},{"id":223855,"n":"Déodorant Spray Homme 48h Narta Anti-Traces Blanches - 200ml","p":2.38,"u":"11,90 €/L","img":"https://fd16-photos.leclercdrive.fr/image.ashx?id=2681883&use=l&cat=p&typeid=i","cat":284618},{"id":223857,"n":"Déodorant Spray Femme Narta 48h Sans Alcool - 200ML","p":2.36,"u":"11,80 €/L","img":"https://fd16-photos.leclercdrive.fr/image.ashx?id=2680242&use=l&cat=p&typeid=i","cat":284595},{"id":223858,"n":"Déodorant femme Narta Magnesium protect - 100ml","p":5.07,"u":"50,70 €/L","img":"https://fd16-photos.leclercdrive.fr/image.ashx?id=2680245&use=l&cat=p&typeid=i","cat":284595},{"id":223883,"n":"Gel cheveux Taft  Effet mouillé - 300ml","p":3.95,"u":"13,17 €/L","img":"https://fd16-photos.leclercdrive.fr/image.ashx?id=2666773&use=l&cat=p&typeid=i","cat":284609},{"id":223884,"n":"Brossettes Dentamyl Perfect angle - x2","p":6.99,"u":"3,50 €/P","img":"https://fd16-photos.leclercdrive.fr/image.ashx?id=2824298&use=l&cat=p&typeid=i","cat":297133},{"id":223893,"n":"Lingettes de nettoyage Swiffer Wet Jet - x12","p":7.19,"pp":4.31,"u":"0,36 €/P","img":"https://fd16-photos.leclercdrive.fr/image.ashx?id=2948525&use=l&cat=p&typeid=i","cat":325364},{"id":223913,"n":"Rasoir Gillette Venus Classic - +1 recharge","p":13.2,"img":"https://fd16-photos.leclercdrive.fr/image.ashx?id=2667187&use=l&cat=p&typeid=i","cat":325352},{"id":223919,"n":"Papier aluminium Albal 30m","p":5.71,"pp":3.77,"img":"https://fd16-photos.leclercdrive.fr/image.ashx?id=2667109&use=l&cat=p&typeid=i","cat":285194},{"id":223925,"n":"Riz Long grain Ben's original Vrac 10mn - 1kg","p":3.04,"u":"3,04 €/KG","img":"https://fd16-photos.leclercdrive.fr/image.ashx?id=2990961&use=l&cat=p&typeid=i","cat":284428},{"id":223946,"n":"Boudin blanc artisanal pomme Lartigue et fils - 250g","p":5.79,"pp":4.05,"u":"16,20 €/KG","img":"https://fd16-photos.leclercdrive.fr/image.ashx?id=2707053&use=l&cat=p&typeid=i","cat":316012},{"id":223965,"n":"Ampoule LED Foxter Standard - E27 60W  - Chaud x1","p":4.99,"u":"Dont 0,29 € d'éco-part.","img":"https://fd16-photos.leclercdrive.fr/image.ashx?id=2670491&use=l&cat=p&typeid=i","cat":300573},{"id":223966,"n":"Ampoule LED Foxter Standard - E27 60W - Froid - x1","p":4.99,"u":"Dont 0,29 € d'éco-part.","img":"https://fd16-photos.leclercdrive.fr/image.ashx?id=2670494&use=l&cat=p&typeid=i","cat":300573},{"id":223975,"n":"Ampoule LED Foxter Standard - B22 60W - Chaud - x1","p":4.99,"u":"Dont 0,29 € d'éco-part.","img":"https://fd16-photos.leclercdrive.fr/image.ashx?id=2670482&use=l&cat=p&typeid=i","cat":300573},{"id":223976,"n":"Ampoule LED Foxter Flamme - E14 40W - Chaud  x1","p":4.49,"u":"Dont 0,29 € d'éco-part.","img":"https://fd16-photos.leclercdrive.fr/image.ashx?id=2670485&use=l&cat=p&typeid=i","cat":300573},{"id":223977,"n":"Ampoule LED Foxter Flamme - E14 40W - Froid x1","p":4.49,"u":"Dont 0,29 € d'éco-part.","img":"https://fd16-photos.leclercdrive.fr/image.ashx?id=2670488&use=l&cat=p&typeid=i","cat":300573},{"id":223978,"n":"Ampoule LED Foxter Spot - GU10 35W - Chaud x1","p":2.99,"u":"Dont 0,29 € d'éco-part.","img":"https://fd16-photos.leclercdrive.fr/image.ashx?id=2670500&use=l&cat=p&typeid=i","cat":300573},{"id":223979,"n":"Ampoule LED Foxter Spot - GU10 35W - Froid x1","p":2.99,"u":"Dont 0,29 € d'éco-part.","img":"https://fd16-photos.leclercdrive.fr/image.ashx?id=2669753&use=l&cat=p&typeid=i","cat":300573},{"id":223980,"n":"Ampoules Eco+ Standard - E27 60W - Chaud x3","p":2.97,"u":"Dont 1,44 € d'éco-part.","img":"https://fd16-photos.leclercdrive.fr/image.ashx?id=2670479&use=l&cat=p&typeid=i","cat":300573},{"id":224064,"n":"Mini bâtonnets surimi MSC Fleury Michon - 230g","p":2.14,"u":"9,30 €/KG","img":"https://fd16-photos.leclercdrive.fr/image.ashx?id=2936914&use=l&cat=p&typeid=i","cat":285189},{"id":224082,"n":"Biscuits croquants Délichoc Chocolat au lait pocket - 250g","p":3.29,"u":"13,16 €/KG","img":"https://fd16-photos.leclercdrive.fr/image.ashx?id=2682192&use=l&cat=p&typeid=i","cat":284488},{"id":224092,"n":"Noix de joue de boeuf Férial Carotte oignon - 400g","p":5.69,"u":"14,23 €/KG","img":"https://fd16-photos.leclercdrive.fr/image.ashx?id=2670509&use=l&cat=p&typeid=i","cat":284328},{"id":224141,"n":"Bun's bolognaise McCain 460g","p":3.67,"u":"7,98 €/KG","img":"https://fd16-photos.leclercdrive.fr/image.ashx?id=2750675&use=l&cat=p&typeid=i","cat":319822},{"id":224146,"n":"Bun's Raclette McCain 460g","p":4.35,"u":"9,46 €/KG","img":"https://fd16-photos.leclercdrive.fr/image.ashx?id=2750678&use=l&cat=p&typeid=i","cat":319822},{"id":224255,"n":"Recharches lames Wilkinson Intuition complete - x3","p":10.75,"u":"3,58 €/P","img":"https://fd16-photos.leclercdrive.fr/image.ashx?id=2669337&use=l&cat=p&typeid=i","cat":325352},{"id":224256,"n":"Poudre chocolatée Nesquik 800g + 20% offerts - 960g","p":4.03,"u":"4,20 €/KG","img":"https://fd16-photos.leclercdrive.fr/image.ashx?id=2995448&use=l&cat=p&typeid=i","cat":293235},{"id":224257,"n":"Crêpes au chocolat Whaou x30 - 960g","p":7.95,"pp":5.25,"u":"5,47 €/KG","img":"https://fd16-photos.leclercdrive.fr/image.ashx?id=2956149&use=l&cat=p&typeid=i","cat":284494},{"id":224263,"n":"Monster Energy zéro sucres 50cl","p":1.61,"u":"3,22 €/L","img":"https://fd16-photos.leclercdrive.fr/image.ashx?id=2669358&use=l&cat=p&typeid=i","cat":284533},{"id":224353,"n":"Eosine Mercurochrome 2% Solution aquese - 100ml","p":3.61,"u":"36,10 €/L","img":"https://fd16-photos.leclercdrive.fr/image.ashx?id=2670710&use=l&cat=p&typeid=i","cat":284630},{"id":224360,"n":"Sérum Visage Homme Nivea Men Anti-taches Power 2en1 - 30ml","p":14.62,"pp":9.65,"u":"321,67 €/L","img":"https://fd16-photos.leclercdrive.fr/image.ashx?id=2944915&use=l&cat=p&typeid=i","cat":284622},{"id":224361,"n":"Lait Corps Anti-taches  Nivea Anti-vergeture Luminous - 200ml","p":10.58,"u":"52,90 €/L","img":"https://fd16-photos.leclercdrive.fr/image.ashx?id=2689049&use=l&cat=p&typeid=i","cat":325349},{"id":224363,"n":"Piles alcalines Eco+ LR03 - x4","p":0.7,"u":"0,18 €/P","img":"https://fd16-photos.leclercdrive.fr/image.ashx?id=2714829&use=l&cat=p&typeid=i","cat":300572},{"id":224434,"n":"Yaourt à la grecque Délisse Vanille - 4x150g","p":2.39,"u":"3,98 €/KG","img":"https://fd16-photos.leclercdrive.fr/image.ashx?id=2885143&use=l&cat=p&typeid=i","cat":314999},{"id":224670,"n":"Eau minérale naturelle Hépar 6x75cl","p":3.92,"u":"0,87 €/L","img":"https://fd16-photos.leclercdrive.fr/image.ashx?id=2673361&use=l&cat=p&typeid=i","cat":284535},{"id":224760,"n":"Infusion Elephant  detox fraicheur x20 - 36g","p":2.33,"u":"64,72 €/KG","img":"https://fd16-photos.leclercdrive.fr/image.ashx?id=2677639&use=l&cat=p&typeid=i","cat":293234},{"id":224810,"n":"Riz Tomate Ben's original  Express 2mn - 220g","p":1.31,"u":"5,95 €/KG","img":"https://fd16-photos.leclercdrive.fr/image.ashx?id=2995295&use=l&cat=p&typeid=i","cat":287600},{"id":224818,"n":"Riz Basmati Ben's original  Express 2mn - 220g","p":1.23,"u":"5,59 €/KG","img":"https://fd16-photos.leclercdrive.fr/image.ashx?id=2995292&use=l&cat=p&typeid=i","cat":287600},{"id":224822,"n":"Muesli energie Bjorg Bio - 375g","p":3.78,"u":"10,08 €/KG","img":"https://fd16-photos.leclercdrive.fr/image.ashx?id=2906259&use=l&cat=p&typeid=i","cat":309512},{"id":224830,"n":"Riz Complet Ben's original Vrac 12mn - 1kg","p":4.31,"u":"4,31 €/KG","img":"https://fd16-photos.leclercdrive.fr/image.ashx?id=2886307&use=l&cat=p&typeid=i","cat":284428},{"id":224839,"n":"Riz a la Creole Ben's original  Express 2mn - 220g","p":1.77,"u":"8,05 €/KG","img":"https://fd16-photos.leclercdrive.fr/image.ashx?id=2886265&use=l&cat=p&typeid=i","cat":287600},{"id":224841,"n":"Riz a l'Indienne Ben's original  Express 2mn - 220g","p":1.77,"u":"8,05 €/KG","img":"https://fd16-photos.leclercdrive.fr/image.ashx?id=2886268&use=l&cat=p&typeid=i","cat":287600},{"id":224853,"n":"Désinfectant multi-usages Sanytol - Eucalyptus - 730ml","p":4.29,"u":"5,88 €/L","img":"https://fd16-photos.leclercdrive.fr/image.ashx?id=2674578&use=l&cat=p&typeid=i","cat":325357},{"id":224873,"n":"Riz Paella Ben's original Express 2mn - 220g","p":1.59,"u":"7,23 €/KG","img":"https://fd16-photos.leclercdrive.fr/image.ashx?id=2995310&use=l&cat=p&typeid=i","cat":287600},{"id":224874,"n":"Riz Champignons Ben's original Express 2mn - 220g","p":1.35,"u":"6,14 €/KG","img":"https://fd16-photos.leclercdrive.fr/image.ashx?id=2995307&use=l&cat=p&typeid=i","cat":287600},{"id":224876,"n":"Riz Long grain Ben's original  Express 2mn - 220g","p":1.47,"u":"6,68 €/KG","img":"https://fd16-photos.leclercdrive.fr/image.ashx?id=2995298&use=l&cat=p&typeid=i","cat":287600},{"id":224879,"n":"Riz Curry Ben's original Express 2mn - 220g","p":1.51,"u":"6,86 €/KG","img":"https://fd16-photos.leclercdrive.fr/image.ashx?id=2906433&use=l&cat=p&typeid=i","cat":287600},{"id":224880,"n":"Riz aux Légumes Ben's original Express 2mn - 220g","p":1.55,"u":"7,05 €/KG","img":"https://fd16-photos.leclercdrive.fr/image.ashx?id=2906430&use=l&cat=p&typeid=i","cat":287600},{"id":224881,"n":"Risotto Poulet Ben's original  Express 3mn - 250g","p":2.35,"u":"9,40 €/KG","img":"https://fd16-photos.leclercdrive.fr/image.ashx?id=2886124&use=l&cat=p&typeid=i","cat":287600},{"id":224882,"n":"Riz Long grain Ben's original  Sachet cuisson 10mn - 1kg","p":3.23,"u":"3,23 €/KG","img":"https://fd16-photos.leclercdrive.fr/image.ashx?id=2957272&use=l&cat=p&typeid=i","cat":284428},{"id":224883,"n":"Riz Long Grain Ben's original Sachet cuisson 10mn - 750g","p":3.07,"u":"4,09 €/KG","img":"https://fd16-photos.leclercdrive.fr/image.ashx?id=2886313&use=l&cat=p&typeid=i","cat":284428},{"id":224888,"n":"Riz Long grain Ben's original Vrac 20mn - 1kg","p":3.54,"u":"3,54 €/KG","img":"https://fd16-photos.leclercdrive.fr/image.ashx?id=2886301&use=l&cat=p&typeid=i","cat":284428},{"id":224931,"n":"Boisson soja Bjorg Bio Proteines - 1L","p":2.57,"u":"2,57 €/L","img":"https://fd16-photos.leclercdrive.fr/image.ashx?id=2939469&use=l&cat=p&typeid=i","cat":316067},{"id":224932,"n":"Boisson végétale Bjorg Bio noisettes sans sucres - 1L","p":2.85,"u":"2,85 €/L","img":"https://fd16-photos.leclercdrive.fr/image.ashx?id=2939466&use=l&cat=p&typeid=i","cat":316067},{"id":224935,"n":"Barquette chat Sheba  Mixte en sauce - 12x85g","p":6.88,"img":"https://fd16-photos.leclercdrive.fr/image.ashx?id=2870248&use=l&cat=p&typeid=i","cat":285286},{"id":224937,"n":"Plat en morceaux Bledina 200g","p":2.51,"u":"12,55 €/KG","img":"https://fd16-photos.leclercdrive.fr/image.ashx?id=2866298&use=l&cat=p&typeid=i","cat":312239},{"id":224938,"n":"Liqueur au rhum Valois & Cie Mangue & abricot - 70cl","p":19.99,"u":"28,56 €/L","img":"https://fd16-photos.leclercdrive.fr/image.ashx?id=2954803&use=l&cat=p&typeid=i","cat":284550},{"id":225010,"n":"Sac poubelle coulissant Alfapac Ultra-résistant x10 - 50L","p":3.0,"img":"https://fd16-photos.leclercdrive.fr/image.ashx?id=2676693&use=l&cat=p&typeid=i","cat":285168},{"id":225019,"n":"Mayonnaise de Lille Crown's - 175g","p":0.97,"u":"5,54 €/KG","img":"https://fd16-photos.leclercdrive.fr/image.ashx?id=2763139&use=l&cat=p&typeid=i","cat":298295},{"id":225046,"n":"Huile à barbe homme King C. Gillette - 30ml","p":8.5,"pp":5.1,"u":"170,00 €/L","img":"https://fd16-photos.leclercdrive.fr/image.ashx?id=2746358&use=l&cat=p&typeid=i","cat":284622},{"id":225048,"n":"Soin hydratant King C. Gillette Visage et barbe courte - 100ml","p":8.5,"pp":5.1,"u":"51,00 €/L","img":"https://fd16-photos.leclercdrive.fr/image.ashx?id=2867803&use=l&cat=p&typeid=i","cat":284622},{"id":225198,"n":"Nettoyant spray Chanteclair Anticalcaire - 625ml","p":2.6,"u":"4,16 €/L","img":"https://fd16-photos.leclercdrive.fr/image.ashx?id=2677585&use=l&cat=p&typeid=i","cat":325362},{"id":225249,"n":"Olives Tramier Recettes du marché 150g","p":3.04,"u":"20,27 €/KG","img":"https://fd16-photos.leclercdrive.fr/image.ashx?id=2882620&use=l&cat=p&typeid=i","cat":284458},{"id":225252,"n":"Vinaigre de cidre Clovis 50cl","p":3.59,"u":"7,18 €/L","img":"https://fd16-photos.leclercdrive.fr/image.ashx?id=2677258&use=l&cat=p&typeid=i","cat":298543},{"id":225254,"n":"Complément alimentaires  Juvamine  articulations","p":5.55,"u":"346,88 €/KG","img":"https://fd16-photos.leclercdrive.fr/image.ashx?id=2960153&use=l&cat=p&typeid=i","cat":313217},{"id":225255,"n":"Complément alimentaire Juvamine Articulations","p":6.52,"u":"543,33 €/KG","img":"https://fd16-photos.leclercdrive.fr/image.ashx?id=2676663&use=l&cat=p&typeid=i","cat":313217},{"id":225275,"n":"Doomino Chocolat blanc St-Michel - 180g","p":1.99,"u":"11,06 €/KG","img":"https://fd16-photos.leclercdrive.fr/image.ashx?id=2950003&use=l&cat=p&typeid=i","cat":284495},{"id":225276,"n":"Galette moelleuse tigrée Choco blanc - St Michel - 180g","p":1.99,"u":"11,06 €/KG","img":"https://fd16-photos.leclercdrive.fr/image.ashx?id=2953501&use=l&cat=p&typeid=i","cat":284495},{"id":225309,"n":"Bière blonde Kronenbourg 4,2° - 30x25cl","p":15.51,"u":"2,07 €/L","img":"https://fd16-photos.leclercdrive.fr/image.ashx?id=2992759&use=l&cat=p&typeid=i","cat":334873},{"id":225345,"n":"Lames Gillette Mach3 x18","p":48.88,"u":"2,72 €/P","img":"https://fd16-photos.leclercdrive.fr/image.ashx?id=2694329&use=l&cat=p&typeid=i","cat":284616},{"id":225440,"n":"Duo de poissons Fleury Michon Riz cuisiné sauce citron - 280g","p":2.99,"u":"10,68 €/KG","img":"https://fd16-photos.leclercdrive.fr/image.ashx?id=3003266&use=l&cat=p&typeid=i","cat":333665},{"id":225441,"n":"Fusilli au poulet Fleury Michon Sauce champignons - 280g","p":2.99,"u":"10,68 €/KG","img":"https://fd16-photos.leclercdrive.fr/image.ashx?id=3003233&use=l&cat=p&typeid=i","cat":333665},{"id":225443,"n":"Risotto Fleury Michon Saint Jacques poireaux - 280g","p":3.99,"u":"14,25 €/KG","img":"https://fd16-photos.leclercdrive.fr/image.ashx?id=3003263&use=l&cat=p&typeid=i","cat":333665},{"id":225445,"n":"Les tranches Fleury Michon Pois chiches x4 - 120g","p":2.12,"u":"17,67 €/KG","img":"https://fd16-photos.leclercdrive.fr/image.ashx?id=2902007&use=l&cat=p&typeid=i","cat":316036},{"id":225446,"n":"Les tranches Fleury Michon Lentilles corail  x4 - 120g","p":2.14,"u":"17,83 €/KG","img":"https://fd16-photos.leclercdrive.fr/image.ashx?id=2900905&use=l&cat=p&typeid=i","cat":316036},{"id":225462,"n":"Déodorant Bille Femme Narta Anti-Transpirant 48h - 50ml","p":2.36,"u":"47,20 €/L","img":"https://fd16-photos.leclercdrive.fr/image.ashx?id=2681862&use=l&cat=p&typeid=i","cat":284595},{"id":225463,"n":"Déodorant Bille Homme 48h Narta Fraîcheur Polaire - 50ml","p":2.38,"u":"47,60 €/L","img":"https://fd16-photos.leclercdrive.fr/image.ashx?id=2681865&use=l&cat=p&typeid=i","cat":284618},{"id":225465,"n":"Déodorant Bille Femme Narta Anti-Traces 48h - 50ml","p":2.36,"u":"47,20 €/L","img":"https://fd16-photos.leclercdrive.fr/image.ashx?id=2681871&use=l&cat=p&typeid=i","cat":284595},{"id":225466,"n":"Déodorant Bille Femme Narta Anti-Traces Sans alcool - 50ml","p":2.36,"u":"47,20 €/L","img":"https://fd16-photos.leclercdrive.fr/image.ashx?id=2681874&use=l&cat=p&typeid=i","cat":284595},{"id":225468,"n":"Déodorant Bille Homme 48h Narta Anti-Traces Blanches - 50ml","p":2.36,"u":"47,20 €/L","img":"https://fd16-photos.leclercdrive.fr/image.ashx?id=2681886&use=l&cat=p&typeid=i","cat":284618},{"id":225472,"n":"Shampooing Head & Shoulders  Menthol fresh - 300ml","p":4.66,"u":"15,53 €/L","img":"https://fd16-photos.leclercdrive.fr/image.ashx?id=2843517&use=l&cat=p&typeid=i","cat":284606},{"id":225497,"n":"Nems haché végétal Hari&Co Et curry sauce aigre douce 140g","p":3.22,"u":"23,00 €/KG","img":"https://fd16-photos.leclercdrive.fr/image.ashx?id=2903611&use=l&cat=p&typeid=i","cat":316036},{"id":225498,"n":"Samossas lentilles corail coco Hari&Co sauce rougail - 140g","p":3.99,"u":"28,50 €/KG","img":"https://fd16-photos.leclercdrive.fr/image.ashx?id=2903614&use=l&cat=p&typeid=i","cat":316036},{"id":225608,"n":"Triangolo Fromage enfants vache Les Croisés 8 portions - 140g","p":1.19,"u":"8,50 €/KG","img":"https://fd16-photos.leclercdrive.fr/image.ashx?id=2791917&use=l&cat=p&typeid=i","cat":314030},{"id":225614,"n":"Désinfectant Sanytol Eucalyptus - Multi-usage 500ml","p":2.13,"u":"4,26 €/L","img":"https://fd16-photos.leclercdrive.fr/image.ashx?id=2894800&use=l&cat=p&typeid=i","cat":325357},{"id":225616,"n":"Chips NRT Piment d'espelette - 125g","p":1.99,"u":"15,92 €/KG","img":"https://fd16-photos.leclercdrive.fr/image.ashx?id=2681545&use=l&cat=p&typeid=i","cat":284447},{"id":225617,"n":"Désinfectant Sanytol Pamplemousse Multi-usage 500ml","p":2.83,"u":"5,66 €/L","img":"https://fd16-photos.leclercdrive.fr/image.ashx?id=2682144&use=l&cat=p&typeid=i","cat":325357},{"id":225619,"n":"Désinfectant nettoyant Sanytol Multi-surfaces - Eucalyptus 1L","p":2.04,"u":"2,04 €/L","img":"https://fd16-photos.leclercdrive.fr/image.ashx?id=2866319&use=l&cat=p&typeid=i","cat":284907},{"id":225623,"n":"Lingettes optiques - Nettoyant  lunettes x30","p":1.29,"u":"0,04 €/P","img":"https://fd16-photos.leclercdrive.fr/image.ashx?id=2681539&use=l&cat=p&typeid=i","cat":288862},{"id":225655,"n":"Huile d'olive Terra Delyssa Vierge extra - 75cl","p":8.61,"u":"11,48 €/L","img":"https://fd16-photos.leclercdrive.fr/image.ashx?id=2686153&use=l&cat=p&typeid=i","cat":284453},{"id":225700,"n":"Bière blonde Leffe Prestige 124 8,5% - 6x25cl","p":7.39,"u":"4,93 €/L","img":"https://fd16-photos.leclercdrive.fr/image.ashx?id=2695007&use=l&cat=p&typeid=i","cat":334852},{"id":225703,"n":"Aérosol répulsif Raid Moustiques - 300ml","p":3.07,"u":"10,23 €/L","img":"https://fd16-photos.leclercdrive.fr/image.ashx?id=2736385&use=l&cat=p&typeid=i","cat":298368},{"id":225706,"n":"Aérosol répulsif Raid Fourmis et cafards - 300ml","p":3.23,"u":"10,77 €/L","img":"https://fd16-photos.leclercdrive.fr/image.ashx?id=2736382&use=l&cat=p&typeid=i","cat":298368},{"id":225749,"n":"Masque Lissant Ultra Doux Eau de Riz - 340ml","p":5.0,"u":"14,71 €/L","img":"https://fd16-photos.leclercdrive.fr/image.ashx?id=2684233&use=l&cat=p&typeid=i","cat":284608},{"id":225751,"n":"Shampoing Lissant Ultra Doux Cheveux longs - 250ml","p":2.39,"u":"9,56 €/L","img":"https://fd16-photos.leclercdrive.fr/image.ashx?id=2684236&use=l&cat=p&typeid=i","cat":284606},{"id":225752,"n":"Après-shampooing Garnier Ultra Doux - Eau de riz - 200ml","p":2.81,"u":"14,05 €/L","img":"https://fd16-photos.leclercdrive.fr/image.ashx?id=2684239&use=l&cat=p&typeid=i","cat":284607},{"id":225768,"n":"Protèges-slips Eco+ A plat -  Normal - x50","p":0.87,"u":"0,02 €/P","img":"https://fd16-photos.leclercdrive.fr/image.ashx?id=2824745&use=l&cat=p&typeid=i","cat":284625},{"id":225769,"n":"Change culottes Mots d'enfants T7 - 17kg - x15","p":5.15,"u":"0,34 €/P","img":"https://fd16-photos.leclercdrive.fr/image.ashx?id=2907249&use=l&cat=p&typeid=i","cat":290633},{"id":225770,"n":"Filtres à café Plantation N°2 - x80","p":1.33,"u":"0,02 €/P","img":"https://fd16-photos.leclercdrive.fr/image.ashx?id=2756940&use=l&cat=p&typeid=i","cat":284751},{"id":225771,"n":"Disque à démaquiller Inell Lavables - x5","p":4.99,"u":"1,00 €/P","img":"https://fd16-photos.leclercdrive.fr/image.ashx?id=2683496&use=l&cat=p&typeid=i","cat":285593},{"id":225781,"n":"Rouleau de laine Silex Bois - x40","p":4.23,"u":"0,11 €/P","img":"https://fd16-photos.leclercdrive.fr/image.ashx?id=2683493&use=l&cat=p&typeid=i","cat":300578},{"id":225786,"n":"Lingettes Intima Regul'Active - x20","p":2.64,"u":"0,13 €/P","img":"https://fd16-photos.leclercdrive.fr/image.ashx?id=2689787&use=l&cat=p&typeid=i","cat":284627},{"id":225789,"n":"Bandes de cire Veet Maillot - x16","p":4.98,"u":"0,31 €/P","img":"https://fd16-photos.leclercdrive.fr/image.ashx?id=2865662&use=l&cat=p&typeid=i","cat":325351},{"id":225793,"n":"Liquide vaisselle Paic Acti Froid - Menthe - 500ml","p":2.59,"u":"5,18 €/L","img":"https://fd16-photos.leclercdrive.fr/image.ashx?id=2684335&use=l&cat=p&typeid=i","cat":284655},{"id":225891,"n":"Bière blonde 1664 5,5° - 18x25cl","p":11.4,"pp":8.55,"u":"1,90 €/L","img":"https://fd16-photos.leclercdrive.fr/image.ashx?id=2684931&use=l&cat=p&typeid=i","cat":334873},{"id":225931,"n":"Tuiles Monster Munch  Crazy barbecue - 150g","p":1.9,"u":"12,67 €/KG","img":"https://fd16-photos.leclercdrive.fr/image.ashx?id=2923993&use=l&cat=p&typeid=i","cat":287899},{"id":225945,"n":"Boisson Gazeuse Maison Perrier Magnetic Juice Citron 4x25cl","p":2.9,"u":"2,90 €/L","img":"https://fd16-photos.leclercdrive.fr/image.ashx?id=2924884&use=l&cat=p&typeid=i","cat":284536},{"id":226007,"n":"Haricots verts vapeur Bonduelle 3+1 offert - 4x440g","p":6.69,"u":"3,80 €/KG","img":"https://fd16-photos.leclercdrive.fr/image.ashx?id=2810738&use=l&cat=p&typeid=i","cat":312606},{"id":226108,"n":"Chocolat Nesquik 800g","p":4.69,"u":"5,86 €/KG","img":"https://fd16-photos.leclercdrive.fr/image.ashx?id=3005377&use=l&cat=p&typeid=i","cat":293235},{"id":226111,"n":"Muesli  Grainea Chocolat noir - 500g","p":2.27,"u":"4,54 €/KG","img":"https://fd16-photos.leclercdrive.fr/image.ashx?id=2931859&use=l&cat=p&typeid=i","cat":309512},{"id":226113,"n":"Brioches Pitch Pépites de chocolats -300g","p":2.15,"u":"7,17 €/KG","img":"https://fd16-photos.leclercdrive.fr/image.ashx?id=2687872&use=l&cat=p&typeid=i","cat":293505},{"id":226122,"n":"Biscuits Delacre Cigarettes Russes - 230g","p":1.92,"u":"8,35 €/KG","img":"https://fd16-photos.leclercdrive.fr/image.ashx?id=2688833&use=l&cat=p&typeid=i","cat":284490},{"id":226134,"n":"Gel wc canard Fresh disc 1p","p":3.17,"img":"https://fd16-photos.leclercdrive.fr/image.ashx?id=2690093&use=l&cat=p&typeid=i","cat":284662},{"id":226296,"n":"Biscuit Flammekueche Savour 100g","p":1.85,"u":"18,50 €/L","img":"https://fd16-photos.leclercdrive.fr/image.ashx?id=2781889&use=l&cat=p&typeid=i","cat":297000},{"id":226307,"n":"Biscuits Savour Chorizo - 100g","p":1.85,"u":"18,50 €/KG","img":"https://fd16-photos.leclercdrive.fr/image.ashx?id=2781883&use=l&cat=p&typeid=i","cat":297000},{"id":226323,"n":"Couscous Tipiak Familial - 630g","p":1.87,"u":"2,97 €/KG","img":"https://fd16-photos.leclercdrive.fr/image.ashx?id=2854624&use=l&cat=p&typeid=i","cat":284429},{"id":226348,"n":"Céréales P'tit Déli Caramel & Chocolat - 400g","p":2.12,"u":"5,30 €/KG","img":"https://fd16-photos.leclercdrive.fr/image.ashx?id=2691528&use=l&cat=p&typeid=i","cat":309513},{"id":226349,"n":"Boisson Gazeuse Maison Perrier Chic Citrus Fizz 4x25cl","p":2.98,"u":"2,98 €/L","img":"https://fd16-photos.leclercdrive.fr/image.ashx?id=2841595&use=l&cat=p&typeid=i","cat":284536},{"id":226350,"n":"Boisson Gazeuse Maison Perrier Chic Lemonjito 4x25cl","p":2.98,"u":"2,98 €/L","img":"https://fd16-photos.leclercdrive.fr/image.ashx?id=2692809&use=l&cat=p&typeid=i","cat":284536},{"id":226352,"n":"Boisson énergisante Maison Perrier mûre - 4x25cl","p":2.99,"u":"2,99 €/L","img":"https://fd16-photos.leclercdrive.fr/image.ashx?id=2692815&use=l&cat=p&typeid=i","cat":284533},{"id":226398,"n":"Céréales Eco+ Caramel cacao - 750g","p":2.97,"u":"3,96 €/KG","img":"https://fd16-photos.leclercdrive.fr/image.ashx?id=2691559&use=l&cat=p&typeid=i","cat":309513},{"id":226410,"n":"Choucroute Charles Christ Nature - 390g","p":1.46,"u":"3,74 €/KG","img":"https://fd16-photos.leclercdrive.fr/image.ashx?id=2693479&use=l&cat=p&typeid=i","cat":312611},{"id":226438,"n":"Soda Coca-Cola Original Canette - Pack 6x20CL","p":3.69,"u":"3,08 €/L","img":"https://fd16-photos.leclercdrive.fr/image.ashx?id=2766571&use=l&cat=p&typeid=i","cat":284530},{"id":226443,"n":"Miel Tradition 1912 200g","p":1.75,"u":"8,75 €/KG","img":"https://fd16-photos.leclercdrive.fr/image.ashx?id=2803763&use=l&cat=p&typeid=i","cat":287643},{"id":226478,"n":"Liqueurs Baileys  Expresso coffee - 70cl","p":14.04,"u":"20,06 €/L","img":"https://fd16-photos.leclercdrive.fr/image.ashx?id=2736448&use=l&cat=p&typeid=i","cat":286032},{"id":226480,"n":"Rhum VO Dillon 43%vol - 70L","p":22.82,"u":"32,60 €/L","img":"https://fd16-photos.leclercdrive.fr/image.ashx?id=2921277&use=l&cat=p&typeid=i","cat":284550},{"id":226481,"n":"Sucre de canne roux Canadou 70cl","p":3.34,"u":"4,77 €/L","img":"https://fd16-photos.leclercdrive.fr/image.ashx?id=2694446&use=l&cat=p&typeid=i","cat":284502},{"id":226482,"n":"Wafers Balconi Noisettes - 10x45g","p":2.65,"u":"5,89 €/KG","img":"https://fd16-photos.leclercdrive.fr/image.ashx?id=2695061&use=l&cat=p&typeid=i","cat":294777},{"id":226486,"n":"Whisky West Cork Bourbon cask 40% - 70cl","p":18.5,"pp":14.8,"u":"21,14 €/L","img":"https://fd16-photos.leclercdrive.fr/image.ashx?id=2845023&use=l&cat=p&typeid=i","cat":284547},{"id":226528,"n":"Olives vertes Tramier Dénoyautées - 160g","p":2.12,"u":"13,25 €/KG","img":"https://fd16-photos.leclercdrive.fr/image.ashx?id=2988309&use=l&cat=p&typeid=i","cat":284450},{"id":226530,"n":"Olives noires Tramier Dénoyautées - 25% 220g","p":3.64,"u":"16,55 €/KG","img":"https://fd16-photos.leclercdrive.fr/image.ashx?id=2840826&use=l&cat=p&typeid=i","cat":284450},{"id":226593,"n":"Croustis chèvres Soignon 100g","p":1.94,"u":"19,40 €/KG","img":"https://fd16-photos.leclercdrive.fr/image.ashx?id=2769729&use=l&cat=p&typeid=i","cat":314027},{"id":226611,"n":"Mini surimi Moelleux Cocktail Fleury Michon - 230g","p":2.75,"u":"11,96 €/KG","img":"https://fd16-photos.leclercdrive.fr/image.ashx?id=2936917&use=l&cat=p&typeid=i","cat":285189},{"id":226621,"n":"Bavoir Mots d'enfants Bleu - 6/18 mois","p":3.95,"img":"https://fd16-photos.leclercdrive.fr/image.ashx?id=2693377&use=l&cat=p&typeid=i","cat":289435},{"id":226636,"n":"Déodorant Homme Adidas Fresh Endurance - 150ml","p":3.1,"u":"20,67 €/L","img":"https://fd16-photos.leclercdrive.fr/image.ashx?id=2990772&use=l&cat=p&typeid=i","cat":284618},{"id":226661,"n":"Boisson Gazeuse Maison Perrier Forever Menthe 1L","p":1.05,"u":"1,05 €/L","img":"https://fd16-photos.leclercdrive.fr/image.ashx?id=2695112&use=l&cat=p&typeid=i","cat":284536},{"id":226664,"n":"Boisson Gazeuse Maison Perrier Forever Citron Vert 6x50cl","p":4.09,"u":"1,36 €/L","img":"https://fd16-photos.leclercdrive.fr/image.ashx?id=2695109&use=l&cat=p&typeid=i","cat":284536},{"id":226777,"n":"Thé noir vanille et caramel 20 sachets - 34g","p":2.64,"u":"77,65 €/KG","img":"https://fd16-photos.leclercdrive.fr/image.ashx?id=2736703&use=l&cat=p&typeid=i","cat":293233},{"id":226781,"n":"Thé noir pêche mangue Lipton 20 sachets - 34g","p":2.41,"u":"70,88 €/KG","img":"https://fd16-photos.leclercdrive.fr/image.ashx?id=2695362&use=l&cat=p&typeid=i","cat":293233},{"id":226796,"n":"Parfum de linge billes Lenor  Fleur de soie pivoine x19 doses","p":9.19,"u":"39,11 €/KG","img":"https://fd16-photos.leclercdrive.fr/image.ashx?id=2863015&use=l&cat=p&typeid=i","cat":325302},{"id":226806,"n":"Liquide de rinçage Sun Brillance - 500ml","p":3.4,"u":"6,80 €/L","img":"https://fd16-photos.leclercdrive.fr/image.ashx?id=2829099&use=l&cat=p&typeid=i","cat":284657},{"id":226813,"n":"Déodorant stick Sanex  Zéro% Sensitive - 65ml","p":3.33,"u":"51,23 €/L","img":"https://fd16-photos.leclercdrive.fr/image.ashx?id=2745415&use=l&cat=p&typeid=i","cat":284595},{"id":226818,"n":"Dentifrice Sensodyne Soin  complet Triple action - 75ml","p":3.88,"u":"51,73 €/L","img":"https://fd16-photos.leclercdrive.fr/image.ashx?id=2997778&use=l&cat=p&typeid=i","cat":284612},{"id":226819,"n":"Dentifrice Sensodyne Soin gencives Triple action - 75ml","p":4.3,"u":"57,33 €/L","img":"https://fd16-photos.leclercdrive.fr/image.ashx?id=3000384&use=l&cat=p&typeid=i","cat":284612},{"id":226825,"n":"Dentifrice Sensodyne Répare & protège Novamin - 75ml","p":4.55,"u":"60,67 €/L","img":"https://fd16-photos.leclercdrive.fr/image.ashx?id=2694947&use=l&cat=p&typeid=i","cat":284612},{"id":226830,"n":"Dentifrice Sensodyne Répare & protège Blancheur - 75ml","p":4.39,"u":"58,53 €/L","img":"https://fd16-photos.leclercdrive.fr/image.ashx?id=2872955&use=l&cat=p&typeid=i","cat":284612},{"id":226856,"n":"P'tit onctueux pêche Nestlé sans sucres ajoutés - 4x90g","p":2.17,"u":"6,03 €/KG","img":"https://fd16-photos.leclercdrive.fr/image.ashx?id=2695124&use=l&cat=p&typeid=i","cat":312392},{"id":226879,"n":"Pate tomate colin Naturnes Dès 6 mois - 2x90g","p":2.18,"u":"12,11 €/KG","img":"https://fd16-photos.leclercdrive.fr/image.ashx?id=2696139&use=l&cat=p&typeid=i","cat":312235},{"id":226882,"n":"Chocolat en poudre Nesquik 300g","p":2.87,"u":"9,57 €/KG","img":"https://fd16-photos.leclercdrive.fr/image.ashx?id=3005374&use=l&cat=p&typeid=i","cat":293235},{"id":226899,"n":"Mini bille chocolaté M&Ms 176g","p":2.48,"u":"14,09 €/KG","img":"https://fd16-photos.leclercdrive.fr/image.ashx?id=3009074&use=l&cat=p&typeid=i","cat":304238},{"id":226900,"n":"Bière blonde La Bête 8°  50cl canette","p":2.14,"u":"4,28 €/L","img":"https://fd16-photos.leclercdrive.fr/image.ashx?id=2695914&use=l&cat=p&typeid=i","cat":334853},{"id":226912,"n":"Boisson énergisante Maison Perrier pêche - 25cl","p":0.69,"u":"2,76 €/L","img":"https://fd16-photos.leclercdrive.fr/image.ashx?id=2696142&use=l&cat=p&typeid=i","cat":284533},{"id":226920,"n":"Bonbons Skittles  152g","p":1.37,"u":"9,01 €/KG","img":"https://fd16-photos.leclercdrive.fr/image.ashx?id=3008984&use=l&cat=p&typeid=i","cat":304250},{"id":226921,"n":"Boisson énergisante Maison Perrier citron - 25cl","p":0.69,"u":"2,76 €/L","img":"https://fd16-photos.leclercdrive.fr/image.ashx?id=2696145&use=l&cat=p&typeid=i","cat":284533},{"id":226970,"n":"Tablette lave-vaisselle Sun  Expert Plus x40 -700g","p":7.9,"u":"11,29 €/KG","img":"https://fd16-photos.leclercdrive.fr/image.ashx?id=2738734&use=l&cat=p&typeid=i","cat":284656},{"id":226971,"n":"Sun Tablettes Lave-Vaisselle Tout en 1 Expert Plus x40","p":7.9,"u":"11,29 €/KG","img":"https://fd16-photos.leclercdrive.fr/image.ashx?id=2942012&use=l&cat=p&typeid=i","cat":284656},{"id":226973,"n":"Sun Tablettes Lave-Vaisselle Tout en 1 Citron Ecolabel x46","p":7.9,"u":"10,41 €/KG","img":"https://fd16-photos.leclercdrive.fr/image.ashx?id=3000905&use=l&cat=p&typeid=i","cat":284656},{"id":226975,"n":"Crème de douche Corine de Farme Soin nourrissant - Monoï 500ml","p":3.22,"u":"6,44 €/L","img":"https://fd16-photos.leclercdrive.fr/image.ashx?id=2696613&use=l&cat=p&typeid=i","cat":284594},{"id":227063,"n":"Gaufrettes Wafers Balconi  Noisette - 3x300g","p":4.95,"u":"5,50 €/KG","img":"https://fd16-photos.leclercdrive.fr/image.ashx?id=2697321&use=l&cat=p&typeid=i","cat":284488},{"id":227154,"n":"Couches Carryboo de nos Régions Couches locales Taille 3 - x50","p":15.33,"u":"0,31 €/P","img":"https://fd16-photos.leclercdrive.fr/image.ashx?id=2833801&use=l&cat=p&typeid=i","cat":284737},{"id":227165,"n":"Serum Acide Hyaluronique Mixa 30mL","p":10.37,"u":"345,67 €/L","img":"https://fd16-photos.leclercdrive.fr/image.ashx?id=2698711&use=l&cat=p&typeid=i","cat":325345},{"id":227166,"n":"Sérum Anti-tâches Vitamine C Mixa 30 mL","p":10.26,"u":"342,00 €/L","img":"https://fd16-photos.leclercdrive.fr/image.ashx?id=2698714&use=l&cat=p&typeid=i","cat":325345},{"id":227167,"n":"Serum anti-imperfections Niacinamide Mixa 30mL","p":10.48,"u":"349,33 €/L","img":"https://fd16-photos.leclercdrive.fr/image.ashx?id=2698717&use=l&cat=p&typeid=i","cat":325345},{"id":227220,"n":"Eau pétillante aromatisée Diabolo grenadine - Lorina - 1L","p":2.34,"u":"2,34 €/L","img":"https://fd16-photos.leclercdrive.fr/image.ashx?id=2705593&use=l&cat=p&typeid=i","cat":284536},{"id":227307,"n":"Café capsules Dolce Gusto Starbucks White Moka - 123g","p":4.39,"u":"35,69 €/KG","img":"https://fd16-photos.leclercdrive.fr/image.ashx?id=3000459&use=l&cat=p&typeid=i","cat":284749},{"id":227309,"n":"Pelican blonde Pelican - 66cl","p":2.99,"u":"4,53 €/L","img":"https://fd16-photos.leclercdrive.fr/image.ashx?id=2766238&use=l&cat=p&typeid=i","cat":334872},{"id":227310,"n":"Pelican rouge bouteille Pelican - 66cl","p":3.49,"u":"5,29 €/L","img":"https://fd16-photos.leclercdrive.fr/image.ashx?id=2770407&use=l&cat=p&typeid=i","cat":334872},{"id":227318,"n":"P'tite Céréale Nestlé Vanille - 415g","p":2.62,"u":"6,31 €/KG","img":"https://fd16-photos.leclercdrive.fr/image.ashx?id=2700773&use=l&cat=p&typeid=i","cat":312225},{"id":227321,"n":"Herbes de provence Sainte Lucie 16g","p":2.2,"u":"137,50 €/KG","img":"https://fd16-photos.leclercdrive.fr/image.ashx?id=2700134&use=l&cat=p&typeid=i","cat":298297},{"id":227323,"n":"Céréales Crunch Nestlé 675g","p":4.45,"u":"6,59 €/KG","img":"https://fd16-photos.leclercdrive.fr/image.ashx?id=2949085&use=l&cat=p&typeid=i","cat":309513},{"id":227325,"n":"P'tite céréales Nestlé Saveur biscuit - 415g","p":3.62,"u":"8,72 €/KG","img":"https://fd16-photos.leclercdrive.fr/image.ashx?id=2700776&use=l&cat=p&typeid=i","cat":312225},{"id":227329,"n":"P'tite céréale Nestlé 415g","p":3.19,"u":"7,69 €/KG","img":"https://fd16-photos.leclercdrive.fr/image.ashx?id=2700770&use=l&cat=p&typeid=i","cat":312225},{"id":227351,"n":"Déodorant compressé 48h Ushuaïa Monoï de Polynésie - 100ml","p":3.28,"u":"32,80 €/L","img":"https://fd16-photos.leclercdrive.fr/image.ashx?id=2763580&use=l&cat=p&typeid=i","cat":284595},{"id":227352,"n":"Céréales Chocapic  645g","p":4.49,"u":"6,96 €/KG","img":"https://fd16-photos.leclercdrive.fr/image.ashx?id=2977732&use=l&cat=p&typeid=i","cat":309513},{"id":227372,"n":"Céréales Lion 675g","p":4.48,"u":"6,64 €/KG","img":"https://fd16-photos.leclercdrive.fr/image.ashx?id=2997256&use=l&cat=p&typeid=i","cat":309513},{"id":227374,"n":"Céréales Chocapic 375g","p":2.85,"u":"7,60 €/KG","img":"https://fd16-photos.leclercdrive.fr/image.ashx?id=2977408&use=l&cat=p&typeid=i","cat":309513},{"id":227375,"n":"Capsule Nescafé Farmers Origins  Brazil Int 8 - x10","p":2.89,"u":"65,68 €/KG","img":"https://fd16-photos.leclercdrive.fr/image.ashx?id=2952166&use=l&cat=p&typeid=i","cat":284749},{"id":227376,"n":"Croquette Friskies Vitafit  Boeuf - 3kg","p":7.25,"u":"2,42 €/KG","img":"https://fd16-photos.leclercdrive.fr/image.ashx?id=2986999&use=l&cat=p&typeid=i","cat":284672},{"id":227377,"n":"Croquette Friskies Vitafit Boeuf - 12kg","p":25.06,"img":"https://fd16-photos.leclercdrive.fr/image.ashx?id=2986984&use=l&cat=p&typeid=i","cat":284672},{"id":227378,"n":"Croquettes Friskies junior Poulet & legumes - 1.5kg","p":5.37,"u":"3,58 €/KG","img":"https://fd16-photos.leclercdrive.fr/image.ashx?id=2699612&use=l&cat=p&typeid=i","cat":284680},{"id":227391,"n":"Croquettes Friskies Saumon & legumes - 3 kg","p":10.22,"u":"3,41 €/KG","img":"https://fd16-photos.leclercdrive.fr/image.ashx?id=2940615&use=l&cat=p&typeid=i","cat":284680},{"id":227397,"n":"Croquettes Friskies  Dinde & legumes - 1.5kg","p":5.37,"u":"3,58 €/KG","img":"https://fd16-photos.leclercdrive.fr/image.ashx?id=2699621&use=l&cat=p&typeid=i","cat":284680},{"id":227400,"n":"Croquettes chat Friskies Saumon et legumes - 1.5 kg","p":5.39,"u":"3,59 €/KG","img":"https://fd16-photos.leclercdrive.fr/image.ashx?id=2940600&use=l&cat=p&typeid=i","cat":284680},{"id":227408,"n":"Riz basmati Taureau Ailé 220g","p":1.85,"u":"8,41 €/KG","img":"https://fd16-photos.leclercdrive.fr/image.ashx?id=2916330&use=l&cat=p&typeid=i","cat":287600},{"id":227418,"n":"Gel détartrant WC Net Détartrant total - 750ml","p":2.59,"u":"3,45 €/L","img":"https://fd16-photos.leclercdrive.fr/image.ashx?id=2702118&use=l&cat=p&typeid=i","cat":284662},{"id":227419,"n":"Gel Energy WC Net Javel - Action immédiate 750ml","p":2.4,"u":"3,20 €/L","img":"https://fd16-photos.leclercdrive.fr/image.ashx?id=2791659&use=l&cat=p&typeid=i","cat":284662},{"id":227421,"n":"Etuis mouchoirs Lotus Classic+ - x24","p":3.57,"img":"https://fd16-photos.leclercdrive.fr/image.ashx?id=2700686&use=l&cat=p&typeid=i","cat":284638},{"id":227422,"n":"Etuis mouchoirs Lotus Classic+ - x12","p":1.79,"img":"https://fd16-photos.leclercdrive.fr/image.ashx?id=2700689&use=l&cat=p&typeid=i","cat":284638},{"id":227427,"n":"Boîte mouchoirs Lotus Classic+ - Pur Blanc - x130","p":2.64,"u":"0,02 €/P","img":"https://fd16-photos.leclercdrive.fr/image.ashx?id=2700704&use=l&cat=p&typeid=i","cat":284638},{"id":227448,"n":"Céréales Crunch 375g","p":2.67,"u":"7,12 €/KG","img":"https://fd16-photos.leclercdrive.fr/image.ashx?id=2939760&use=l&cat=p&typeid=i","cat":309513},{"id":227512,"n":"Chips Savour  Sel de guerande - 120g","p":1.48,"u":"12,33 €/KG","img":"https://fd16-photos.leclercdrive.fr/image.ashx?id=2743828&use=l&cat=p&typeid=i","cat":284447},{"id":227515,"n":"Chips Savour Vinaigre de cidre - 120g","p":1.71,"u":"14,25 €/KG","img":"https://fd16-photos.leclercdrive.fr/image.ashx?id=2743822&use=l&cat=p&typeid=i","cat":284447},{"id":227516,"n":"Chips Savour Cheddar & Ciboulette - 120g","p":1.75,"u":"14,58 €/KG","img":"https://fd16-photos.leclercdrive.fr/image.ashx?id=2743819&use=l&cat=p&typeid=i","cat":284447},{"id":227520,"n":"Chips Lay's Sel & vinaigre - 130g","p":1.48,"u":"11,38 €/KG","img":"https://fd16-photos.leclercdrive.fr/image.ashx?id=3011161&use=l&cat=p&typeid=i","cat":284447},{"id":227528,"n":"Chips Lay's Poulet - 135g","p":1.25,"u":"9,26 €/KG","img":"https://fd16-photos.leclercdrive.fr/image.ashx?id=2995079&use=l&cat=p&typeid=i","cat":284447},{"id":227532,"n":"Chips Lay's Barbecue - 250g","p":2.04,"u":"8,16 €/KG","img":"https://fd16-photos.leclercdrive.fr/image.ashx?id=2994488&use=l&cat=p&typeid=i","cat":284447},{"id":227534,"n":"Chips Lay's Barbecue - 135g","p":1.18,"u":"8,74 €/KG","img":"https://fd16-photos.leclercdrive.fr/image.ashx?id=2994485&use=l&cat=p&typeid=i","cat":284447},{"id":227542,"n":"Croquettes pour chien Friskies Vitafit 12kg","p":25.69,"u":"2,14 €/KG","img":"https://fd16-photos.leclercdrive.fr/image.ashx?id=2986987&use=l&cat=p&typeid=i","cat":284672},{"id":227563,"n":"Serviettes Fuites urinaires  Always Discreet - Normal - x30","p":9.92,"u":"0,33 €/P","img":"https://fd16-photos.leclercdrive.fr/image.ashx?id=2700806&use=l&cat=p&typeid=i","cat":284628},{"id":227592,"n":"Jambon cru Serrano Aoste 6 tranches - 100g","p":3.94,"u":"39,40 €/KG","img":"https://fd16-photos.leclercdrive.fr/image.ashx?id=2937184&use=l&cat=p&typeid=i","cat":316007},{"id":227593,"n":"Jambon cru Speck Aoste 8 tranches - 100g","p":3.95,"u":"39,50 €/KG","img":"https://fd16-photos.leclercdrive.fr/image.ashx?id=2701262&use=l&cat=p&typeid=i","cat":316007},{"id":227600,"n":"Croquettes chat Friskies Boeuf, poulet et légumes - 3kg","p":10.22,"u":"3,41 €/KG","img":"https://fd16-photos.leclercdrive.fr/image.ashx?id=2940603&use=l&cat=p&typeid=i","cat":284680},{"id":227605,"n":"Croquettes petit chien Friskies Poulet & légumes - 1.5kg","p":5.05,"u":"3,37 €/KG","img":"https://fd16-photos.leclercdrive.fr/image.ashx?id=2986314&use=l&cat=p&typeid=i","cat":294526},{"id":227626,"n":"Barres chocolatées Mars  x7 - 315g","p":2.89,"u":"9,17 €/KG","img":"https://fd16-photos.leclercdrive.fr/image.ashx?id=2701043&use=l&cat=p&typeid=i","cat":284498},{"id":227629,"n":"Barres chocolatées Snickers x7 - 350g","p":3.29,"u":"9,40 €/KG","img":"https://fd16-photos.leclercdrive.fr/image.ashx?id=2701040&use=l&cat=p&typeid=i","cat":284498},{"id":227632,"n":"Liqueur au rhum HSE arrangé Ananas thé vert citron - 70cl","p":19.55,"u":"27,93 €/L","img":"https://fd16-photos.leclercdrive.fr/image.ashx?id=2954812&use=l&cat=p&typeid=i","cat":286032},{"id":227633,"n":"Barres chocolatées Twix  x10 -210g","p":2.25,"u":"10,71 €/KG","img":"https://fd16-photos.leclercdrive.fr/image.ashx?id=2980091&use=l&cat=p&typeid=i","cat":284498},{"id":227634,"n":"Liqueur au rhum HSE arrangé Orange citron - 70cl","p":19.99,"u":"28,56 €/L","img":"https://fd16-photos.leclercdrive.fr/image.ashx?id=2962278&use=l&cat=p&typeid=i","cat":286032},{"id":227638,"n":"Canard WC Fresh disc Garden - 1 appli + 6 disques","p":2.63,"img":"https://fd16-photos.leclercdrive.fr/image.ashx?id=2845581&use=l&cat=p&typeid=i","cat":284662},{"id":227645,"n":"Barres Bounty chocolat & noix de coco x5 - 285g","p":2.77,"u":"9,72 €/KG","img":"https://fd16-photos.leclercdrive.fr/image.ashx?id=2701022&use=l&cat=p&typeid=i","cat":284498},{"id":227656,"n":"Bière Rince cochon ambrée  Triple - 75cl","p":3.9,"u":"5,20 €/L","img":"https://fd16-photos.leclercdrive.fr/image.ashx?id=2701211&use=l&cat=p&typeid=i","cat":334872},{"id":227669,"n":"Boisson Gazeuse Maison Perrier Chic Roséllini 4x25cl","p":2.93,"u":"2,93 €/L","img":"https://fd16-photos.leclercdrive.fr/image.ashx?id=2701403&use=l&cat=p&typeid=i","cat":284536},{"id":227671,"n":"Bière aromatisée Desperados Tropical -  6X33cl","p":8.8,"u":"4,44 €/L","img":"https://fd16-photos.leclercdrive.fr/image.ashx?id=2701142&use=l&cat=p&typeid=i","cat":334878},{"id":227684,"n":"Barres chocolatées Twix x7 - 350g","p":3.45,"u":"9,86 €/KG","img":"https://fd16-photos.leclercdrive.fr/image.ashx?id=2701028&use=l&cat=p&typeid=i","cat":284498},{"id":227701,"n":"Chocolat Pâtissier Nestlé Dessert Blanc - 170g","p":3.03,"u":"17,82 €/KG","img":"https://fd16-photos.leclercdrive.fr/image.ashx?id=2895062&use=l&cat=p&typeid=i","cat":284957},{"id":227702,"n":"Fromage enfant La Vache qui rit Pik&Croq 8 portions - 280g","p":3.35,"u":"11,96 €/KG","img":"https://fd16-photos.leclercdrive.fr/image.ashx?id=2945436&use=l&cat=p&typeid=i","cat":314030},{"id":227729,"n":"Café au lait Soluble Nescafé 3en1 - x10 - 165g","p":2.04,"u":"12,36 €/KG","img":"https://fd16-photos.leclercdrive.fr/image.ashx?id=2854759&use=l&cat=p&typeid=i","cat":284843},{"id":227731,"n":"Céréales Nesquik  375g","p":2.69,"u":"7,17 €/KG","img":"https://fd16-photos.leclercdrive.fr/image.ashx?id=2977411&use=l&cat=p&typeid=i","cat":309513},{"id":227737,"n":"Capsule Nescafé Farmers Origins  Colombia Int 6 - x10","p":2.86,"u":"65,00 €/KG","img":"https://fd16-photos.leclercdrive.fr/image.ashx?id=2701968&use=l&cat=p&typeid=i","cat":284749},{"id":227738,"n":"Capsule Nescafé Farmers Origins  Africas Int 10 - x10","p":2.34,"u":"53,18 €/KG","img":"https://fd16-photos.leclercdrive.fr/image.ashx?id=2952172&use=l&cat=p&typeid=i","cat":284749},{"id":227739,"n":"Capsule Nescafé Farmers Origins  Colombia Décaféiné Int 6 - x10","p":2.78,"u":"52,45 €/KG","img":"https://fd16-photos.leclercdrive.fr/image.ashx?id=2701977&use=l&cat=p&typeid=i","cat":284749},{"id":227740,"n":"Capsule Nescafé Farmers Origins  Brazil Int 8 - x18","p":4.44,"u":"56,20 €/KG","img":"https://fd16-photos.leclercdrive.fr/image.ashx?id=3001521&use=l&cat=p&typeid=i","cat":284749},{"id":227754,"n":"Glenmorangie triple cask 40° - 70cl","p":28.07,"u":"40,10 €/L","img":"https://fd16-photos.leclercdrive.fr/image.ashx?id=2701911&use=l&cat=p&typeid=i","cat":284547},{"id":227769,"n":"Profiteroles Equador Caramel - 4x90g","p":2.69,"u":"7,47 €/KG","img":"https://fd16-photos.leclercdrive.fr/image.ashx?id=2701100&use=l&cat=p&typeid=i","cat":284419},{"id":227780,"n":"Liqueur GET Menthe & Citrons 17,9° - 70cl","p":12.99,"u":"18,56 €/L","img":"https://fd16-photos.leclercdrive.fr/image.ashx?id=2840629&use=l&cat=p&typeid=i","cat":286032},{"id":227789,"n":"Chips Lay's  Poulet - 250g","p":2.17,"u":"8,68 €/KG","img":"https://fd16-photos.leclercdrive.fr/image.ashx?id=2999952&use=l&cat=p&typeid=i","cat":284447},{"id":227818,"n":"Fromage enfant La Vache qui rit Pik&Croq 5 portions - 175g","p":2.36,"u":"13,49 €/KG","img":"https://fd16-photos.leclercdrive.fr/image.ashx?id=2945433&use=l&cat=p&typeid=i","cat":314030},{"id":227823,"n":"Chips Lay's Emmental - 135g","p":1.3,"u":"9,63 €/KG","img":"https://fd16-photos.leclercdrive.fr/image.ashx?id=3011155&use=l&cat=p&typeid=i","cat":284447},{"id":227831,"n":"Spray Nettoyant Menager Cif  Anti-calcaire Universel 750 ml","p":2.53,"u":"3,37 €/L","img":"https://fd16-photos.leclercdrive.fr/image.ashx?id=2890520&use=l&cat=p&typeid=i","cat":325362},{"id":227882,"n":"Concentré Sodastream Cola - 440ml","p":4.99,"pp":3.99,"u":"9,07 €/L","img":"https://fd16-photos.leclercdrive.fr/image.ashx?id=2703350&use=l&cat=p&typeid=i","cat":295020},{"id":227897,"n":"Glace Bâtonnet MAGNUM Amande 4x100ml","p":2.88,"u":"9,60 €/KG","img":"https://fd16-photos.leclercdrive.fr/image.ashx?id=2849364&use=l&cat=p&typeid=i","cat":284265},{"id":227898,"n":"Bâtonnet Magnum Classic x4 - 300g","p":3.2,"u":"10,67 €/KG","img":"https://fd16-photos.leclercdrive.fr/image.ashx?id=2966794&use=l&cat=p&typeid=i","cat":284265},{"id":227899,"n":"Effiloché goût BBQ 100% végétal Accro - 160g","p":3.34,"u":"20,88 €/KG","img":"https://fd16-photos.leclercdrive.fr/image.ashx?id=2757090&use=l&cat=p&typeid=i","cat":316036},{"id":227900,"n":"Glace Bâtonnet MAGNUM Chocolat Blanc 4x100ml","p":3.14,"u":"10,68 €/KG","img":"https://fd16-photos.leclercdrive.fr/image.ashx?id=3011944&use=l&cat=p&typeid=i","cat":284265},{"id":227918,"n":"Pois chiches Eco+ - 265g","p":0.67,"u":"2,53 €/KG","img":"https://fd16-photos.leclercdrive.fr/image.ashx?id=3003747&use=l&cat=p&typeid=i","cat":312609},{"id":227961,"n":"Concentré cola light Sodastream - 440ml","p":4.99,"pp":3.99,"u":"9,07 €/L","img":"https://fd16-photos.leclercdrive.fr/image.ashx?id=2703332&use=l&cat=p&typeid=i","cat":295020},{"id":227962,"n":"Concentré agrumes sans sucres Sodastream - 440ml","p":4.99,"pp":3.99,"u":"9,07 €/L","img":"https://fd16-photos.leclercdrive.fr/image.ashx?id=2871133&use=l&cat=p&typeid=i","cat":295020},{"id":227963,"n":"Tartines croustillantes Wasa Flocons d'avoine - 265g","p":3.0,"u":"11,32 €/KG","img":"https://fd16-photos.leclercdrive.fr/image.ashx?id=2749527&use=l&cat=p&typeid=i","cat":284479},{"id":227964,"n":"Tartines croustillantes Wasa Sensation graines de chia -245g","p":2.97,"u":"12,12 €/KG","img":"https://fd16-photos.leclercdrive.fr/image.ashx?id=2749524&use=l&cat=p&typeid=i","cat":284479},{"id":227973,"n":"Concentré saveur citron sans Sucres - Sodastream - 440ml","p":4.99,"pp":3.99,"u":"9,07 €/L","img":"https://fd16-photos.leclercdrive.fr/image.ashx?id=2765363&use=l&cat=p&typeid=i","cat":295020},{"id":227978,"n":"Concentré Sodastream Menthe sans sucres - 440ml","p":4.99,"pp":3.99,"u":"9,07 €/L","img":"https://fd16-photos.leclercdrive.fr/image.ashx?id=2765372&use=l&cat=p&typeid=i","cat":295020},{"id":228013,"n":"Saucisson Saint Agaûne 120g","p":2.99,"u":"24,92 €/KG","img":"https://fd16-photos.leclercdrive.fr/image.ashx?id=2960933&use=l&cat=p&typeid=i","cat":316006},{"id":228111,"n":"Bloc WC Canard Fresh disc - 72ml","p":5.93,"u":"82,36 €/L","img":"https://fd16-photos.leclercdrive.fr/image.ashx?id=2704342&use=l&cat=p&typeid=i","cat":284662},{"id":228125,"n":"Taboulé à l'orientale 500g","p":1.15,"u":"2,30 €/KG","img":"https://fd16-photos.leclercdrive.fr/image.ashx?id=2703670&use=l&cat=p&typeid=i","cat":333657},{"id":228126,"n":"Noix de cajou grillées 200g","p":3.87,"u":"19,35 €/KG","img":"https://fd16-photos.leclercdrive.fr/image.ashx?id=2713664&use=l&cat=p&typeid=i","cat":284357},{"id":228194,"n":"Thé glacé Oasis Ice Tea Saveur Mangue Passion - 1,5L","p":1.85,"u":"1,23 €/L","img":"https://fd16-photos.leclercdrive.fr/image.ashx?id=2705040&use=l&cat=p&typeid=i","cat":295019},{"id":228195,"n":"Sirop Frucci Citron - 1.3L","p":3.45,"u":"2,65 €/L","img":"https://fd16-photos.leclercdrive.fr/image.ashx?id=2898044&use=l&cat=p&typeid=i","cat":295020},{"id":228196,"n":"Sirop Frucci  Pêche - 1.3L","p":3.99,"u":"3,07 €/L","img":"https://fd16-photos.leclercdrive.fr/image.ashx?id=2898047&use=l&cat=p&typeid=i","cat":295020},{"id":228199,"n":"Sirop Frucci Menthe - 1.3L","p":3.02,"u":"2,32 €/L","img":"https://fd16-photos.leclercdrive.fr/image.ashx?id=2898038&use=l&cat=p&typeid=i","cat":295020},{"id":228261,"n":"Eau déminéralisée  Anti-tartre - 5L","p":1.36,"u":"0,27 €/L","img":"https://fd16-photos.leclercdrive.fr/image.ashx?id=2705242&use=l&cat=p&typeid=i","cat":284653},{"id":228300,"n":"Ampoule LED Foxter Standard E27 75W - x1","p":5.99,"u":"Dont 0,29 € d'éco-part.","img":"https://fd16-photos.leclercdrive.fr/image.ashx?id=2706171&use=l&cat=p&typeid=i","cat":300573},{"id":228301,"n":"Ampoule LED Foxter Standard B22 75w","p":5.99,"u":"Dont 0,29 € d'éco-part.","img":"https://fd16-photos.leclercdrive.fr/image.ashx?id=2706168&use=l&cat=p&typeid=i","cat":300573},{"id":228303,"n":"Ampoules led Eco+ Lot de 3 - Sphère E14 40w","p":4.5,"u":"Dont 0,86 € d'éco-part.","img":"https://fd16-photos.leclercdrive.fr/image.ashx?id=2706165&use=l&cat=p&typeid=i","cat":300573},{"id":228307,"n":"Ampoule led1 Capsule Foxter G9 40w","p":6.99,"u":"Dont 0,29 € d'éco-part.","img":"https://fd16-photos.leclercdrive.fr/image.ashx?id=2706180&use=l&cat=p&typeid=i","cat":300573},{"id":228396,"n":"Thé glacé Lipton Ice Tea Pêche - 6x33cl","p":3.11,"u":"1,57 €/L","img":"https://fd16-photos.leclercdrive.fr/image.ashx?id=2852471&use=l&cat=p&typeid=i","cat":295019},{"id":228403,"n":"Olives Atelier Blini A l'Andalouse - 150g","p":3.0,"u":"20,00 €/KG","img":"https://fd16-photos.leclercdrive.fr/image.ashx?id=2936899&use=l&cat=p&typeid=i","cat":316002},{"id":228460,"n":"Capsules lave-vaisselle Sun Tout-en-1 Absolu Plus 390g x26","p":7.9,"u":"20,26 €/KG","img":"https://fd16-photos.leclercdrive.fr/image.ashx?id=2960282&use=l&cat=p&typeid=i","cat":284656},{"id":228461,"n":"Spray Nettoyant Menager Cif  Cleanboost Technology - 750 ml","p":2.13,"u":"2,84 €/L","img":"https://fd16-photos.leclercdrive.fr/image.ashx?id=2866214&use=l&cat=p&typeid=i","cat":325357},{"id":228462,"n":"Spray Nettoyant 5-en-1 Cif Cuisine & Salle de Bain 750ml","p":2.17,"u":"2,89 €/L","img":"https://fd16-photos.leclercdrive.fr/image.ashx?id=2999336&use=l&cat=p&typeid=i","cat":325357},{"id":228463,"n":"Liquide vaisselle mini Paic Citron - 500ml","p":1.85,"u":"3,70 €/L","img":"https://fd16-photos.leclercdrive.fr/image.ashx?id=2708020&use=l&cat=p&typeid=i","cat":284655},{"id":228464,"n":"Recharge Adoucissant Soupline Grand Air - 1L - x45","p":3.48,"u":"3,48 €/L","img":"https://fd16-photos.leclercdrive.fr/image.ashx?id=2860598&use=l&cat=p&typeid=i","cat":284650},{"id":228465,"n":"Nettoyant ménager Ajax Fête des fleurs muguets 1.25L","p":2.84,"u":"2,27 €/L","img":"https://fd16-photos.leclercdrive.fr/image.ashx?id=2926072&use=l&cat=p&typeid=i","cat":284907},{"id":228467,"n":"Spray nettoyant ménager Ajax Salle de bain - 500ml","p":2.68,"u":"5,36 €/L","img":"https://fd16-photos.leclercdrive.fr/image.ashx?id=2708041&use=l&cat=p&typeid=i","cat":325357},{"id":228468,"n":"Spray nettoyant ménager Ajax Multi-surfaces - 500ml","p":2.68,"u":"5,36 €/L","img":"https://fd16-photos.leclercdrive.fr/image.ashx?id=2708044&use=l&cat=p&typeid=i","cat":325357},{"id":228469,"n":"Perles de linge Soupline Grand Air - 230g","p":7.27,"u":"31,61 €/KG","img":"https://fd16-photos.leclercdrive.fr/image.ashx?id=2708032&use=l&cat=p&typeid=i","cat":325302},{"id":228477,"n":"Brosse à dents Signal Triple Action - Medium - x4","p":1.52,"u":"0,38 €/P","img":"https://fd16-photos.leclercdrive.fr/image.ashx?id=2708310&use=l&cat=p&typeid=i","cat":284614},{"id":228479,"n":"Déodorant femme Rexona Invisible Aqua 72h - 100ml","p":3.39,"u":"33,90 €/L","img":"https://fd16-photos.leclercdrive.fr/image.ashx?id=2944488&use=l&cat=p&typeid=i","cat":284595},{"id":228481,"n":"Gel Douche Dove Advanced Care Nutrition Intense 400ml","p":5.94,"u":"14,85 €/L","img":"https://fd16-photos.leclercdrive.fr/image.ashx?id=2991036&use=l&cat=p&typeid=i","cat":284594},{"id":228484,"n":"Gel Douche Dove Hydratant 450ml","p":4.05,"u":"9,00 €/L","img":"https://fd16-photos.leclercdrive.fr/image.ashx?id=2993499&use=l&cat=p&typeid=i","cat":284594},{"id":228486,"n":"Gel douche Dove Fraîcheur - 450ml","p":3.35,"u":"7,44 €/L","img":"https://fd16-photos.leclercdrive.fr/image.ashx?id=2738707&use=l&cat=p&typeid=i","cat":284594},{"id":228490,"n":"Lessive liquide Le Chat  L'Expert bicarbonate x66 -2.97L","p":17.03,"u":"5,73 €/L","img":"https://fd16-photos.leclercdrive.fr/image.ashx?id=2877781&use=l&cat=p&typeid=i","cat":284640},{"id":228499,"n":"Lessive liquide X-tra Total 4 en 1 x63 - 2.835L","p":8.93,"u":"3,15 €/L","img":"https://fd16-photos.leclercdrive.fr/image.ashx?id=2921561&use=l&cat=p&typeid=i","cat":284640},{"id":228501,"n":"Lessive liquide X-tra Total Savon de Marseille x63  -2.835L","p":8.89,"u":"3,14 €/L","img":"https://fd16-photos.leclercdrive.fr/image.ashx?id=2921564&use=l&cat=p&typeid=i","cat":284640},{"id":228506,"n":"Lessive liquide Mir Black Raviveur noir x27 - 1.35L","p":5.83,"u":"4,32 €/L","img":"https://fd16-photos.leclercdrive.fr/image.ashx?id=2881323&use=l&cat=p&typeid=i","cat":284644},{"id":228509,"n":"Lessive liquide Mir Laine Textile délicat x27 - 1.35L","p":5.93,"u":"4,39 €/L","img":"https://fd16-photos.leclercdrive.fr/image.ashx?id=2890118&use=l&cat=p&typeid=i","cat":284644},{"id":228511,"n":"Lessive liquide Maison Verte Fraîcheur d'été - 1.485L x33","p":7.77,"u":"5,23 €/L","img":"https://fd16-photos.leclercdrive.fr/image.ashx?id=2890121&use=l&cat=p&typeid=i","cat":284640},{"id":228684,"n":"Bière blonde La Bête 8° - 12x25cl","p":14.05,"u":"4,68 €/L","img":"https://fd16-photos.leclercdrive.fr/image.ashx?id=2709199&use=l&cat=p&typeid=i","cat":334872},{"id":228685,"n":"Bière aromatisée cerise La Bête 8° - 6x25cl","p":8.05,"u":"5,37 €/L","img":"https://fd16-photos.leclercdrive.fr/image.ashx?id=2766731&use=l&cat=p&typeid=i","cat":334872},{"id":228762,"n":"Shampooing Head & Shoulders Pure intense - 625ml","p":13.75,"u":"22,00 €/L","img":"https://fd16-photos.leclercdrive.fr/image.ashx?id=2878459&use=l&cat=p&typeid=i","cat":284606},{"id":228837,"n":"Haricots rouges Eco+ 250g","p":0.55,"u":"2,20 €/KG","img":"https://fd16-photos.leclercdrive.fr/image.ashx?id=3003750&use=l&cat=p&typeid=i","cat":312606},{"id":228909,"n":"Crème fixative Polident Soin & tolérence 0% - 77g","p":6.04,"u":"78,44 €/KG","img":"https://fd16-photos.leclercdrive.fr/image.ashx?id=2712046&use=l&cat=p&typeid=i","cat":285158},{"id":228935,"n":"Dessert P'tit brassé Nestlé Banane mangue céréales 2x115g","p":1.64,"u":"7,13 €/KG","img":"https://fd16-photos.leclercdrive.fr/image.ashx?id=2712127&use=l&cat=p&typeid=i","cat":312392},{"id":228970,"n":"Chips Tortilla Doritos Chili - 250g","p":3.05,"u":"12,20 €/KG","img":"https://fd16-photos.leclercdrive.fr/image.ashx?id=2959439&use=l&cat=p&typeid=i","cat":287899},{"id":228972,"n":"Chips Tortilla Doritos Cheese - 250g","p":2.61,"u":"10,44 €/KG","img":"https://fd16-photos.leclercdrive.fr/image.ashx?id=2901788&use=l&cat=p&typeid=i","cat":287899},{"id":228974,"n":"Chips Tortilla Doritos Nature corn - 250g","p":3.01,"u":"12,04 €/KG","img":"https://fd16-photos.leclercdrive.fr/image.ashx?id=2986224&use=l&cat=p&typeid=i","cat":287899},{"id":228975,"n":"Plat cuisiné Paysan Breton Porc champignons - 300g","p":3.53,"u":"11,77 €/KG","img":"https://fd16-photos.leclercdrive.fr/image.ashx?id=2712582&use=l&cat=p&typeid=i","cat":284953},{"id":228998,"n":"Infusion verveine Elephant  Menthe poivrée x20 - 34g","p":2.54,"u":"74,71 €/KG","img":"https://fd16-photos.leclercdrive.fr/image.ashx?id=2719633&use=l&cat=p&typeid=i","cat":293234},{"id":229002,"n":"Chips Tuiles Pringles HOT Flamin' Cheese - 160g","p":2.01,"u":"12,56 €/KG","img":"https://fd16-photos.leclercdrive.fr/image.ashx?id=2927609&use=l&cat=p&typeid=i","cat":287899},{"id":229010,"n":"Kit tacos Old El Paso Street Vibes barbacoa - 255g","p":3.97,"u":"15,57 €/KG","img":"https://fd16-photos.leclercdrive.fr/image.ashx?id=2764631&use=l&cat=p&typeid=i","cat":288993},{"id":229011,"n":"Mini tortillas Old El Paso Street Vibes x8 - 220g","p":1.85,"u":"8,41 €/KG","img":"https://fd16-photos.leclercdrive.fr/image.ashx?id=2858288&use=l&cat=p&typeid=i","cat":288993},{"id":229015,"n":"Sauce soja Suzi Wan 135ml","p":1.95,"u":"14,44 €/L","img":"https://fd16-photos.leclercdrive.fr/image.ashx?id=2906664&use=l&cat=p&typeid=i","cat":288992},{"id":229031,"n":"Biscuit apéritif Ancel Bretzels - 260g","p":2.83,"u":"10,88 €/KG","img":"https://fd16-photos.leclercdrive.fr/image.ashx?id=2749137&use=l&cat=p&typeid=i","cat":297000},{"id":229037,"n":"Sauce thai green curry  Sharwood's Cooking - 415g","p":3.75,"u":"9,04 €/KG","img":"https://fd16-photos.leclercdrive.fr/image.ashx?id=2792897&use=l&cat=p&typeid=i","cat":288992},{"id":229062,"n":"Nouilles Ramen Tanoshi Crevettes - 360g","p":3.21,"u":"8,92 €/KG","img":"https://fd16-photos.leclercdrive.fr/image.ashx?id=2731954&use=l&cat=p&typeid=i","cat":288992},{"id":229063,"n":"Pepites 3 chocolats  Sainte Lucie - 100g","p":3.15,"u":"31,50 €/KG","img":"https://fd16-photos.leclercdrive.fr/image.ashx?id=2774349&use=l&cat=p&typeid=i","cat":284504},{"id":229102,"n":"Capsule Nescafé Farmers Origins  Africas Int 10 - x18","p":4.27,"u":"54,05 €/KG","img":"https://fd16-photos.leclercdrive.fr/image.ashx?id=2714588&use=l&cat=p&typeid=i","cat":284749},{"id":229104,"n":"Gaufre goût chocolat Rita - 325g","p":3.34,"u":"10,28 €/KG","img":"https://fd16-photos.leclercdrive.fr/image.ashx?id=2714546&use=l&cat=p&typeid=i","cat":294777},{"id":229117,"n":"Noisettes décortiquées  Couleurs Vives - 175g","p":2.99,"u":"17,09 €/KG","img":"https://fd16-photos.leclercdrive.fr/image.ashx?id=2713661&use=l&cat=p&typeid=i","cat":284357},{"id":229131,"n":"Ampoules Led Standard B22 40w - x1","p":1.27,"u":"Dont 0,29 € d'éco-part.","img":"https://fd16-photos.leclercdrive.fr/image.ashx?id=2713506&use=l&cat=p&typeid=i","cat":300573},{"id":229134,"n":"Ampoule Led Standard B22 75w - x1","p":1.89,"u":"Dont 0,29 € d'éco-part.","img":"https://fd16-photos.leclercdrive.fr/image.ashx?id=2713515&use=l&cat=p&typeid=i","cat":300573},{"id":229135,"n":"Ampoule Led Standard B22 100w - x1","p":1.99,"u":"Dont 0,29 € d'éco-part.","img":"https://fd16-photos.leclercdrive.fr/image.ashx?id=2713518&use=l&cat=p&typeid=i","cat":300573},{"id":229140,"n":"Herbes de provence Sainte Lucie L'Originale Recette - 80g","p":2.97,"u":"37,13 €/KG","img":"https://fd16-photos.leclercdrive.fr/image.ashx?id=2713895&use=l&cat=p&typeid=i","cat":298297},{"id":229141,"n":"Ampoules Led Flammes E14 25w - x1","p":1.59,"u":"Dont 0,29 € d'éco-part.","img":"https://fd16-photos.leclercdrive.fr/image.ashx?id=2713521&use=l&cat=p&typeid=i","cat":300573},{"id":229144,"n":"Margarine doux St-Hubert L'Original - 250g","p":1.99,"u":"7,96 €/KG","img":"https://fd16-photos.leclercdrive.fr/image.ashx?id=2978032&use=l&cat=p&typeid=i","cat":315229},{"id":229154,"n":"Ampoule Led Spheriques E14 40w - x1","p":1.97,"u":"Dont 0,29 € d'éco-part.","img":"https://fd16-photos.leclercdrive.fr/image.ashx?id=2713524&use=l&cat=p&typeid=i","cat":300573},{"id":229156,"n":"Vin efferverscent Perlino Prosecco brut - 75cl","p":7.5,"u":"10,00 €/L","img":"https://fd16-photos.leclercdrive.fr/image.ashx?id=2873333&use=l&cat=p&typeid=i","cat":289461},{"id":229157,"n":"Ampoules Led Flamme E14 25w - x1","p":1.77,"u":"Dont 0,29 € d'éco-part.","img":"https://fd16-photos.leclercdrive.fr/image.ashx?id=2713527&use=l&cat=p&typeid=i","cat":300573},{"id":229160,"n":"Ampoule Led Flamme E14 40w - x1","p":1.97,"u":"Dont 0,29 € d'éco-part.","img":"https://fd16-photos.leclercdrive.fr/image.ashx?id=2713530&use=l&cat=p&typeid=i","cat":300573},{"id":229162,"n":"Ampoule Led Spot E14 25w - x1","p":3.69,"u":"Dont 0,29 € d'éco-part.","img":"https://fd16-photos.leclercdrive.fr/image.ashx?id=2713533&use=l&cat=p&typeid=i","cat":300573},{"id":229170,"n":"Bière aromatisée Desperados  Tropical - 12x33cl","p":17.62,"u":"4,45 €/L","img":"https://fd16-photos.leclercdrive.fr/image.ashx?id=2981491&use=l&cat=p&typeid=i","cat":334878},{"id":229172,"n":"Ampoule Led Standard E27 40w - x1","p":1.27,"u":"Dont 0,29 € d'éco-part.","img":"https://fd16-photos.leclercdrive.fr/image.ashx?id=2713536&use=l&cat=p&typeid=i","cat":300573},{"id":229174,"n":"Ampoule Led Standard E27 40w - x1","p":1.79,"u":"Dont 0,29 € d'éco-part.","img":"https://fd16-photos.leclercdrive.fr/image.ashx?id=2713539&use=l&cat=p&typeid=i","cat":300573},{"id":229175,"n":"Ampoule Led Standard E27 60w - x1","p":1.57,"u":"Dont 0,29 € d'éco-part.","img":"https://fd16-photos.leclercdrive.fr/image.ashx?id=2713542&use=l&cat=p&typeid=i","cat":300573},{"id":229176,"n":"Ampoule LED Standard E27 60w - x1","p":1.99,"u":"Dont 0,29 € d'éco-part.","img":"https://fd16-photos.leclercdrive.fr/image.ashx?id=2713545&use=l&cat=p&typeid=i","cat":300573},{"id":229177,"n":"Ampoule Led Standard E27 60w - x1","p":1.99,"u":"Dont 0,29 € d'éco-part.","img":"https://fd16-photos.leclercdrive.fr/image.ashx?id=2713548&use=l&cat=p&typeid=i","cat":300573},{"id":229179,"n":"Ampoule Led Standard E27 75w - x1","p":1.89,"u":"Dont 0,29 € d'éco-part.","img":"https://fd16-photos.leclercdrive.fr/image.ashx?id=2713551&use=l&cat=p&typeid=i","cat":300573},{"id":229181,"n":"Ampoule Led Standard E27 100w - x1","p":1.99,"u":"Dont 0,29 € d'éco-part.","img":"https://fd16-photos.leclercdrive.fr/image.ashx?id=2713554&use=l&cat=p&typeid=i","cat":300573},{"id":229183,"n":"Ampoule Led Spot E27 40w - x1","p":3.69,"u":"Dont 0,29 € d'éco-part.","img":"https://fd16-photos.leclercdrive.fr/image.ashx?id=2713557&use=l&cat=p&typeid=i","cat":300573},{"id":229184,"n":"Ampoule Led Capsule G4 15w - x2","p":3.99,"u":"Dont 0,58 € d'éco-part.","img":"https://fd16-photos.leclercdrive.fr/image.ashx?id=2713560&use=l&cat=p&typeid=i","cat":300573},{"id":229186,"n":"Ampoules Led Capsule G9 40w - x2","p":5.99,"u":"Dont 0,58 € d'éco-part.","img":"https://fd16-photos.leclercdrive.fr/image.ashx?id=2713563&use=l&cat=p&typeid=i","cat":300573},{"id":229192,"n":"Ampoule Led Spot Gu5.3 35w - x1","p":2.29,"u":"Dont 0,29 € d'éco-part.","img":"https://fd16-photos.leclercdrive.fr/image.ashx?id=2713566&use=l&cat=p&typeid=i","cat":300573},{"id":229286,"n":"Bière \"Slash\" Citrus 4.5% vol. - 50cl","p":1.89,"u":"3,78 €/L","img":"https://fd16-photos.leclercdrive.fr/image.ashx?id=2716222&use=l&cat=p&typeid=i","cat":334853},{"id":229287,"n":"Bière \"Slash\" Citrus 4.5% vol. - 3x33cl","p":4.15,"u":"4,19 €/L","img":"https://fd16-photos.leclercdrive.fr/image.ashx?id=2927354&use=l&cat=p&typeid=i","cat":334878},{"id":229372,"n":"\"Canard\" Bloc WC  Tropical Adventure","p":2.97,"img":"https://fd16-photos.leclercdrive.fr/image.ashx?id=2844694&use=l&cat=p&typeid=i","cat":284662},{"id":229394,"n":"Crème glacée La Laitière Café - 490g","p":3.24,"pp":2.27,"u":"4,63 €/KG","img":"https://fd16-photos.leclercdrive.fr/image.ashx?id=3000021&use=l&cat=p&typeid=i","cat":284263},{"id":229396,"n":"Sorbet La Laitière Citron - 558g","p":3.24,"pp":2.27,"u":"4,07 €/KG","img":"https://fd16-photos.leclercdrive.fr/image.ashx?id=2877895&use=l&cat=p&typeid=i","cat":284263},{"id":229451,"n":"Croquettes Friskies junior  Poulet avec du lait - 7kg","p":18.79,"u":"2,68 €/KG","img":"https://fd16-photos.leclercdrive.fr/image.ashx?id=2986990&use=l&cat=p&typeid=i","cat":284672},{"id":229487,"n":"Margarine ProActiv Expert Tartine et gourmet -Doux - 450g","p":3.99,"pp":2.79,"u":"6,20 €/KG","img":"https://fd16-photos.leclercdrive.fr/image.ashx?id=2972601&use=l&cat=p&typeid=i","cat":315229},{"id":229497,"n":"Chips Lay's  Bolognaise - 130g","p":1.38,"u":"10,62 €/KG","img":"https://fd16-photos.leclercdrive.fr/image.ashx?id=3011149&use=l&cat=p&typeid=i","cat":284447},{"id":229517,"n":"Soda au cola Pepsi Zéro sucres Le lot de 6x33cl canettes","p":2.53,"u":"1,28 €/L","img":"https://fd16-photos.leclercdrive.fr/image.ashx?id=2773391&use=l&cat=p&typeid=i","cat":284530},{"id":229593,"n":"Tablettes lave-vaisselle Visior Tout en 1 citron x45 - 765g","p":5.79,"u":"7,57 €/KG","img":"https://fd16-photos.leclercdrive.fr/image.ashx?id=2954905&use=l&cat=p&typeid=i","cat":284656},{"id":229596,"n":"Capsules Starbucks by Nespresso  Vanille Int 5 - x10","p":3.77,"u":"73,92 €/KG","img":"https://fd16-photos.leclercdrive.fr/image.ashx?id=2718263&use=l&cat=p&typeid=i","cat":284749},{"id":229599,"n":"Capsules Starbucks by Nespresso  Caramel Int 5 - x10","p":3.99,"u":"78,24 €/KG","img":"https://fd16-photos.leclercdrive.fr/image.ashx?id=2718260&use=l&cat=p&typeid=i","cat":284749},{"id":229610,"n":"AOP Côtes de provence rosé Bio Terre Ocrées - 75cl","p":5.99,"u":"7,99 €/L","img":"https://fd16-photos.leclercdrive.fr/image.ashx?id=2717303&use=l&cat=p&typeid=i","cat":289558},{"id":229612,"n":"Prosecco  Eco+ 75cl","p":3.99,"u":"5,32 €/L","img":"https://fd16-photos.leclercdrive.fr/image.ashx?id=2931760&use=l&cat=p&typeid=i","cat":289461},{"id":229614,"n":"Jus tropical Tropicana 1.5L","p":2.07,"u":"1,38 €/L","img":"https://fd16-photos.leclercdrive.fr/image.ashx?id=3010798&use=l&cat=p&typeid=i","cat":284916},{"id":229811,"n":"Crème fixative Polident Original 0% -44g -","p":3.29,"u":"74,77 €/KG","img":"https://fd16-photos.leclercdrive.fr/image.ashx?id=2719615&use=l&cat=p&typeid=i","cat":285158},{"id":229846,"n":"Serviettes fuites urinaires  Always Discreet - 3x10p","p":12.56,"u":"0,42 €/P","img":"https://fd16-photos.leclercdrive.fr/image.ashx?id=2721433&use=l&cat=p&typeid=i","cat":284628},{"id":229847,"n":"Serviettes fuites urinaires Always Discreet - x18p","p":12.56,"u":"0,70 €/P","img":"https://fd16-photos.leclercdrive.fr/image.ashx?id=2721436&use=l&cat=p&typeid=i","cat":284628},{"id":229849,"n":"Serviettes fuites urinaires Always Discreet -x48","p":12.9,"u":"0,27 €/P","img":"https://fd16-photos.leclercdrive.fr/image.ashx?id=2721442&use=l&cat=p&typeid=i","cat":284628},{"id":229871,"n":"Bushmills 10 ans - Single Malt  40% vol - 70cl","p":33.99,"u":"48,56 €/L","img":"https://fd16-photos.leclercdrive.fr/image.ashx?id=3011812&use=l&cat=p&typeid=i","cat":284547},{"id":229879,"n":"Apéritif Campari 25% vol - 70cl","p":16.42,"u":"23,46 €/L","img":"https://fd16-photos.leclercdrive.fr/image.ashx?id=3009155&use=l&cat=p&typeid=i","cat":286032},{"id":229893,"n":"Pain de mie complet Harrys Sandwich Sans sucre ajouté 900g","p":2.32,"u":"2,58 €/KG","img":"https://fd16-photos.leclercdrive.fr/image.ashx?id=2962476&use=l&cat=p&typeid=i","cat":284477},{"id":229979,"n":"Pate à tartiner Bonne Maman Noisette et cacao - 580g +25%","p":6.16,"u":"8,50 €/KG","img":"https://fd16-photos.leclercdrive.fr/image.ashx?id=2719495&use=l&cat=p&typeid=i","cat":284481},{"id":230150,"n":"Tablette chocolat Poulain Noir extra - 4x100g","p":5.07,"u":"12,68 €/KG","img":"https://fd16-photos.leclercdrive.fr/image.ashx?id=2867569&use=l&cat=p&typeid=i","cat":284956},{"id":230167,"n":"Lessive liquide X-tra Total  Ecopack  x41 - 1.845L","p":6.45,"u":"3,50 €/L","img":"https://fd16-photos.leclercdrive.fr/image.ashx?id=2890124&use=l&cat=p&typeid=i","cat":284640},{"id":230171,"n":"Bière Picon 1L","p":10.35,"u":"10,35 €/L","img":"https://fd16-photos.leclercdrive.fr/image.ashx?id=2720908&use=l&cat=p&typeid=i","cat":334872},{"id":230193,"n":"Nettoyant ménager La Croix Gel utra dégraissant - 1L","p":1.99,"u":"1,99 €/L","img":"https://fd16-photos.leclercdrive.fr/image.ashx?id=2721534&use=l&cat=p&typeid=i","cat":325357},{"id":230198,"n":"Gel nettoyant WC La Croix Ultra WC - 750ml","p":1.26,"u":"1,68 €/L","img":"https://fd16-photos.leclercdrive.fr/image.ashx?id=2721531&use=l&cat=p&typeid=i","cat":284662},{"id":230306,"n":"Saucisson secs Saint Azay Fromage de chèvre - 100g","p":2.29,"u":"22,90 €/KG","img":"https://fd16-photos.leclercdrive.fr/image.ashx?id=2721398&use=l&cat=p&typeid=i","cat":316006},{"id":230323,"n":"Fromage Fol Epi  Extra fondant x6 - 130g","p":2.34,"u":"18,00 €/KG","img":"https://fd16-photos.leclercdrive.fr/image.ashx?id=2765934&use=l&cat=p&typeid=i","cat":314028},{"id":230634,"n":"Dattes Deglet Nour Eco+ Barquette 500g","p":1.94,"u":"3,88 €/KG","img":"https://fd16-photos.leclercdrive.fr/image.ashx?id=2747196&use=l&cat=p&typeid=i","cat":284357},{"id":230707,"n":"Poisson à la Bordelaise Fleury Michon - 300g","p":3.95,"u":"13,17 €/KG","img":"https://fd16-photos.leclercdrive.fr/image.ashx?id=3003239&use=l&cat=p&typeid=i","cat":333665},{"id":230709,"n":"Mini tartinade Daunat Thon - 130g","p":1.95,"u":"15,00 €/KG","img":"https://fd16-photos.leclercdrive.fr/image.ashx?id=2723794&use=l&cat=p&typeid=i","cat":333658},{"id":230740,"n":"Serviettes incontinence Eco+ Extra - x10","p":1.68,"img":"https://fd16-photos.leclercdrive.fr/image.ashx?id=2722979&use=l&cat=p&typeid=i","cat":284628},{"id":230761,"n":"Beurre doux Paysan Breton 250g","p":2.99,"u":"11,96 €/KG","img":"https://fd16-photos.leclercdrive.fr/image.ashx?id=2959460&use=l&cat=p&typeid=i","cat":284379},{"id":230763,"n":"Beurre demi-sel Paysan Breton 250g","p":2.78,"u":"11,12 €/KG","img":"https://fd16-photos.leclercdrive.fr/image.ashx?id=2959463&use=l&cat=p&typeid=i","cat":284379},{"id":230827,"n":"Crackers Belin Minizza  Tomate 95g","p":1.52,"u":"16,00 €/KG","img":"https://fd16-photos.leclercdrive.fr/image.ashx?id=3005317&use=l&cat=p&typeid=i","cat":297000},{"id":230830,"n":"Crackers Belin Monaco Emmental 110g","p":1.25,"u":"11,36 €/KG","img":"https://fd16-photos.leclercdrive.fr/image.ashx?id=3002228&use=l&cat=p&typeid=i","cat":297000},{"id":230863,"n":"Crackers Monaco Belin Emmental  170g","p":1.42,"u":"8,35 €/KG","img":"https://fd16-photos.leclercdrive.fr/image.ashx?id=3002231&use=l&cat=p&typeid=i","cat":297000},{"id":230980,"n":"Chocolat lait Lindt Noisettes  Lucky Monkey - 100g","p":2.62,"u":"26,20 €/KG","img":"https://fd16-photos.leclercdrive.fr/image.ashx?id=2725075&use=l&cat=p&typeid=i","cat":284497},{"id":231020,"n":"Tube harissa El Manar - 70g","p":0.7,"u":"10,00 €/KG","img":"https://fd16-photos.leclercdrive.fr/image.ashx?id=2725810&use=l&cat=p&typeid=i","cat":289013},{"id":231052,"n":"Bacon fumé au bois de hêtre Cochonou - 10 tranches - 100g","p":2.0,"u":"20,00 €/KG","img":"https://fd16-photos.leclercdrive.fr/image.ashx?id=2833630&use=l&cat=p&typeid=i","cat":316007},{"id":231053,"n":"Saucisson sec Cochonou  -25% de sel 32 tranches - 100g","p":1.87,"u":"18,70 €/KG","img":"https://fd16-photos.leclercdrive.fr/image.ashx?id=2833633&use=l&cat=p&typeid=i","cat":316007},{"id":231082,"n":"Concentré Pomme verte La Maison Guiot - 50cl","p":3.19,"u":"6,38 €/L","img":"https://fd16-photos.leclercdrive.fr/image.ashx?id=2725402&use=l&cat=p&typeid=i","cat":295020},{"id":231147,"n":"Bonbons exotix 180g","p":1.69,"u":"9,39 €/KG","img":"https://fd16-photos.leclercdrive.fr/image.ashx?id=2984970&use=l&cat=p&typeid=i","cat":304250},{"id":231169,"n":"Picon Club 18%vol. - 1L","p":11.6,"u":"11,60 €/L","img":"https://fd16-photos.leclercdrive.fr/image.ashx?id=2726245&use=l&cat=p&typeid=i","cat":284913},{"id":231181,"n":"Capsules Absolu + Bicarbonate Sun - Lave-vaiselle x26 - 390g","p":7.9,"u":"20,26 €/KG","img":"https://fd16-photos.leclercdrive.fr/image.ashx?id=2960279&use=l&cat=p&typeid=i","cat":284656},{"id":231203,"n":"Lessive liquide Super Croix  X-tra Japon x42- 1.89L","p":9.23,"u":"4,88 €/L","img":"https://fd16-photos.leclercdrive.fr/image.ashx?id=2876272&use=l&cat=p&typeid=i","cat":284640},{"id":231226,"n":"Doonuts nappés St Michel 8+4 offerts - 360g","p":2.33,"u":"6,47 €/KG","img":"https://fd16-photos.leclercdrive.fr/image.ashx?id=2936308&use=l&cat=p&typeid=i","cat":284495},{"id":231254,"n":"Bonbons Asti Pik Haribo  180g","p":1.69,"u":"9,39 €/KG","img":"https://fd16-photos.leclercdrive.fr/image.ashx?id=2984967&use=l&cat=p&typeid=i","cat":304250},{"id":231255,"n":"Bonbons pixels Haribo 180g","p":1.69,"u":"9,39 €/KG","img":"https://fd16-photos.leclercdrive.fr/image.ashx?id=2984964&use=l&cat=p&typeid=i","cat":304250},{"id":231364,"n":"Barquettes terrine Cesar Bio Natural Goodness - 100g","p":0.92,"u":"9,20 €/KG","img":"https://fd16-photos.leclercdrive.fr/image.ashx?id=2728654&use=l&cat=p&typeid=i","cat":284673},{"id":231368,"n":"Capsules café L'Or Espresso Supremo N°10 x30","p":9.32,"u":"59,74 €/KG","img":"https://fd16-photos.leclercdrive.fr/image.ashx?id=2788052&use=l&cat=p&typeid=i","cat":284749},{"id":231369,"n":"Capsules café L'Or Espresso Splendente N°7 x30","p":9.04,"u":"57,95 €/KG","img":"https://fd16-photos.leclercdrive.fr/image.ashx?id=2728846&use=l&cat=p&typeid=i","cat":284749},{"id":231370,"n":"Capsules café L'Or Espresso Ristretto N°11 x30","p":9.17,"u":"58,78 €/KG","img":"https://fd16-photos.leclercdrive.fr/image.ashx?id=2728843&use=l&cat=p&typeid=i","cat":284749},{"id":231371,"n":"Capsules café L'Or Espresso Forza N°9 x30","p":9.14,"u":"58,59 €/KG","img":"https://fd16-photos.leclercdrive.fr/image.ashx?id=3000468&use=l&cat=p&typeid=i","cat":284749},{"id":231375,"n":"Fromage Carré Eco+ 25%MG - 200g","p":1.56,"u":"7,80 €/KG","img":"https://fd16-photos.leclercdrive.fr/image.ashx?id=2728047&use=l&cat=p&typeid=i","cat":314033},{"id":231394,"n":"Gommage Le Petit Marseillais Corps - Karité et argan - 150ml","p":4.19,"u":"27,93 €/L","img":"https://fd16-photos.leclercdrive.fr/image.ashx?id=2899428&use=l&cat=p&typeid=i","cat":325375},{"id":231402,"n":"Chips Paysannes Pom'Lisse Lardon oignon - 135g","p":1.39,"u":"10,30 €/KG","img":"https://fd16-photos.leclercdrive.fr/image.ashx?id=2919538&use=l&cat=p&typeid=i","cat":284447},{"id":231403,"n":"Chips sel & vinaigre Pom'Lisse 135g","p":1.07,"u":"7,93 €/KG","img":"https://fd16-photos.leclercdrive.fr/image.ashx?id=2919670&use=l&cat=p&typeid=i","cat":284447},{"id":231570,"n":"Badoit bulles de fruits rouges 1l","p":1.45,"u":"1,45 €/L","img":"https://fd16-photos.leclercdrive.fr/image.ashx?id=2964676&use=l&cat=p&typeid=i","cat":284536},{"id":231571,"n":"Badoit bulles de fruits  Exotiques - 1L","p":1.36,"u":"1,36 €/L","img":"https://fd16-photos.leclercdrive.fr/image.ashx?id=2753952&use=l&cat=p&typeid=i","cat":284536},{"id":231635,"n":"Aérosol rampants Raid - 400ml","p":7.46,"u":"18,65 €/L","img":"https://fd16-photos.leclercdrive.fr/image.ashx?id=2745766&use=l&cat=p&typeid=i","cat":298368},{"id":231667,"n":"Brosse à dent Colgate Zig Zag Souple - x1","p":2.37,"img":"https://fd16-photos.leclercdrive.fr/image.ashx?id=2740910&use=l&cat=p&typeid=i","cat":284614},{"id":231692,"n":"Crème corps Mixa Réparatrice - 150ml","p":3.19,"u":"21,27 €/L","img":"https://fd16-photos.leclercdrive.fr/image.ashx?id=2867557&use=l&cat=p&typeid=i","cat":325350},{"id":231694,"n":"Crème corps Mixa Réparatrice Peau sensibles  - 150ml","p":3.17,"u":"21,13 €/L","img":"https://fd16-photos.leclercdrive.fr/image.ashx?id=2892199&use=l&cat=p&typeid=i","cat":325350},{"id":231704,"n":"Lessive multi-usages St Marc  à la Résine de pin - 1,4kg","p":4.84,"u":"3,46 €/KG","img":"https://fd16-photos.leclercdrive.fr/image.ashx?id=2884645&use=l&cat=p&typeid=i","cat":325365},{"id":231709,"n":"Capsules lave-vaisselle Finish Ultimate Plus Citron - x35","p":9.4,"u":"22,01 €/KG","img":"https://fd16-photos.leclercdrive.fr/image.ashx?id=2749437&use=l&cat=p&typeid=i","cat":284656},{"id":231712,"n":"Tablettes lave-vaisselle Finish Power Plus - x54","p":9.78,"u":"11,32 €/KG","img":"https://fd16-photos.leclercdrive.fr/image.ashx?id=2749425&use=l&cat=p&typeid=i","cat":284656},{"id":231713,"n":"Spray nettoyant Cillit Bang Expert crasse & calcaire 750ml","p":3.27,"u":"4,36 €/L","img":"https://fd16-photos.leclercdrive.fr/image.ashx?id=2839755&use=l&cat=p&typeid=i","cat":325362},{"id":231714,"n":"Spray nettoyant Cillit Bang  Expert Anti-moisissures - 750ml","p":3.4,"u":"4,53 €/L","img":"https://fd16-photos.leclercdrive.fr/image.ashx?id=2790114&use=l&cat=p&typeid=i","cat":325357},{"id":231715,"n":"Spray nettoyant Cillit Bang  Expert Javel - 750ml","p":3.3,"u":"4,40 €/L","img":"https://fd16-photos.leclercdrive.fr/image.ashx?id=2793653&use=l&cat=p&typeid=i","cat":325357},{"id":231717,"n":"ST MARC Liquide Nettoyant Multi Usages Côtes Bretonnes - 1L","p":2.33,"u":"2,33 €/L","img":"https://fd16-photos.leclercdrive.fr/image.ashx?id=2859074&use=l&cat=p&typeid=i","cat":284907},{"id":231718,"n":"Nettoyant liquide St Marc Multi usages Forêt des Landes - 1L","p":2.36,"u":"2,36 €/L","img":"https://fd16-photos.leclercdrive.fr/image.ashx?id=2844208&use=l&cat=p&typeid=i","cat":284907},{"id":231719,"n":"Lessive capsules Super Croix X-tra Bora Bora x28  - 336g","p":7.99,"u":"23,78 €/KG","img":"https://fd16-photos.leclercdrive.fr/image.ashx?id=2876284&use=l&cat=p&typeid=i","cat":284641},{"id":231827,"n":"Lessive Supercroix triocaps Maroc - x40 - 28 +12 offertes","p":8.59,"u":"17,90 €/KG","img":"https://fd16-photos.leclercdrive.fr/image.ashx?id=2941556&use=l&cat=p&typeid=i","cat":284641},{"id":231828,"n":"Lessive Supercroix triocaps Bora bora - x40 - 28 + 12offert","p":8.91,"u":"18,56 €/KG","img":"https://fd16-photos.leclercdrive.fr/image.ashx?id=2740574&use=l&cat=p&typeid=i","cat":284641},{"id":232002,"n":"Whisky Ballantine's 10 ans Blended Scotch 40% vol - 70cl","p":23.5,"pp":18.8,"u":"26,86 €/L","img":"https://fd16-photos.leclercdrive.fr/image.ashx?id=2790780&use=l&cat=p&typeid=i","cat":284547},{"id":232022,"n":"Lessive capsules Super Croix  X-tra Japon x28 - 336g","p":8.65,"u":"25,74 €/KG","img":"https://fd16-photos.leclercdrive.fr/image.ashx?id=2876278&use=l&cat=p&typeid=i","cat":284641},{"id":232025,"n":"Lessive capsules Super Croix X-tra - Maroc - x28 - 336g","p":8.37,"u":"24,91 €/KG","img":"https://fd16-photos.leclercdrive.fr/image.ashx?id=2876281&use=l&cat=p&typeid=i","cat":284641},{"id":232039,"n":"Lessive liquide couleurs Mir Explosion floral - 1.35L - x27","p":5.99,"u":"4,44 €/L","img":"https://fd16-photos.leclercdrive.fr/image.ashx?id=2972940&use=l&cat=p&typeid=i","cat":284640},{"id":232084,"n":"Serviette Ultra Puresens,Normal","p":1.88,"img":"https://fd16-photos.leclercdrive.fr/image.ashx?id=2756452&use=l&cat=p&typeid=i","cat":284624},{"id":232150,"n":"Lessive liquide Mir Couleurs  Raviveur couleurs x27 - 1.35L","p":6.25,"u":"4,63 €/L","img":"https://fd16-photos.leclercdrive.fr/image.ashx?id=2744034&use=l&cat=p&typeid=i","cat":284644},{"id":232183,"n":"Liquide vaisselle Mir  Dégraissant citron - 450ml","p":1.62,"u":"3,60 €/L","img":"https://fd16-photos.leclercdrive.fr/image.ashx?id=2744028&use=l&cat=p&typeid=i","cat":284655},{"id":232186,"n":"Liquide vaisselle Mir  Dégraissant orange - 450ml","p":1.67,"u":"3,71 €/L","img":"https://fd16-photos.leclercdrive.fr/image.ashx?id=2874907&use=l&cat=p&typeid=i","cat":284655},{"id":232193,"n":"Liquide vaisselle Mir vinaigre Pamplemousse dégraissant -450ml","p":1.77,"u":"3,93 €/L","img":"https://fd16-photos.leclercdrive.fr/image.ashx?id=2889346&use=l&cat=p&typeid=i","cat":284655},{"id":232195,"n":"Liquide vaisselle Mir  Peau sensible aloe vera - 450ml","p":1.46,"u":"3,24 €/L","img":"https://fd16-photos.leclercdrive.fr/image.ashx?id=2874904&use=l&cat=p&typeid=i","cat":284655},{"id":232203,"n":"Gambas du pacifique ASC Origine Equateur - 250g","p":11.02,"img":"https://fd16-photos.leclercdrive.fr/image.ashx?id=2745079&use=l&cat=p&typeid=i","cat":319787},{"id":232231,"n":"Nettoyant confort visage Mixa Anti-secheresse - 150ml","p":5.89,"u":"39,27 €/L","img":"https://fd16-photos.leclercdrive.fr/image.ashx?id=2744171&use=l&cat=p&typeid=i","cat":284603},{"id":232299,"n":"Bande de cire visage Nair Kit Caresse - x20","p":3.75,"img":"https://fd16-photos.leclercdrive.fr/image.ashx?id=2903236&use=l&cat=p&typeid=i","cat":325351},{"id":232304,"n":"Brosse à dent Signal  Integral 8 - Souple - x1","p":1.68,"img":"https://fd16-photos.leclercdrive.fr/image.ashx?id=2772539&use=l&cat=p&typeid=i","cat":284614},{"id":232305,"n":"Brosse à dent Signal Triple action - Souple - x4","p":1.52,"img":"https://fd16-photos.leclercdrive.fr/image.ashx?id=2745871&use=l&cat=p&typeid=i","cat":284614},{"id":232309,"n":"Bloc WC Fresh Disc Canard Citron vert - 1x36ml","p":3.05,"img":"https://fd16-photos.leclercdrive.fr/image.ashx?id=2745769&use=l&cat=p&typeid=i","cat":284662},{"id":232311,"n":"Dentifrice enfant L'Arbre Vert Bien-être Fraise 7-12 ans 50ml","p":2.44,"u":"48,80 €/L","img":"https://fd16-photos.leclercdrive.fr/image.ashx?id=2892811&use=l&cat=p&typeid=i","cat":288898},{"id":232319,"n":"Tablettes lave-vaisselle Sun Tout-en-1 - x24 -396g","p":5.75,"u":"14,52 €/KG","img":"https://fd16-photos.leclercdrive.fr/image.ashx?id=2760543&use=l&cat=p&typeid=i","cat":284656},{"id":232345,"n":"Adoucissant Soupline concentré Utra Emotion Rose - 1.28L - x60","p":8.22,"u":"6,42 €/L","img":"https://fd16-photos.leclercdrive.fr/image.ashx?id=2832575&use=l&cat=p&typeid=i","cat":284650},{"id":232346,"n":"Tablettes Adoucissant Soupline Coeur Emotion Rose - x28 336g","p":6.97,"u":"20,74 €/KG","img":"https://fd16-photos.leclercdrive.fr/image.ashx?id=2745841&use=l&cat=p&typeid=i","cat":284650},{"id":232347,"n":"Perles de linge Soupline Coco - 230g","p":5.97,"u":"25,96 €/KG","img":"https://fd16-photos.leclercdrive.fr/image.ashx?id=2945829&use=l&cat=p&typeid=i","cat":325302},{"id":232348,"n":"Perles de linge Soupline Lavande - 230g","p":5.97,"u":"25,96 €/KG","img":"https://fd16-photos.leclercdrive.fr/image.ashx?id=2745835&use=l&cat=p&typeid=i","cat":325302},{"id":232367,"n":"Déodorant spray homme Axe Black Vanilla 72h - 150ml","p":4.2,"u":"28,00 €/L","img":"https://fd16-photos.leclercdrive.fr/image.ashx?id=2910237&use=l&cat=p&typeid=i","cat":284618},{"id":232369,"n":"Bain de bouche Colgate Max Fresh Protection complète 500ml","p":3.33,"u":"6,66 €/L","img":"https://fd16-photos.leclercdrive.fr/image.ashx?id=2747178&use=l&cat=p&typeid=i","cat":284613},{"id":232371,"n":"Dentifrice enfant Elmex Anti-caries - 6-12 ans - 75ml","p":2.61,"u":"34,80 €/L","img":"https://fd16-photos.leclercdrive.fr/image.ashx?id=2747175&use=l&cat=p&typeid=i","cat":288898},{"id":232377,"n":"Insecticide Raid Max Système anti-fourmis - 1 piège","p":4.27,"img":"https://fd16-photos.leclercdrive.fr/image.ashx?id=2968454&use=l&cat=p&typeid=i","cat":298368},{"id":232519,"n":"Pâtes Barilla Risoni - 500g","p":1.27,"u":"2,54 €/KG","img":"https://fd16-photos.leclercdrive.fr/image.ashx?id=2748665&use=l&cat=p&typeid=i","cat":284427},{"id":232520,"n":"Pâtes Barilla Ditalini Rigati - 500g","p":1.27,"u":"2,54 €/KG","img":"https://fd16-photos.leclercdrive.fr/image.ashx?id=2748668&use=l&cat=p&typeid=i","cat":284427},{"id":232725,"n":"AOP Alsace Sylvaner Sec - 2023 Arthur Metz - 75cl","p":6.95,"u":"9,27 €/L","img":"https://fd16-photos.leclercdrive.fr/image.ashx?id=2968874&use=l&cat=p&typeid=i","cat":289557},{"id":232770,"n":"Skyr à boire Danone Vanille 270g","p":1.37,"u":"5,07 €/KG","img":"https://fd16-photos.leclercdrive.fr/image.ashx?id=2817332&use=l&cat=p&typeid=i","cat":284415},{"id":232773,"n":"Boisson lactée chocolatée  Nesquik Shake - 240ml","p":1.74,"u":"7,25 €/L","img":"https://fd16-photos.leclercdrive.fr/image.ashx?id=2749536&use=l&cat=p&typeid=i","cat":295246},{"id":232778,"n":"Concentré agrumes Sodastream - 440ml","p":4.99,"pp":3.99,"u":"9,07 €/L","img":"https://fd16-photos.leclercdrive.fr/image.ashx?id=2871136&use=l&cat=p&typeid=i","cat":295020},{"id":232840,"n":"Gel déboucheur Destop  Turbo 5 min - 2 doses - 500ml","p":4.19,"u":"8,38 €/L","img":"https://fd16-photos.leclercdrive.fr/image.ashx?id=2976029&use=l&cat=p&typeid=i","cat":284908},{"id":232969,"n":"Gel douche Sanex Essentials Zéro% - Peau sensibles - 475ml","p":4.59,"u":"9,66 €/L","img":"https://fd16-photos.leclercdrive.fr/image.ashx?id=2751375&use=l&cat=p&typeid=i","cat":284594},{"id":232971,"n":"Râpe Scholl Manuelle Nanofile - x1","p":9.5,"img":"https://fd16-photos.leclercdrive.fr/image.ashx?id=2990958&use=l&cat=p&typeid=i","cat":323852},{"id":232974,"n":"Gel massage Intimy Pomme d'amour - 200ml","p":6.55,"u":"32,75 €/L","img":"https://fd16-photos.leclercdrive.fr/image.ashx?id=2751012&use=l&cat=p&typeid=i","cat":285160},{"id":232979,"n":"Bougie Glade Aromatherapy  Orange & Néroli - x1","p":7.15,"img":"https://fd16-photos.leclercdrive.fr/image.ashx?id=2867725&use=l&cat=p&typeid=i","cat":284666},{"id":232991,"n":"Déodorant Eco+ Floral - 200ml","p":0.87,"u":"4,35 €/L","img":"https://fd16-photos.leclercdrive.fr/image.ashx?id=2750270&use=l&cat=p&typeid=i","cat":284595},{"id":233040,"n":"Collant Beauty resist Dim Semi-opaque - Noir - T1","p":4.9,"img":"https://fd16-photos.leclercdrive.fr/image.ashx?id=3002120&use=l&cat=p&typeid=i","cat":334130},{"id":233041,"n":"Collant Beauty resist Dim Semi-opaque - Noir - T2","p":4.9,"img":"https://fd16-photos.leclercdrive.fr/image.ashx?id=3002123&use=l&cat=p&typeid=i","cat":334130},{"id":233100,"n":"Rasoir Intuition Wilkinson Sensitive Care 2en1 - x1","p":8.05,"img":"https://fd16-photos.leclercdrive.fr/image.ashx?id=2849430&use=l&cat=p&typeid=i","cat":325352},{"id":233280,"n":"Nouilles Tables du Monde Boeuf - 3x65g","p":1.25,"u":"6,41 €/KG","img":"https://fd16-photos.leclercdrive.fr/image.ashx?id=2752545&use=l&cat=p&typeid=i","cat":288992},{"id":233313,"n":"Gel WC Javel Harpic Ultra blancheur Agrumes - 750ml","p":1.79,"u":"2,39 €/L","img":"https://fd16-photos.leclercdrive.fr/image.ashx?id=2864690&use=l&cat=p&typeid=i","cat":284662},{"id":233319,"n":"Détachant Gel Vanish  Blanc  - 750ml","p":7.53,"u":"10,04 €/L","img":"https://fd16-photos.leclercdrive.fr/image.ashx?id=2878111&use=l&cat=p&typeid=i","cat":284651},{"id":233376,"n":"Yaourt nature Activia 0% Bifidus - 12x125g","p":4.38,"u":"2,92 €/KG","img":"https://fd16-photos.leclercdrive.fr/image.ashx?id=2755264&use=l&cat=p&typeid=i","cat":284409},{"id":233405,"n":"Emmental Entremont  Tendre Meule - 160g","p":2.14,"u":"13,38 €/KG","img":"https://fd16-photos.leclercdrive.fr/image.ashx?id=2983135&use=l&cat=p&typeid=i","cat":314034},{"id":233436,"n":"Coquille St-Jacques et fruits  de mer Eco+ 360g","p":3.97,"u":"11,03 €/KG","img":"https://fd16-photos.leclercdrive.fr/image.ashx?id=2754249&use=l&cat=p&typeid=i","cat":319787},{"id":233473,"n":"Bière blonde Leffe Prestige 124 8,5% - 75cl","p":4.05,"u":"5,40 €/L","img":"https://fd16-photos.leclercdrive.fr/image.ashx?id=2755816&use=l&cat=p&typeid=i","cat":334852},{"id":233489,"n":"Nettoyant ménager Ajax Fête des fleurs Cerisier  1.25L","p":2.51,"u":"2,01 €/L","img":"https://fd16-photos.leclercdrive.fr/image.ashx?id=2915609&use=l&cat=p&typeid=i","cat":284907},{"id":233491,"n":"Boisson au jus Pago Fruit du dragon Goyave - 75cl","p":2.15,"u":"2,87 €/L","img":"https://fd16-photos.leclercdrive.fr/image.ashx?id=2964357&use=l&cat=p&typeid=i","cat":284916},{"id":233500,"n":"Arrangé à base de rhum L'Epicé - 70cl - 40% vol.","p":23.95,"u":"34,21 €/L","img":"https://fd16-photos.leclercdrive.fr/image.ashx?id=2755801&use=l&cat=p&typeid=i","cat":284551},{"id":233585,"n":"Aliment complet Tous mes Amis Canaris - 1kg","p":2.45,"u":"1,63 €/KG","img":"https://fd16-photos.leclercdrive.fr/image.ashx?id=2757530&use=l&cat=p&typeid=i","cat":284678},{"id":233586,"n":"Mélange de graines Eco+ Perruches -  1.5kg","p":2.35,"u":"1,57 €/KG","img":"https://fd16-photos.leclercdrive.fr/image.ashx?id=2757527&use=l&cat=p&typeid=i","cat":284678},{"id":233587,"n":"Aliment complet Tous mes Amis Perruches -  800g","p":1.84,"u":"2,30 €/KG","img":"https://fd16-photos.leclercdrive.fr/image.ashx?id=2757533&use=l&cat=p&typeid=i","cat":284678},{"id":233612,"n":"Thé glacé Lipton Ice Tea Pêche - 5x1.25L + 1 offerte","p":7.49,"u":"29,96 €/L","img":"https://fd16-photos.leclercdrive.fr/image.ashx?id=2921100&use=l&cat=p&typeid=i","cat":295019},{"id":233625,"n":"Gommage corps Le Petit Marseillais - Coco - 150ml","p":5.55,"u":"37,00 €/L","img":"https://fd16-photos.leclercdrive.fr/image.ashx?id=2758108&use=l&cat=p&typeid=i","cat":325375},{"id":233626,"n":"Spray démêlant Le Petit Marseillais Pamplemousse 200ml","p":3.67,"u":"18,35 €/L","img":"https://fd16-photos.leclercdrive.fr/image.ashx?id=2758099&use=l&cat=p&typeid=i","cat":284608},{"id":233627,"n":"Gel douche Le Petit Marseillais Verveine Bio & citron Bio 650ml","p":4.1,"u":"6,31 €/L","img":"https://fd16-photos.leclercdrive.fr/image.ashx?id=2758114&use=l&cat=p&typeid=i","cat":284594},{"id":233632,"n":"Shampooing Le Petit Marseillais Douceur & éclat - 300ml","p":2.55,"u":"8,50 €/MT","img":"https://fd16-photos.leclercdrive.fr/image.ashx?id=2758111&use=l&cat=p&typeid=i","cat":284606},{"id":233637,"n":"Concentré Sodastream Grenadine - 440ml","p":4.99,"pp":3.99,"u":"9,07 €/L","img":"https://fd16-photos.leclercdrive.fr/image.ashx?id=2765360&use=l&cat=p&typeid=i","cat":295020},{"id":233638,"n":"Concentré Sodastream Orange - 440ml","p":4.99,"pp":3.99,"u":"9,07 €/L","img":"https://fd16-photos.leclercdrive.fr/image.ashx?id=2765522&use=l&cat=p&typeid=i","cat":295020},{"id":233639,"n":"Concentré Sodastream Limonade - 440ml","p":4.99,"pp":3.99,"u":"90,68 €/L","img":"https://fd16-photos.leclercdrive.fr/image.ashx?id=2758758&use=l&cat=p&typeid=i","cat":295020},{"id":233640,"n":"Concentré Sodastream Tonic - 440ml","p":4.99,"pp":3.99,"u":"9,07 €/L","img":"https://fd16-photos.leclercdrive.fr/image.ashx?id=2765525&use=l&cat=p&typeid=i","cat":295020},{"id":233644,"n":"Escalopes de dinde Eco+ x2 - 240g","p":2.99,"u":"12,46 €/KG","img":"https://fd16-photos.leclercdrive.fr/image.ashx?id=2764797&use=l&cat=p&typeid=i","cat":284337},{"id":233649,"n":"Bouchées vapeur aux crevettes Tables du Monde x8 - 164g","p":3.17,"u":"19,33 €/KG","img":"https://fd16-photos.leclercdrive.fr/image.ashx?id=2757949&use=l&cat=p&typeid=i","cat":319774},{"id":233886,"n":"Dosettes café Senseo Cappuccino x8","p":3.04,"u":"33,04 €/KG","img":"https://fd16-photos.leclercdrive.fr/image.ashx?id=2760187&use=l&cat=p&typeid=i","cat":293238},{"id":233949,"n":"Lessive capsules 3en1 Omo Lavande & Patchouli - x29 502g","p":11.97,"u":"23,84 €/KG","img":"https://fd16-photos.leclercdrive.fr/image.ashx?id=2832599&use=l&cat=p&typeid=i","cat":284641},{"id":233950,"n":"Lessive capsules 3en1 Omo Jasmin fleur de coton 502g x29","p":9.86,"u":"19,64 €/KG","img":"https://fd16-photos.leclercdrive.fr/image.ashx?id=2841613&use=l&cat=p&typeid=i","cat":284641},{"id":233956,"n":"Lessive liquide Omo Rose & Lilas Blanc - 1.76L","p":10.57,"u":"5,99 €/L","img":"https://fd16-photos.leclercdrive.fr/image.ashx?id=2818208&use=l&cat=p&typeid=i","cat":284640},{"id":233961,"n":"Lessive liquide Omo Jasmin & Fleur de coton 1.764L x42","p":9.83,"u":"5,57 €/L","img":"https://fd16-photos.leclercdrive.fr/image.ashx?id=2841616&use=l&cat=p&typeid=i","cat":284640},{"id":233984,"n":"Nouilles instantanées Daisuki Curry Pirikara - 61g","p":1.72,"u":"28,20 €/KG","img":"https://fd16-photos.leclercdrive.fr/image.ashx?id=2762007&use=l&cat=p&typeid=i","cat":288992},{"id":233985,"n":"Nouilles instantanées Daisuki Boeuf Gyudon - 60g","p":1.46,"u":"24,33 €/KG","img":"https://fd16-photos.leclercdrive.fr/image.ashx?id=2762004&use=l&cat=p&typeid=i","cat":288992},{"id":234019,"n":"Bol nouilles instantanées  Daisuki - Poulet Teriyaki 60g","p":1.47,"u":"24,50 €/KG","img":"https://fd16-photos.leclercdrive.fr/image.ashx?id=2762001&use=l&cat=p&typeid=i","cat":288992},{"id":234150,"n":"Crème de douche Cadum Douceur velours - 450ml","p":3.01,"u":"6,69 €/L","img":"https://fd16-photos.leclercdrive.fr/image.ashx?id=2802518&use=l&cat=p&typeid=i","cat":284594},{"id":234151,"n":"Déodorant bille Narta  Resixyl 72h - 50ml","p":4.12,"u":"82,40 €/L","img":"https://fd16-photos.leclercdrive.fr/image.ashx?id=2769017&use=l&cat=p&typeid=i","cat":284595},{"id":234152,"n":"Déodorant bille Ushuaïa Monoï & tiaré - 50ml","p":2.74,"u":"54,80 €/L","img":"https://fd16-photos.leclercdrive.fr/image.ashx?id=2769020&use=l&cat=p&typeid=i","cat":284595},{"id":234155,"n":"Déodorant bille femme Ushuaïa Grenade açores - 50ml","p":2.74,"u":"54,80 €/L","img":"https://fd16-photos.leclercdrive.fr/image.ashx?id=2789092&use=l&cat=p&typeid=i","cat":284595},{"id":234156,"n":"Déodorant bille Ushuaïa Vanille - 50ml","p":2.74,"u":"54,80 €/L","img":"https://fd16-photos.leclercdrive.fr/image.ashx?id=2769023&use=l&cat=p&typeid=i","cat":284595},{"id":234157,"n":"Déodorant spray Ushuaïa Grenade - 200ml","p":2.74,"u":"13,70 €/L","img":"https://fd16-photos.leclercdrive.fr/image.ashx?id=2769026&use=l&cat=p&typeid=i","cat":284595},{"id":234158,"n":"Déodorant spray Ushuaïa Orchidée - 200ml","p":2.74,"u":"13,70 €/L","img":"https://fd16-photos.leclercdrive.fr/image.ashx?id=2769029&use=l&cat=p&typeid=i","cat":284595},{"id":234159,"n":"Déodorant spray Ushuaïa Vanille - 200ml","p":2.74,"u":"13,70 €/L","img":"https://fd16-photos.leclercdrive.fr/image.ashx?id=2769032&use=l&cat=p&typeid=i","cat":284595},{"id":234166,"n":"Déodorant spray homme Narta Resixyl Physio - 200ml","p":4.95,"u":"24,75 €/L","img":"https://fd16-photos.leclercdrive.fr/image.ashx?id=2769044&use=l&cat=p&typeid=i","cat":284596},{"id":234170,"n":"Liquide vaisselle Mir Aloe vera 450mL + 50% offerts - 675ml","p":1.75,"u":"2,59 €/L","img":"https://fd16-photos.leclercdrive.fr/image.ashx?id=2766292&use=l&cat=p&typeid=i","cat":284655},{"id":234175,"n":"Maxi briquets à pierre Bic Blister de 7 pièces","p":6.75,"u":"0,96 €/P","img":"https://fd16-photos.leclercdrive.fr/image.ashx?id=2887596&use=l&cat=p&typeid=i","cat":300578},{"id":234219,"n":"Cognac VS Courvoisier 40% vol. 70cl","p":41.34,"u":"59,06 €/L","img":"https://fd16-photos.leclercdrive.fr/image.ashx?id=2845886&use=l&cat=p&typeid=i","cat":286032},{"id":234268,"n":"Haricots verts d'aucy  Cuisson vapeur - 4/4","p":2.63,"u":"5,78 €/KG","img":"https://fd16-photos.leclercdrive.fr/image.ashx?id=2763085&use=l&cat=p&typeid=i","cat":312606},{"id":234291,"n":"KINDER Surprise Natoons Dino Chocolat au lait - 3x20g","p":3.54,"u":"59,00 €/KG","img":"https://fd16-photos.leclercdrive.fr/image.ashx?id=2940537&use=l&cat=p&typeid=i","cat":284958},{"id":234292,"n":"KINDER Surprise Licorne Chocolat au lait - 3x20g","p":3.14,"u":"52,33 €/KG","img":"https://fd16-photos.leclercdrive.fr/image.ashx?id=2883756&use=l&cat=p&typeid=i","cat":284958},{"id":234298,"n":"Recharge Sense & Spray Glade Bois Santal et Jasmin - 2x18ml","p":6.93,"pp":4.16,"u":"115,56 €/L","img":"https://fd16-photos.leclercdrive.fr/image.ashx?id=2763706&use=l&cat=p&typeid=i","cat":311629},{"id":234370,"n":"Cornichons Croq'Vert  Amora Extra-fins aux épices 210g","p":1.69,"u":"8,05 €/KG","img":"https://fd16-photos.leclercdrive.fr/image.ashx?id=2770671&use=l&cat=p&typeid=i","cat":284458},{"id":234375,"n":"Nouilles Tables du Monde Poulet - 3x65g","p":1.39,"u":"7,13 €/KG","img":"https://fd16-photos.leclercdrive.fr/image.ashx?id=2763045&use=l&cat=p&typeid=i","cat":288992},{"id":234514,"n":"Infusion Elephant Ligne equilibre x12 - 30g","p":3.22,"u":"107,33 €/KG","img":"https://fd16-photos.leclercdrive.fr/image.ashx?id=2769128&use=l&cat=p&typeid=i","cat":293234},{"id":234521,"n":"Boisson Jafun Pomme cassis framboise 1L","p":1.35,"u":"1,35 €/L","img":"https://fd16-photos.leclercdrive.fr/image.ashx?id=2764745&use=l&cat=p&typeid=i","cat":295018},{"id":234523,"n":"Thé noir en vrac Lipton Fruits rouges à la fraise 150g","p":7.87,"u":"52,47 €/KG","img":"https://fd16-photos.leclercdrive.fr/image.ashx?id=2769146&use=l&cat=p&typeid=i","cat":293233},{"id":234615,"n":"Bière Cherry 8.6 7.2%  50cl","p":1.89,"u":"3,78 €/L","img":"https://fd16-photos.leclercdrive.fr/image.ashx?id=2766102&use=l&cat=p&typeid=i","cat":334853},{"id":234644,"n":"Serviettes hygièniques Nana  Ultra Régulier Plus -  x22","p":2.76,"u":"0,13 €/P","img":"https://fd16-photos.leclercdrive.fr/image.ashx?id=2925541&use=l&cat=p&typeid=i","cat":284624},{"id":234749,"n":"Thon entier Saupiquet Huile d'olive & basilic - 120g","p":2.75,"u":"22,92 €/KG","img":"https://fd16-photos.leclercdrive.fr/image.ashx?id=2767084&use=l&cat=p&typeid=i","cat":303867},{"id":234860,"n":"Fromage Mini Caprice Des Dieux Filet de 4 Portions - 200g","p":3.54,"u":"17,70 €/KG","img":"https://fd16-photos.leclercdrive.fr/image.ashx?id=2768933&use=l&cat=p&typeid=i","cat":314033},{"id":234865,"n":"Curry de poulet  Tables du Monde - 900g","p":5.33,"u":"5,92 €/KG","img":"https://fd16-photos.leclercdrive.fr/image.ashx?id=2768481&use=l&cat=p&typeid=i","cat":284254},{"id":234869,"n":"Gâteau moelleux Chocalin Harrys Cacao et Chocolat X10 - 350G","p":3.15,"u":"9,00 €/KG","img":"https://fd16-photos.leclercdrive.fr/image.ashx?id=2962464&use=l&cat=p&typeid=i","cat":284495},{"id":234875,"n":"Purée de tomates Heinz x 3 - 212g","p":2.09,"u":"3,29 €/KG","img":"https://fd16-photos.leclercdrive.fr/image.ashx?id=2927004&use=l&cat=p&typeid=i","cat":288384},{"id":234975,"n":"Lessive liquide fraîcheur Bonux 50 lavages - 2.25L","p":9.67,"u":"4,30 €/L","img":"https://fd16-photos.leclercdrive.fr/image.ashx?id=2881996&use=l&cat=p&typeid=i","cat":284640},{"id":235051,"n":"Repas bébé Blédichef 12 mois  Risotto épinards Kiri - 230g","p":1.85,"u":"8,04 €/KG","img":"https://fd16-photos.leclercdrive.fr/image.ashx?id=2852375&use=l&cat=p&typeid=i","cat":312237},{"id":235065,"n":"Repas bébé Blédichef 15 mois  Pâtes poireaux et kiri -250g","p":2.05,"u":"8,20 €/KG","img":"https://fd16-photos.leclercdrive.fr/image.ashx?id=2928420&use=l&cat=p&typeid=i","cat":312238},{"id":235066,"n":"Repas bébé Blédichef 12 mois Potirons et panais -2x230g","p":3.98,"u":"8,65 €/KG","img":"https://fd16-photos.leclercdrive.fr/image.ashx?id=2935780&use=l&cat=p&typeid=i","cat":312237},{"id":235067,"n":"Repas bébé Blédichef Dès 12mois Carotte et semoule - 4x230g","p":7.58,"u":"8,24 €/KG","img":"https://fd16-photos.leclercdrive.fr/image.ashx?id=2773216&use=l&cat=p&typeid=i","cat":312237},{"id":235070,"n":"Repas bébé Blédichef 15 mois Lasagne épinards merlu -230g","p":2.79,"u":"12,13 €/KG","img":"https://fd16-photos.leclercdrive.fr/image.ashx?id=2865635&use=l&cat=p&typeid=i","cat":312238},{"id":235073,"n":"Repas bébé Blédichef 15 mois  Brocolis petits pois  -230g","p":2.42,"u":"12,10 €/KG","img":"https://fd16-photos.leclercdrive.fr/image.ashx?id=2773219&use=l&cat=p&typeid=i","cat":312238},{"id":235078,"n":"Repas bébé Blédichef 15 mois Carottes lentilles corail -200g","p":2.66,"u":"13,30 €/KG","img":"https://fd16-photos.leclercdrive.fr/image.ashx?id=2866304&use=l&cat=p&typeid=i","cat":312238},{"id":235080,"n":"Plat cuisiné William Saurin  Blanquette volaille - 320g","p":3.8,"u":"11,88 €/KG","img":"https://fd16-photos.leclercdrive.fr/image.ashx?id=2966017&use=l&cat=p&typeid=i","cat":284953},{"id":235081,"n":"Plat cuisiné William Saurin Trio gourmand boeuf - 320g","p":3.84,"u":"12,00 €/KG","img":"https://fd16-photos.leclercdrive.fr/image.ashx?id=2986386&use=l&cat=p&typeid=i","cat":284953},{"id":235082,"n":"Plat cuisiné William Saurin Trio gourmand merlu - 320g","p":3.87,"u":"12,09 €/KG","img":"https://fd16-photos.leclercdrive.fr/image.ashx?id=2986389&use=l&cat=p&typeid=i","cat":284953},{"id":235083,"n":"Plat cuisiné William Saurin Trio gourmand poulet pesto 320g","p":3.86,"u":"12,06 €/KG","img":"https://fd16-photos.leclercdrive.fr/image.ashx?id=2986383&use=l&cat=p&typeid=i","cat":284953},{"id":235084,"n":"Plat cuisiné William Saurin Trio gourmand 320g","p":3.82,"u":"11,94 €/KG","img":"https://fd16-photos.leclercdrive.fr/image.ashx?id=2986380&use=l&cat=p&typeid=i","cat":284953},{"id":235096,"n":"Sandwich américain frites Charal - 310g","p":4.59,"u":"14,81 €/KG","img":"https://fd16-photos.leclercdrive.fr/image.ashx?id=2773397&use=l&cat=p&typeid=i","cat":319822},{"id":235127,"n":"Biscuits parmesan poivre Savour 100g","p":1.85,"u":"18,50 €/KG","img":"https://fd16-photos.leclercdrive.fr/image.ashx?id=2791048&use=l&cat=p&typeid=i","cat":297000},{"id":235204,"n":"Vodka Sobieski Bib 1,5L","p":23.11,"u":"15,41 €/L","img":"https://fd16-photos.leclercdrive.fr/image.ashx?id=2775532&use=l&cat=p&typeid=i","cat":284550},{"id":235240,"n":"Pâte à tartiner Andros Be Nut's Beurre cacahuète crémeux - 525g","p":5.0,"u":"9,52 €/KG","img":"https://fd16-photos.leclercdrive.fr/image.ashx?id=2985357&use=l&cat=p&typeid=i","cat":284481},{"id":235243,"n":"Pate à tartiner Bonne Maman Cacahuète et cacao - 350g","p":3.79,"u":"10,83 €/KG","img":"https://fd16-photos.leclercdrive.fr/image.ashx?id=2986663&use=l&cat=p&typeid=i","cat":284481},{"id":235247,"n":"M&M's Peanut x5 180g","p":1.97,"u":"10,94 €/KG","img":"https://fd16-photos.leclercdrive.fr/image.ashx?id=3009011&use=l&cat=p&typeid=i","cat":304238},{"id":235299,"n":"Lessive désinfectante Sanytol Grand Air - 1,7L","p":10.15,"u":"5,97 €/L","img":"https://fd16-photos.leclercdrive.fr/image.ashx?id=2806078&use=l&cat=p&typeid=i","cat":284640},{"id":235318,"n":"Lessive Bonux  50 lavages - 2.25L","p":9.9,"u":"4,40 €/L","img":"https://fd16-photos.leclercdrive.fr/image.ashx?id=2881999&use=l&cat=p&typeid=i","cat":284640},{"id":235364,"n":"Friandises chat Whiskas  Poulet et fromage - 60g","p":1.05,"u":"17,50 €/KG","img":"https://fd16-photos.leclercdrive.fr/image.ashx?id=2976851&use=l&cat=p&typeid=i","cat":285285},{"id":235405,"n":"Friandises chat temptations Whiskas saveur saumon - 60g","p":1.11,"u":"18,50 €/KG","img":"https://fd16-photos.leclercdrive.fr/image.ashx?id=2976854&use=l&cat=p&typeid=i","cat":285285},{"id":235544,"n":"Brosse à dent enfant Signal Extra-souple - 0-6 ans x3","p":5.74,"u":"1,91 €/P","img":"https://fd16-photos.leclercdrive.fr/image.ashx?id=2779091&use=l&cat=p&typeid=i","cat":288897},{"id":235547,"n":"Bière blonde IPA Brooklyn Pulp Art 6° - 50cl canette","p":2.32,"u":"4,64 €/L","img":"https://fd16-photos.leclercdrive.fr/image.ashx?id=2779390&use=l&cat=p&typeid=i","cat":334853},{"id":235658,"n":"Herbes de provence Saint Lucie \"L'Originale Recette\" - 30g","p":1.66,"u":"55,33 €/KG","img":"https://fd16-photos.leclercdrive.fr/image.ashx?id=2968154&use=l&cat=p&typeid=i","cat":298297},{"id":235685,"n":"Lait bébé en poudre Calisma Gallia Croissance 12 mois 830g","p":10.86,"u":"13,08 €/KG","img":"https://fd16-photos.leclercdrive.fr/image.ashx?id=2794274&use=l&cat=p&typeid=i","cat":290219},{"id":235710,"n":"Chapelure Tablier Blanc 400g","p":0.88,"u":"2,20 €/KG","img":"https://fd16-photos.leclercdrive.fr/image.ashx?id=2793335&use=l&cat=p&typeid=i","cat":288382},{"id":235786,"n":"Tablette lave-vaisselle Visior Tout-en-un - x45 - 765g","p":5.27,"u":"6,89 €/KG","img":"https://fd16-photos.leclercdrive.fr/image.ashx?id=2954902&use=l&cat=p&typeid=i","cat":284656},{"id":235793,"n":"Dentifrice Junior Signal Menthe douce - 6-13 ans 75ml","p":2.89,"u":"38,53 €/L","img":"https://fd16-photos.leclercdrive.fr/image.ashx?id=2993502&use=l&cat=p&typeid=i","cat":288898},{"id":235802,"n":"Diffuseur électrique Insectivor Anti-moustique - +1 recharge","p":5.35,"img":"https://fd16-photos.leclercdrive.fr/image.ashx?id=2781004&use=l&cat=p&typeid=i","cat":298368},{"id":235807,"n":"Spray dégraissant Cif Bicarbonate - 750ml","p":2.79,"u":"3,72 €/L","img":"https://fd16-photos.leclercdrive.fr/image.ashx?id=2877295&use=l&cat=p&typeid=i","cat":325357},{"id":235821,"n":"Recharge diffuseur électrique Anti-moustique - x1","p":2.27,"img":"https://fd16-photos.leclercdrive.fr/image.ashx?id=2781052&use=l&cat=p&typeid=i","cat":298368},{"id":235828,"n":"Sac poubelle  Elembal Rectangle coulissant - 40L x 20","p":2.99,"u":"0,15 €/P","img":"https://fd16-photos.leclercdrive.fr/image.ashx?id=2793338&use=l&cat=p&typeid=i","cat":285168},{"id":235951,"n":"Frite classique Mc Cain Air Fryer - 600g","p":2.75,"u":"4,58 €/KG","img":"https://fd16-photos.leclercdrive.fr/image.ashx?id=2973345&use=l&cat=p&typeid=i","cat":319791},{"id":236083,"n":"Boisson Monster Energy zero Ultra rosa - 50cl","p":1.6,"u":"3,20 €/L","img":"https://fd16-photos.leclercdrive.fr/image.ashx?id=2784465&use=l&cat=p&typeid=i","cat":284533},{"id":236221,"n":"Brioche tressée Epi d'or nature - 600g","p":2.09,"u":"3,48 €/KG","img":"https://fd16-photos.leclercdrive.fr/image.ashx?id=2976297&use=l&cat=p&typeid=i","cat":284478},{"id":236254,"n":"Saucisson sec Cochonou La Ficelle - 150g","p":3.15,"u":"21,00 €/KG","img":"https://fd16-photos.leclercdrive.fr/image.ashx?id=2789083&use=l&cat=p&typeid=i","cat":316006},{"id":236266,"n":"Boisson Monster Energy zero Ultra peachy keen - 50cl","p":1.33,"u":"2,66 €/L","img":"https://fd16-photos.leclercdrive.fr/image.ashx?id=2789116&use=l&cat=p&typeid=i","cat":284533},{"id":236465,"n":"Chocolat L'escargot Lanvin Noir - 362g","p":14.5,"u":"40,06 €/KG","img":"https://fd16-photos.leclercdrive.fr/image.ashx?id=2903836&use=l&cat=p&typeid=i","cat":327595},{"id":236487,"n":"Bloc WC Canard Fresh Disc Active Eucalyptus - 6x36ml","p":2.87,"u":"13,29 €/L","img":"https://fd16-photos.leclercdrive.fr/image.ashx?id=2791590&use=l&cat=p&typeid=i","cat":284662},{"id":236656,"n":"Chips Lay's Paysanne Vinaigre de cidre et sel 120g","p":1.68,"u":"14,00 €/KG","img":"https://fd16-photos.leclercdrive.fr/image.ashx?id=2810789&use=l&cat=p&typeid=i","cat":284447},{"id":236657,"n":"Chips Lay's Paysanne Moutarde poulet miel 120g","p":1.69,"u":"14,08 €/KG","img":"https://fd16-photos.leclercdrive.fr/image.ashx?id=2868924&use=l&cat=p&typeid=i","cat":284447},{"id":236718,"n":"Chocolat Peluche mix Kinder Cerf - 133g","p":13.94,"u":"104,81 €/KG","img":"https://fd16-photos.leclercdrive.fr/image.ashx?id=2798807&use=l&cat=p&typeid=i","cat":327789},{"id":236719,"n":"Chocolat Peluche mix Kinder Loutre - 133g","p":13.94,"u":"104,81 €/KG","img":"https://fd16-photos.leclercdrive.fr/image.ashx?id=2798810&use=l&cat=p&typeid=i","cat":327789},{"id":236720,"n":"Chocolat Peluche mix Kinder Ours - 133g","p":13.94,"u":"104,81 €/KG","img":"https://fd16-photos.leclercdrive.fr/image.ashx?id=2798813&use=l&cat=p&typeid=i","cat":327789},{"id":236721,"n":"Chocolat Peluche mix Kinder Phoque - 133g","p":13.94,"u":"104,81 €/KG","img":"https://fd16-photos.leclercdrive.fr/image.ashx?id=2798816&use=l&cat=p&typeid=i","cat":327789},{"id":236725,"n":"Moulage chocolat Kinder Bonhomme de neige - 35g","p":1.75,"u":"50,00 €/KG","img":"https://fd16-photos.leclercdrive.fr/image.ashx?id=2798819&use=l&cat=p&typeid=i","cat":327592},{"id":236726,"n":"Moulage chocolat Kinder Fille - 35g","p":1.75,"u":"50,00 €/KG","img":"https://fd16-photos.leclercdrive.fr/image.ashx?id=2798822&use=l&cat=p&typeid=i","cat":327592},{"id":236727,"n":"Moulage chocolat Kinder Garçon - 35g","p":1.75,"u":"50,00 €/KG","img":"https://fd16-photos.leclercdrive.fr/image.ashx?id=2798825&use=l&cat=p&typeid=i","cat":327592},{"id":236729,"n":"Moulage chocolat Kinder Pinguoin - 35g","p":1.75,"u":"50,00 €/KG","img":"https://fd16-photos.leclercdrive.fr/image.ashx?id=2798831&use=l&cat=p&typeid=i","cat":327592},{"id":236734,"n":"Moulage avec surprise Kinder Bonhomme de Neige- 36g","p":2.17,"u":"60,28 €/KG","img":"https://fd16-photos.leclercdrive.fr/image.ashx?id=2798846&use=l&cat=p&typeid=i","cat":327592},{"id":236735,"n":"Moulage avec surprise Kinder Ecureuil- 36g","p":2.17,"u":"60,28 €/KG","img":"https://fd16-photos.leclercdrive.fr/image.ashx?id=2798849&use=l&cat=p&typeid=i","cat":327592},{"id":236736,"n":"Moulage avec surprise Kinder Garçon - 36g","p":2.17,"u":"60,28 €/KG","img":"https://fd16-photos.leclercdrive.fr/image.ashx?id=2798852&use=l&cat=p&typeid=i","cat":327592},{"id":236737,"n":"Moulage avec surprise Kinder Père Noël - 36g","p":2.17,"u":"60,28 €/KG","img":"https://fd16-photos.leclercdrive.fr/image.ashx?id=2798855&use=l&cat=p&typeid=i","cat":327592},{"id":236738,"n":"Moulage avec surprise Kinder Pingouin - 36g","p":2.17,"u":"60,28 €/KG","img":"https://fd16-photos.leclercdrive.fr/image.ashx?id=2798858&use=l&cat=p&typeid=i","cat":327592},{"id":236741,"n":"Oeuf maxi Kinder Surprise Noel - 100g","p":5.67,"u":"56,70 €/KG","img":"https://fd16-photos.leclercdrive.fr/image.ashx?id=2798864&use=l&cat=p&typeid=i","cat":327592},{"id":236770,"n":"Mug de Noël Fizzy Mr Costaud +100g de chocolat","p":6.7,"u":"67,00 €/KG","img":"https://fd16-photos.leclercdrive.fr/image.ashx?id=2851009&use=l&cat=p&typeid=i","cat":327789},{"id":236773,"n":"Lisa la licorne blanche Fizzy Chocolat - 100g","p":11.6,"u":"116,00 €/KG","img":"https://fd16-photos.leclercdrive.fr/image.ashx?id=2798903&use=l&cat=p&typeid=i","cat":327789},{"id":236776,"n":"Bûche tradition Ehrard Omelette Norvégienne - 560g","p":10.94,"u":"19,54 €/KG","img":"https://fd16-photos.leclercdrive.fr/image.ashx?id=2795767&use=l&cat=p&typeid=i","cat":284266},{"id":236778,"n":"Sac a main peluche Fizzy Husky - 100g","p":12.27,"u":"122,70 €/KG","img":"https://fd16-photos.leclercdrive.fr/image.ashx?id=2798912&use=l&cat=p&typeid=i","cat":327789},{"id":236779,"n":"Sac a main peluche Fizzy Saint Bernard - 100g","p":12.27,"u":"122,70 €/KG","img":"https://fd16-photos.leclercdrive.fr/image.ashx?id=2798915&use=l&cat=p&typeid=i","cat":327789},{"id":236780,"n":"Bûche tradition vanille  chocolat Erhard - 420g","p":10.94,"u":"26,05 €/KG","img":"https://fd16-photos.leclercdrive.fr/image.ashx?id=2795761&use=l&cat=p&typeid=i","cat":284266},{"id":236782,"n":"Bûche tradition vanille fraise Erhard - 420g","p":10.94,"u":"26,05 €/KG","img":"https://fd16-photos.leclercdrive.fr/image.ashx?id=2795764&use=l&cat=p&typeid=i","cat":284266},{"id":236785,"n":"La tribu du père Noël Fizzy  Ours + 50g de chocolat","p":6.8,"u":"136,00 €/KG","img":"https://fd16-photos.leclercdrive.fr/image.ashx?id=2798927&use=l&cat=p&typeid=i","cat":327789},{"id":236786,"n":"La tribu du père Noël Fizzy  Père Noël + 50g de chocolat","p":6.8,"u":"136,00 €/KG","img":"https://fd16-photos.leclercdrive.fr/image.ashx?id=2798930&use=l&cat=p&typeid=i","cat":327789},{"id":236787,"n":"La tribu du père Noël Fizzy  Renne + 50g de chocolat","p":6.8,"u":"136,00 €/KG","img":"https://fd16-photos.leclercdrive.fr/image.ashx?id=2798933&use=l&cat=p&typeid=i","cat":327789},{"id":236830,"n":"Bonhomme de neige Riegelein Bleu - 125g","p":3.83,"u":"30,64 €/KG","img":"https://fd16-photos.leclercdrive.fr/image.ashx?id=2798990&use=l&cat=p&typeid=i","cat":284958},{"id":236831,"n":"Bonhomme de neige Riegelein Rouge - 125g","p":3.83,"u":"30,64 €/KG","img":"https://fd16-photos.leclercdrive.fr/image.ashx?id=2798993&use=l&cat=p&typeid=i","cat":284958},{"id":236832,"n":"Bonhomme de neige Riegelein Vert - 125g","p":3.83,"u":"30,64 €/KG","img":"https://fd16-photos.leclercdrive.fr/image.ashx?id=2798996&use=l&cat=p&typeid=i","cat":284958},{"id":236833,"n":"Bonhomme de neige Riegelein Violet - 125g","p":3.83,"u":"30,64 €/KG","img":"https://fd16-photos.leclercdrive.fr/image.ashx?id=2798999&use=l&cat=p&typeid=i","cat":284958},{"id":237016,"n":"Boïte Chocolat Jacquot Lait Noir & Blanc - 222g","p":6.47,"u":"29,14 €/KG","img":"https://fd16-photos.leclercdrive.fr/image.ashx?id=2796734&use=l&cat=p&typeid=i","cat":327595},{"id":237017,"n":"Boïte Chocolat Jacquot Lait Noir & Blanc - 433g","p":11.0,"u":"25,40 €/KG","img":"https://fd16-photos.leclercdrive.fr/image.ashx?id=2796731&use=l&cat=p&typeid=i","cat":327595},{"id":237018,"n":"Boïte Chocolat Jacquot Chocolat au lait - 214g","p":6.47,"u":"30,23 €/KG","img":"https://fd16-photos.leclercdrive.fr/image.ashx?id=2796740&use=l&cat=p&typeid=i","cat":327595},{"id":237019,"n":"Boïte Chocolat Jacquot Chocolat au lait - 424g","p":11.0,"u":"25,94 €/KG","img":"https://fd16-photos.leclercdrive.fr/image.ashx?id=2796737&use=l&cat=p&typeid=i","cat":327595},{"id":237028,"n":"Figurines de noël Jacquot Chocolat praliné - 250g","p":3.25,"u":"13,00 €/KG","img":"https://fd16-photos.leclercdrive.fr/image.ashx?id=2796719&use=l&cat=p&typeid=i","cat":327592},{"id":237029,"n":"Figurines Kid Noël Jacquot Chocolat lait - 250g","p":3.25,"u":"13,00 €/KG","img":"https://fd16-photos.leclercdrive.fr/image.ashx?id=2796716&use=l&cat=p&typeid=i","cat":327592},{"id":237031,"n":"Peluche Kinder Mix - 133g","p":13.94,"u":"104,81 €/KG","img":"https://fd16-photos.leclercdrive.fr/image.ashx?id=2940285&use=l&cat=p&typeid=i","cat":327789},{"id":237033,"n":"Œuf Maxi Kinder surprise Garçon - 100g","p":5.67,"u":"56,70 €/KG","img":"https://fd16-photos.leclercdrive.fr/image.ashx?id=2940516&use=l&cat=p&typeid=i","cat":327592},{"id":237049,"n":"Chocolat Kinder Mini friends Eclats caramel - 122g","p":4.84,"u":"39,67 €/KG","img":"https://fd16-photos.leclercdrive.fr/image.ashx?id=2797052&use=l&cat=p&typeid=i","cat":327592},{"id":237053,"n":"Boîte chocolat Kinder Happy Moments Sapin - 243g","p":8.97,"u":"36,91 €/KG","img":"https://fd16-photos.leclercdrive.fr/image.ashx?id=2945790&use=l&cat=p&typeid=i","cat":327592},{"id":237054,"n":"Chaussette Kinder&Co Assortiment chocolat - 212g","p":10.8,"u":"50,94 €/KG","img":"https://fd16-photos.leclercdrive.fr/image.ashx?id=2899755&use=l&cat=p&typeid=i","cat":327592},{"id":237055,"n":"Sac mix Kinder Assortiment chocolat - 223g","p":8.97,"u":"40,22 €/KG","img":"https://fd16-photos.leclercdrive.fr/image.ashx?id=2940534&use=l&cat=p&typeid=i","cat":327592},{"id":237057,"n":"Chocolat Ferrero Collection Grand assortiment x43 - 432g","p":16.99,"u":"39,33 €/KG","img":"https://fd16-photos.leclercdrive.fr/image.ashx?id=2940543&use=l&cat=p&typeid=i","cat":327595},{"id":237061,"n":"Boite candy canes Fizzy - 140g","p":3.08,"u":"22,00 €/KG","img":"https://fd16-photos.leclercdrive.fr/image.ashx?id=2796833&use=l&cat=p&typeid=i","cat":327592},{"id":237062,"n":"Automate musical Fizzy Renne - 135g","p":22.55,"u":"167,04 €/KG","img":"https://fd16-photos.leclercdrive.fr/image.ashx?id=2796857&use=l&cat=p&typeid=i","cat":327789},{"id":237066,"n":"Chocolats avec Peluche Fizzy Ginger friends fille - 100g","p":10.84,"u":"108,40 €/KG","img":"https://fd16-photos.leclercdrive.fr/image.ashx?id=2851018&use=l&cat=p&typeid=i","cat":327789},{"id":237068,"n":"Sac à main Peluche Fizzy Licorne - 100g","p":12.27,"u":"122,70 €/KG","img":"https://fd16-photos.leclercdrive.fr/image.ashx?id=2796318&use=l&cat=p&typeid=i","cat":327789},{"id":237127,"n":"Boîte chocolat Lanvin Mixte chocolats - 285g","p":14.97,"u":"52,53 €/KG","img":"https://fd16-photos.leclercdrive.fr/image.ashx?id=2797145&use=l&cat=p&typeid=i","cat":327595},{"id":237128,"n":"Assortiment chocolat Lanvin Chocolat noir - 294g","p":13.67,"u":"46,50 €/KG","img":"https://fd16-photos.leclercdrive.fr/image.ashx?id=2966149&use=l&cat=p&typeid=i","cat":327595},{"id":237129,"n":"Les Bouchées Les Recettes de L'Atelier - Lait et noir - 398G","p":14.75,"pp":11.06,"u":"27,79 €/KG","img":"https://fd16-photos.leclercdrive.fr/image.ashx?id=2797106&use=l&cat=p&typeid=i","cat":327595},{"id":237131,"n":"Boîte chocolat Lanvin Assortiment chocolat Lait 274g","p":15.0,"u":"54,74 €/KG","img":"https://fd16-photos.leclercdrive.fr/image.ashx?id=2797139&use=l&cat=p&typeid=i","cat":327595},{"id":237132,"n":"L'escargot chocolat Lanvin Trio Lait Blanc Noir - 362g","p":17.15,"u":"47,38 €/KG","img":"https://fd16-photos.leclercdrive.fr/image.ashx?id=2966146&use=l&cat=p&typeid=i","cat":327595},{"id":237134,"n":"L'escargot chocolat Lanvin Duo Lait noir - 362G","p":15.9,"u":"43,92 €/KG","img":"https://fd16-photos.leclercdrive.fr/image.ashx?id=2902843&use=l&cat=p&typeid=i","cat":327595},{"id":237140,"n":"L'escargot trio Lanvin Lait Amande Caramel - 362g","p":13.44,"u":"37,13 €/KG","img":"https://fd16-photos.leclercdrive.fr/image.ashx?id=2897405&use=l&cat=p&typeid=i","cat":327595},{"id":237147,"n":"Papillotes Chocolat Praliné   Chocolaterie du Forez - 840g","p":10.54,"u":"12,55 €/KG","img":"https://fd16-photos.leclercdrive.fr/image.ashx?id=2797831&use=l&cat=p&typeid=i","cat":327597},{"id":237149,"n":"Papillotte Quiz cinéma Révillon Chocolat Noir Lait Blanc - 360g","p":10.95,"u":"30,42 €/KG","img":"https://fd16-photos.leclercdrive.fr/image.ashx?id=2797834&use=l&cat=p&typeid=i","cat":327597},{"id":237151,"n":"Papillotte Quiz musical Révillon Noir Lait Blanc - 360g","p":10.95,"u":"30,42 €/KG","img":"https://fd16-photos.leclercdrive.fr/image.ashx?id=2802368&use=l&cat=p&typeid=i","cat":327597},{"id":237156,"n":"Boîte chocolat Révillon Grand assortiment lait - 407g","p":17.99,"u":"44,20 €/KG","img":"https://fd16-photos.leclercdrive.fr/image.ashx?id=2900788&use=l&cat=p&typeid=i","cat":327595},{"id":237158,"n":"Boîte chocolat Révillon Noir 70% Lait Blanc - 409g","p":17.98,"u":"43,96 €/KG","img":"https://fd16-photos.leclercdrive.fr/image.ashx?id=2900797&use=l&cat=p&typeid=i","cat":327595},{"id":237161,"n":"Ballotin Révillon Chocolat au lait - 214g","p":8.95,"u":"41,82 €/KG","img":"https://fd16-photos.leclercdrive.fr/image.ashx?id=2900782&use=l&cat=p&typeid=i","cat":327595},{"id":237163,"n":"Ballotin Révillon Chocolat Noir Lait Blanc - 215g","p":8.95,"u":"41,63 €/KG","img":"https://fd16-photos.leclercdrive.fr/image.ashx?id=2879685&use=l&cat=p&typeid=i","cat":327595},{"id":237177,"n":"Sachet cornet Napo Eichetti Confiserie de cacao - 200g","p":2.48,"u":"12,40 €/KG","img":"https://fd16-photos.leclercdrive.fr/image.ashx?id=2796920&use=l&cat=p&typeid=i","cat":327592},{"id":237836,"n":"Ficelle alimentaire éco+","p":2.37,"img":"https://fd16-photos.leclercdrive.fr/image.ashx?id=2808640&use=l&cat=p&typeid=i","cat":298490},{"id":237842,"n":"Araignée de porc Bigard Ail et persil - 400g","p":7.5,"u":"18,75 €/KG","img":"https://fd16-photos.leclercdrive.fr/image.ashx?id=2796806&use=l&cat=p&typeid=i","cat":284331},{"id":237844,"n":"Rince doigts x10  Homeside","p":1.9,"img":"https://fd16-photos.leclercdrive.fr/image.ashx?id=2806792&use=l&cat=p&typeid=i","cat":334135},{"id":237847,"n":"Ménagère Eco+ Gris 24 pièces","p":7.97,"img":"https://fd16-photos.leclercdrive.fr/image.ashx?id=2806786&use=l&cat=p&typeid=i","cat":334134},{"id":237894,"n":"Moulage avec surprise Kinder Pingouin - 36g","p":2.17,"u":"60,28 €/KG","img":"https://fd16-photos.leclercdrive.fr/image.ashx?id=2799032&use=l&cat=p&typeid=i","cat":327592},{"id":237899,"n":"Sac noel Kinder Assortiment chocolat - 223g","p":8.97,"u":"40,22 €/KG","img":"https://fd16-photos.leclercdrive.fr/image.ashx?id=2799047&use=l&cat=p&typeid=i","cat":284958},{"id":237900,"n":"Chaussette Kinder&Co Bleue Assortiment chocolat - 212g","p":10.8,"u":"50,94 €/KG","img":"https://fd16-photos.leclercdrive.fr/image.ashx?id=2799050&use=l&cat=p&typeid=i","cat":327592},{"id":237901,"n":"Chaussette Kinder&Co Rouge Assortiment chocolat - 212g","p":10.8,"u":"50,94 €/KG","img":"https://fd16-photos.leclercdrive.fr/image.ashx?id=2803939&use=l&cat=p&typeid=i","cat":327592},{"id":237908,"n":"Fizzy mug Mr et Mme Bonheur 100g","p":6.7,"u":"67,00 €/KG","img":"https://fd16-photos.leclercdrive.fr/image.ashx?id=2983676&use=l&cat=p&typeid=i","cat":327789},{"id":237910,"n":"Chocolats avec Peluche Fizzy Ginger friends garçon - 100g","p":10.84,"u":"108,40 €/KG","img":"https://fd16-photos.leclercdrive.fr/image.ashx?id=2799077&use=l&cat=p&typeid=i","cat":284958},{"id":237911,"n":"Chocolats avec Peluche Fizzy Ginger Friends fille - 100g","p":10.84,"u":"9,03 €/KG","img":"https://fd16-photos.leclercdrive.fr/image.ashx?id=2799080&use=l&cat=p&typeid=i","cat":284958},{"id":237927,"n":"Crème Revitalift L'Oréal Paris Soin défatigant jour - 100ml","p":10.27,"u":"102,70 €/L","img":"https://fd16-photos.leclercdrive.fr/image.ashx?id=2887965&use=l&cat=p&typeid=i","cat":325345},{"id":238157,"n":"Coffret sélection bière Goudale 18 bouteilles - 5.62l","p":26.9,"u":"4,80 €/L","img":"https://fd16-photos.leclercdrive.fr/image.ashx?id=2799434&use=l&cat=p&typeid=i","cat":334872},{"id":238160,"n":"Foie gras de canard entier Secret d'éleveurs - 300g","p":30.15,"pp":19.9,"u":"66,33 €/KG","img":"https://fd16-photos.leclercdrive.fr/image.ashx?id=2799443&use=l&cat=p&typeid=i","cat":316008},{"id":238167,"n":"Whisky Aberlour Triple Cast 40% 70cl","p":36.95,"u":"52,79 €/L","img":"https://fd16-photos.leclercdrive.fr/image.ashx?id=2999006&use=l&cat=p&typeid=i","cat":284547},{"id":238229,"n":"Automate musical Fizzy Père Noël - 135g","p":22.55,"u":"167,04 €/KG","img":"https://fd16-photos.leclercdrive.fr/image.ashx?id=2799844&use=l&cat=p&typeid=i","cat":327789},{"id":238234,"n":"Chocolats Noisettes Caffarel  Italian sélection 200g","p":7.74,"u":"38,70 €/KG","img":"https://fd16-photos.leclercdrive.fr/image.ashx?id=2883762&use=l&cat=p&typeid=i","cat":284499},{"id":238235,"n":"Ballotin chocolat noir Gianduja - 150g","p":7.74,"u":"51,60 €/KG","img":"https://fd16-photos.leclercdrive.fr/image.ashx?id=2961293&use=l&cat=p&typeid=i","cat":284499},{"id":238378,"n":"Gel à raser Wilkinson 200ml","p":3.79,"u":"18,95 €/L","img":"https://fd16-photos.leclercdrive.fr/image.ashx?id=2801255&use=l&cat=p&typeid=i","cat":284617},{"id":238530,"n":"Ravioli Lustucru Selection  4 fromages - 310g","p":1.95,"u":"6,29 €/KG","img":"https://fd16-photos.leclercdrive.fr/image.ashx?id=2962524&use=l&cat=p&typeid=i","cat":333682},{"id":238546,"n":"Whisky Bruichladdich The Classic Laddie - 50° - 70cl","p":49.9,"u":"71,29 €/L","img":"https://fd16-photos.leclercdrive.fr/image.ashx?id=2801944&use=l&cat=p&typeid=i","cat":284547},{"id":238569,"n":"Rasoirs jetables homme Gillette Blue II Plus - x10","p":3.77,"u":"0,38 €/P","img":"https://fd16-photos.leclercdrive.fr/image.ashx?id=2801485&use=l&cat=p&typeid=i","cat":284616},{"id":238671,"n":"Manège glacé Erhard Pâtissier Fruits rouges Vanille - 575g","p":11.99,"u":"20,85 €/KG","img":"https://fd16-photos.leclercdrive.fr/image.ashx?id=2852875&use=l&cat=p&typeid=i","cat":284266},{"id":238786,"n":"Sucette guimauve Xmas Fizzy  Pain d'epices - 35g","p":1.55,"u":"44,29 €/KG","img":"https://fd16-photos.leclercdrive.fr/image.ashx?id=2804349&use=l&cat=p&typeid=i","cat":327592},{"id":238790,"n":"Mini croustis Bonduelle Indian curry 240g","p":3.3,"u":"13,75 €/KG","img":"https://fd16-photos.leclercdrive.fr/image.ashx?id=2974578&use=l&cat=p&typeid=i","cat":284254},{"id":238796,"n":"Menus Gourmands Viande en  gelée Tous mes Amis - 48x100g","p":13.95,"u":"2,91 €/KG","img":"https://fd16-photos.leclercdrive.fr/image.ashx?id=2820007&use=l&cat=p&typeid=i","cat":285286},{"id":238894,"n":"Pilon de poulet blanc Eco+ 1kg","p":4.74,"u":"4,74 €/KG","img":"https://fd16-photos.leclercdrive.fr/image.ashx?id=2858974&use=l&cat=p&typeid=i","cat":284336},{"id":238977,"n":"Lait 1er âge Good Goût  Bio 800g","p":19.7,"u":"24,63 €/KG","img":"https://fd16-photos.leclercdrive.fr/image.ashx?id=2828331&use=l&cat=p&typeid=i","cat":284726},{"id":238978,"n":"Lait 2ème âge Good Goût Bio  800g","p":19.7,"u":"24,63 €/KG","img":"https://fd16-photos.leclercdrive.fr/image.ashx?id=2828334&use=l&cat=p&typeid=i","cat":284727},{"id":238984,"n":"Rasoir Tondeuse Carré Homme Hybride +1 recharge","p":17.9,"u":"17,90 €/PRT","img":"https://fd16-photos.leclercdrive.fr/image.ashx?id=2804072&use=l&cat=p&typeid=i","cat":284616},{"id":238985,"n":"Recharge rasoir tondeuse Hybride - Carré homme","p":8.99,"img":"https://fd16-photos.leclercdrive.fr/image.ashx?id=2804075&use=l&cat=p&typeid=i","cat":284616},{"id":238997,"n":"Tire-bouchon Homeside Sommelier Inox - x1","p":2.99,"img":"https://fd16-photos.leclercdrive.fr/image.ashx?id=2808652&use=l&cat=p&typeid=i","cat":334135},{"id":239000,"n":"Coupe tarte/pizza Homeside x1","p":4.59,"img":"https://fd16-photos.leclercdrive.fr/image.ashx?id=2808661&use=l&cat=p&typeid=i","cat":334135},{"id":239001,"n":"Fourchettes à fondue Homeside Manche en bois - x3","p":3.9,"img":"https://fd16-photos.leclercdrive.fr/image.ashx?id=2808670&use=l&cat=p&typeid=i","cat":334135},{"id":239022,"n":"Lyre à foie gras Homeside x1","p":3.5,"img":"https://fd16-photos.leclercdrive.fr/image.ashx?id=2808667&use=l&cat=p&typeid=i","cat":334135},{"id":239025,"n":"Piques apéritif Homeside 10cm - En bambou - x50","p":1.89,"img":"https://fd16-photos.leclercdrive.fr/image.ashx?id=2808649&use=l&cat=p&typeid=i","cat":334135},{"id":239055,"n":"Vacherin glacé Erhard Chocolat caramel - 450g","p":8.8,"u":"19,56 €/KG","img":"https://fd16-photos.leclercdrive.fr/image.ashx?id=2805423&use=l&cat=p&typeid=i","cat":284266},{"id":239076,"n":"Foie gras de canard Larnaudie Entier - 160g","p":29.24,"u":"182,75 €/KG","img":"https://fd16-photos.leclercdrive.fr/image.ashx?id=2918637&use=l&cat=p&typeid=i","cat":316008},{"id":239101,"n":"Riz Thaï Taureau Ailé 1kg","p":2.98,"u":"2,98 €/KG","img":"https://fd16-photos.leclercdrive.fr/image.ashx?id=2805558&use=l&cat=p&typeid=i","cat":284428},{"id":239191,"n":"AOP Pic Saint Loup Biranq Nos Vignerons ont du talent - 75cl","p":9.9,"u":"13,20 €/L","img":"https://fd16-photos.leclercdrive.fr/image.ashx?id=2804849&use=l&cat=p&typeid=i","cat":289556},{"id":239205,"n":"Coloration Palette N°800 Châtain foncé x1","p":4.09,"img":"https://fd16-photos.leclercdrive.fr/image.ashx?id=2817476&use=l&cat=p&typeid=i","cat":288899},{"id":239207,"n":"Coloration Palette N°909 Noir bleuté - x1","p":4.34,"img":"https://fd16-photos.leclercdrive.fr/image.ashx?id=2911294&use=l&cat=p&typeid=i","cat":288899},{"id":239208,"n":"Lessive capsules Le Chat  Disc Expert 4 en 1 x25 - 413g","p":8.23,"u":"19,98 €/KG","img":"https://fd16-photos.leclercdrive.fr/image.ashx?id=2936125&use=l&cat=p&typeid=i","cat":284641},{"id":239220,"n":"Bain de Bouche Listerine Haleine Fraiche 500ml","p":3.76,"u":"7,52 €/L","img":"https://fd16-photos.leclercdrive.fr/image.ashx?id=2806309&use=l&cat=p&typeid=i","cat":284613},{"id":239221,"n":"Bain de Bouche Listerine Total Care 10 en 1-500ml","p":4.95,"u":"9,90 €/L","img":"https://fd16-photos.leclercdrive.fr/image.ashx?id=2806312&use=l&cat=p&typeid=i","cat":284613},{"id":239226,"n":"Adoucissant recharge Soupline à diluer Grand Air - 600ml","p":2.2,"u":"3,67 €/L","img":"https://fd16-photos.leclercdrive.fr/image.ashx?id=2957314&use=l&cat=p&typeid=i","cat":284650},{"id":239227,"n":"Adoucissant recharge Soupline à diluer Hypoallergénique 600ml","p":2.73,"u":"4,55 €/L","img":"https://fd16-photos.leclercdrive.fr/image.ashx?id=2813546&use=l&cat=p&typeid=i","cat":284650},{"id":239228,"n":"Adoucissant recharge Soupline à diluer Moment Magique-600ml","p":3.28,"u":"5,47 €/L","img":"https://fd16-photos.leclercdrive.fr/image.ashx?id=2863027&use=l&cat=p&typeid=i","cat":284650},{"id":239229,"n":"Brume de linge Soupline spray Grand Air - 300ml","p":5.15,"u":"17,17 €/L","img":"https://fd16-photos.leclercdrive.fr/image.ashx?id=2866202&use=l&cat=p&typeid=i","cat":325302},{"id":239232,"n":"Dentifrice Colgate Active Blancheur - 75ml","p":3.48,"u":"46,40 €/L","img":"https://fd16-photos.leclercdrive.fr/image.ashx?id=2814623&use=l&cat=p&typeid=i","cat":284612},{"id":239233,"n":"Dentifrice Colgate Soin complet - 75ml","p":2.23,"u":"29,73 €/L","img":"https://fd16-photos.leclercdrive.fr/image.ashx?id=2836196&use=l&cat=p&typeid=i","cat":284612},{"id":239478,"n":"Burger Géant Jacquet Nature x4 - 330g","p":1.07,"u":"3,24 €/KG","img":"https://fd16-photos.leclercdrive.fr/image.ashx?id=3010981&use=l&cat=p&typeid=i","cat":325067},{"id":239480,"n":"Burger Géant Jacquet Farine complète x4 - 330g","p":1.3,"u":"3,94 €/KG","img":"https://fd16-photos.leclercdrive.fr/image.ashx?id=2973544&use=l&cat=p&typeid=i","cat":325067},{"id":239504,"n":"Burger Géant Jacquet Nature x6 - 495g","p":1.68,"u":"3,39 €/KG","img":"https://fd16-photos.leclercdrive.fr/image.ashx?id=2991876&use=l&cat=p&typeid=i","cat":325067},{"id":239524,"n":"Jus de pomme  Fruits des Weppes - 3L","p":7.45,"u":"2,48 €/L","img":"https://fd16-photos.leclercdrive.fr/image.ashx?id=2807765&use=l&cat=p&typeid=i","cat":284522},{"id":239615,"n":"Boisson hydratation Prime Ice pop 500ml","p":1.79,"u":"3,58 €/L","img":"https://fd16-photos.leclercdrive.fr/image.ashx?id=2807882&use=l&cat=p&typeid=i","cat":284533},{"id":239616,"n":"Boisson hydratation Prime Framboise 500ml","p":1.79,"u":"3,58 €/L","img":"https://fd16-photos.leclercdrive.fr/image.ashx?id=2807879&use=l&cat=p&typeid=i","cat":284533},{"id":239617,"n":"Boisson hydratation Prime Fraise pastèque 500ml","p":1.79,"u":"3,58 €/L","img":"https://fd16-photos.leclercdrive.fr/image.ashx?id=2849277&use=l&cat=p&typeid=i","cat":284533},{"id":239864,"n":"Velouté Liebig 12 legumes - 2x30cl","p":1.81,"u":"3,02 €/L","img":"https://fd16-photos.leclercdrive.fr/image.ashx?id=2923513&use=l&cat=p&typeid=i","cat":284462},{"id":239888,"n":"Bouillon Maggi Tomate vermicelle - 70g","p":0.56,"u":"8,00 €/KG","img":"https://fd16-photos.leclercdrive.fr/image.ashx?id=2811713&use=l&cat=p&typeid=i","cat":288379},{"id":239891,"n":"Poule aux vermicelles Maggi 65g","p":0.62,"u":"9,54 €/KG","img":"https://fd16-photos.leclercdrive.fr/image.ashx?id=2811716&use=l&cat=p&typeid=i","cat":288379},{"id":239893,"n":"Bouillon de tomates Royco x3 - 60cl","p":1.68,"u":"2,80 €/L","img":"https://fd16-photos.leclercdrive.fr/image.ashx?id=2810630&use=l&cat=p&typeid=i","cat":288379},{"id":239897,"n":"Velouté de poireaux Royco  pomme de terre x3 - 80cl","p":1.61,"u":"2,01 €/L","img":"https://fd16-photos.leclercdrive.fr/image.ashx?id=2810642&use=l&cat=p&typeid=i","cat":293527},{"id":239899,"n":"Plat Bledina Boeuf et carotte - 200g","p":2.7,"u":"13,50 €/KG","img":"https://fd16-photos.leclercdrive.fr/image.ashx?id=2866307&use=l&cat=p&typeid=i","cat":312238},{"id":239905,"n":"Nouilles Tables du Monde Legumes - 3x65g","p":1.39,"u":"7,13 €/KG","img":"https://fd16-photos.leclercdrive.fr/image.ashx?id=2808727&use=l&cat=p&typeid=i","cat":288992},{"id":239928,"n":"Pâte à tartinerLotus Speculoos crunchy Biscoff 390g","p":3.77,"u":"9,67 €/KG","img":"https://fd16-photos.leclercdrive.fr/image.ashx?id=2811575&use=l&cat=p&typeid=i","cat":284481},{"id":239934,"n":"Bols Bledina Crémeux poireaux cabillaud 400g","p":2.79,"u":"6,98 €/KG","img":"https://fd16-photos.leclercdrive.fr/image.ashx?id=2975116&use=l&cat=p&typeid=i","cat":312237},{"id":239942,"n":"Bols parmentier Bledina Carottes boeuf - 2x200g","p":2.79,"u":"6,98 €/KG","img":"https://fd16-photos.leclercdrive.fr/image.ashx?id=2975125&use=l&cat=p&typeid=i","cat":312235},{"id":239960,"n":"Sauce provencale Eco+ 390g","p":0.87,"u":"2,23 €/KG","img":"https://fd16-photos.leclercdrive.fr/image.ashx?id=2808964&use=l&cat=p&typeid=i","cat":299047},{"id":239981,"n":"Sauce napolitaine Eco+ 390g","p":0.97,"u":"2,49 €/KG","img":"https://fd16-photos.leclercdrive.fr/image.ashx?id=2809172&use=l&cat=p&typeid=i","cat":299047},{"id":240103,"n":"Lessive Disc Le Chat Rosée du matin - 627g x38","p":16.35,"u":"26,08 €/KG","img":"https://fd16-photos.leclercdrive.fr/image.ashx?id=2810810&use=l&cat=p&typeid=i","cat":284641},{"id":240106,"n":"Lessive Mono-doses - x20 Uni vert","p":5.65,"img":"https://fd16-photos.leclercdrive.fr/image.ashx?id=2842322&use=l&cat=p&typeid=i","cat":284641},{"id":240234,"n":"Bûche glacée Pilpa Duo de Vanilles - 535g","p":5.27,"u":"9,85 €/KG","img":"https://fd16-photos.leclercdrive.fr/image.ashx?id=2812765&use=l&cat=p&typeid=i","cat":284266},{"id":240253,"n":"Bûche pâtissière Café pur  beurre 6/8 parts - 350 g","p":4.95,"u":"14,14 €/KG","img":"https://fd16-photos.leclercdrive.fr/image.ashx?id=2834488&use=l&cat=p&typeid=i","cat":293600},{"id":240338,"n":"Laque Elnett Fixation normale  200ml","p":5.95,"u":"29,75 €/L","img":"https://fd16-photos.leclercdrive.fr/image.ashx?id=2814064&use=l&cat=p&typeid=i","cat":284609},{"id":240425,"n":"Soda à l'orange Orangina 1,5L","p":1.89,"u":"1,26 €/L","img":"https://fd16-photos.leclercdrive.fr/image.ashx?id=2946499&use=l&cat=p&typeid=i","cat":284532},{"id":240426,"n":"Soda à l'orange Orangina 2x1,5L","p":3.94,"u":"1,31 €/L","img":"https://fd16-photos.leclercdrive.fr/image.ashx?id=2812690&use=l&cat=p&typeid=i","cat":284532},{"id":240428,"n":"Soda à l'orange Orangina 6x33cl","p":3.72,"u":"1,88 €/L","img":"https://fd16-photos.leclercdrive.fr/image.ashx?id=2946502&use=l&cat=p&typeid=i","cat":284532},{"id":240593,"n":"Fromage Délice des Neiges pour tartiflettes 26% MG - 440g","p":6.5,"u":"14,77 €/KG","img":"https://fd16-photos.leclercdrive.fr/image.ashx?id=2926404&use=l&cat=p&typeid=i","cat":314037},{"id":240623,"n":"Laque fixation forte Elnett 200ml","p":5.85,"u":"29,25 €/L","img":"https://fd16-photos.leclercdrive.fr/image.ashx?id=2828013&use=l&cat=p&typeid=i","cat":284609},{"id":240772,"n":"Oeuf Maxi Kinder Surprise Fille - 100g","p":5.67,"u":"56,70 €/KG","img":"https://fd16-photos.leclercdrive.fr/image.ashx?id=2940513&use=l&cat=p&typeid=i","cat":284958},{"id":240842,"n":"Skyr nature Délisse 4x100g","p":1.72,"u":"4,30 €/KG","img":"https://fd16-photos.leclercdrive.fr/image.ashx?id=2992588&use=l&cat=p&typeid=i","cat":315000},{"id":240843,"n":"Skyr nature Délisse 850g","p":2.75,"u":"3,24 €/KG","img":"https://fd16-photos.leclercdrive.fr/image.ashx?id=2992600&use=l&cat=p&typeid=i","cat":315000},{"id":240919,"n":"Morilles sauvages entières L'Origine du Goût 150g","p":4.9,"u":"32,67 €/KG","img":"https://fd16-photos.leclercdrive.fr/image.ashx?id=2974882&use=l&cat=p&typeid=i","cat":319805},{"id":241169,"n":"Tourte Saint-Jacques crevettes Pierre Schmidt - 500g","p":8.99,"u":"17,98 €/KG","img":"https://fd16-photos.leclercdrive.fr/image.ashx?id=2848169&use=l&cat=p&typeid=i","cat":333680},{"id":241210,"n":"Dentifrice Enfants Signal  Super Mario - Fruité - 75ml","p":2.2,"u":"29,33 €/L","img":"https://fd16-photos.leclercdrive.fr/image.ashx?id=2993173&use=l&cat=p&typeid=i","cat":288898},{"id":241256,"n":"M&M's minis pochons  360g","p":4.53,"u":"12,58 €/KG","img":"https://fd16-photos.leclercdrive.fr/image.ashx?id=3005290&use=l&cat=p&typeid=i","cat":304238},{"id":241489,"n":"Thon au naturel Petit Navire x3 - 112g","p":5.79,"u":"51,70 €/KG","img":"https://fd16-photos.leclercdrive.fr/image.ashx?id=2887491&use=l&cat=p&typeid=i","cat":303867},{"id":241503,"n":"Tartinable foie gras de canard Pierre de Chaumeyrac 90g","p":3.59,"u":"39,89 €/KG","img":"https://fd16-photos.leclercdrive.fr/image.ashx?id=2817232&use=l&cat=p&typeid=i","cat":316008},{"id":241546,"n":"Mini croustillants St-Jacques cognac Tipiak - 120g","p":3.75,"u":"31,25 €/KG","img":"https://fd16-photos.leclercdrive.fr/image.ashx?id=2819367&use=l&cat=p&typeid=i","cat":319774},{"id":241795,"n":"Pintade farcie Maître Coq Marron cèpes - 1.2kg","p":29.68,"u":"24,73 €/KG","img":"https://fd16-photos.leclercdrive.fr/image.ashx?id=2834473&use=l&cat=p&typeid=i","cat":319780},{"id":241812,"n":"Gourde bébé Blédina - 10 mois Multifruits - 8x85g","p":7.6,"u":"11,18 €/KG","img":"https://fd16-photos.leclercdrive.fr/image.ashx?id=2826642&use=l&cat=p&typeid=i","cat":312393},{"id":241920,"n":"AOP Bourgueil Vin rouge - 3L","p":14.99,"u":"5,00 €/L","img":"https://fd16-photos.leclercdrive.fr/image.ashx?id=2999730&use=l&cat=p&typeid=i","cat":289556},{"id":242226,"n":"Déodorant Mixa Anti-transpirant 48h","p":2.69,"u":"53,80 €/L","img":"https://fd16-photos.leclercdrive.fr/image.ashx?id=2869116&use=l&cat=p&typeid=i","cat":284595},{"id":242258,"n":"Laque Elnett 300ml","p":7.97,"u":"26,57 €/L","img":"https://fd16-photos.leclercdrive.fr/image.ashx?id=2828019&use=l&cat=p&typeid=i","cat":284609},{"id":242259,"n":"Laque Elnett fixation forte 300ml","p":7.97,"u":"26,57 €/L","img":"https://fd16-photos.leclercdrive.fr/image.ashx?id=2828016&use=l&cat=p&typeid=i","cat":284609},{"id":242261,"n":"Laque Elnett Fixation normale 400ml","p":9.12,"u":"22,80 €/L","img":"https://fd16-photos.leclercdrive.fr/image.ashx?id=2828025&use=l&cat=p&typeid=i","cat":284609},{"id":242262,"n":"Laque Elnett Fixation forte 400ml","p":11.01,"u":"27,53 €/L","img":"https://fd16-photos.leclercdrive.fr/image.ashx?id=2828022&use=l&cat=p&typeid=i","cat":284609},{"id":242266,"n":"Après-shampoing Garnier Ultra  Doux Cheveux secs -250ml","p":2.71,"u":"10,84 €/L","img":"https://fd16-photos.leclercdrive.fr/image.ashx?id=2828046&use=l&cat=p&typeid=i","cat":284607},{"id":242278,"n":"Lait vitaminé Viva Candia Demi-écrémé 8x1L","p":10.89,"u":"1,36 €/L","img":"https://fd16-photos.leclercdrive.fr/image.ashx?id=2891586&use=l&cat=p&typeid=i","cat":284377},{"id":242329,"n":"Bonbons Copains Copines Acides - 200g","p":1.13,"u":"5,65 €/KG","img":"https://fd16-photos.leclercdrive.fr/image.ashx?id=2934793&use=l&cat=p&typeid=i","cat":304250},{"id":242400,"n":"Nouilles instantanées Oyakata Yakisoba saveur soja - 91g","p":1.59,"u":"17,47 €/KG","img":"https://fd16-photos.leclercdrive.fr/image.ashx?id=2857758&use=l&cat=p&typeid=i","cat":288992},{"id":242700,"n":"Déodorant Cadum Coton 200ml","p":3.99,"u":"19,95 €/L","img":"https://fd16-photos.leclercdrive.fr/image.ashx?id=2828115&use=l&cat=p&typeid=i","cat":284595},{"id":242701,"n":"Déodorant Narta Impeccable anti-traces 48h -50ml","p":2.85,"u":"57,00 €/L","img":"https://fd16-photos.leclercdrive.fr/image.ashx?id=2828097&use=l&cat=p&typeid=i","cat":284595},{"id":242702,"n":"Déodorant Narta Magnesium  protect - 100ml","p":5.07,"u":"50,70 €/L","img":"https://fd16-photos.leclercdrive.fr/image.ashx?id=2828100&use=l&cat=p&typeid=i","cat":284595},{"id":242703,"n":"Déodorant Mennen Intracable  Xtrem 72h - 50ml","p":4.19,"u":"83,80 €/L","img":"https://fd16-photos.leclercdrive.fr/image.ashx?id=2828109&use=l&cat=p&typeid=i","cat":284596},{"id":242704,"n":"Déodorant Ushuaia Bio Hibiscus 50ml","p":3.49,"u":"69,80 €/L","img":"https://fd16-photos.leclercdrive.fr/image.ashx?id=2828118&use=l&cat=p&typeid=i","cat":284595},{"id":242705,"n":"Déodorant Bio Ushuaia Vanille 50ml","p":3.49,"u":"69,80 €/L","img":"https://fd16-photos.leclercdrive.fr/image.ashx?id=2828121&use=l&cat=p&typeid=i","cat":284595},{"id":242938,"n":"Crème mains Mixa Intensif  Cica mains 50cl","p":2.38,"u":"5,95 €/L","img":"https://fd16-photos.leclercdrive.fr/image.ashx?id=2979914&use=l&cat=p&typeid=i","cat":325354},{"id":243031,"n":"Sauce pesto ricotta et noix Barilla - 190g","p":2.86,"u":"15,05 €/KG","img":"https://fd16-photos.leclercdrive.fr/image.ashx?id=2826231&use=l&cat=p&typeid=i","cat":287599},{"id":243172,"n":"Coppa de Parme Montorsi - 100g","p":3.0,"u":"30,00 €/KG","img":"https://fd16-photos.leclercdrive.fr/image.ashx?id=2836184&use=l&cat=p&typeid=i","cat":316007},{"id":243409,"n":"Escalope cordon bleu poulet Le Gaulois x6 - 600g","p":6.9,"u":"11,50 €/KG","img":"https://fd16-photos.leclercdrive.fr/image.ashx?id=2833468&use=l&cat=p&typeid=i","cat":333683},{"id":243487,"n":"Nems au porc X8 560G","p":3.39,"u":"6,05 €/KG","img":"https://fd16-photos.leclercdrive.fr/image.ashx?id=2852348&use=l&cat=p&typeid=i","cat":333673},{"id":243688,"n":"Concentré de citron Frucci 75cl","p":1.54,"u":"2,05 €/L","img":"https://fd16-photos.leclercdrive.fr/image.ashx?id=2865308&use=l&cat=p&typeid=i","cat":295020},{"id":243957,"n":"Concentré Frucci Citron vert - 75cl","p":1.8,"u":"2,40 €/L","img":"https://fd16-photos.leclercdrive.fr/image.ashx?id=2865311&use=l&cat=p&typeid=i","cat":295020},{"id":243958,"n":"Concentré Frucci Orange Citron - 75cl","p":2.41,"u":"3,21 €/L","img":"https://fd16-photos.leclercdrive.fr/image.ashx?id=2865314&use=l&cat=p&typeid=i","cat":295020},{"id":243976,"n":"Tablette lave-vaisselle Visior Classique - x45","p":3.81,"img":"https://fd16-photos.leclercdrive.fr/image.ashx?id=2931856&use=l&cat=p&typeid=i","cat":284656},{"id":243977,"n":"Vinaigre de nettoyage Clair 5L","p":5.01,"u":"1,00 €/L","img":"https://fd16-photos.leclercdrive.fr/image.ashx?id=2834190&use=l&cat=p&typeid=i","cat":325362},{"id":244218,"n":"Croquettes Friskies chat adulte Thon Légumes - 3kg","p":8.65,"u":"2,88 €/KG","img":"https://fd16-photos.leclercdrive.fr/image.ashx?id=2835148&use=l&cat=p&typeid=i","cat":284680},{"id":244230,"n":"Croquettes Friskies chat adulte Poulet Légumes - 3kg","p":8.5,"u":"2,83 €/KG","img":"https://fd16-photos.leclercdrive.fr/image.ashx?id=2835151&use=l&cat=p&typeid=i","cat":284680},{"id":244234,"n":"Croquettes Friskies chat adulte Saumon Légumes - 1.5kg","p":4.6,"u":"3,07 €/KG","img":"https://fd16-photos.leclercdrive.fr/image.ashx?id=2860586&use=l&cat=p&typeid=i","cat":284680},{"id":244235,"n":"Croquettes Friskies chat adulte  Boeuf Poulet Légumes - 1.5kg","p":4.69,"u":"3,13 €/KG","img":"https://fd16-photos.leclercdrive.fr/image.ashx?id=2835154&use=l&cat=p&typeid=i","cat":284680},{"id":244661,"n":"Riz Basmati Lustucru Selection  10 min - 450g","p":2.2,"u":"4,89 €/KG","img":"https://fd16-photos.leclercdrive.fr/image.ashx?id=2836732&use=l&cat=p&typeid=i","cat":284428},{"id":244965,"n":"Shampooing gris éclatant Petrole Hahn - 250ml","p":2.47,"u":"9,88 €/L","img":"https://fd16-photos.leclercdrive.fr/image.ashx?id=2958086&use=l&cat=p&typeid=i","cat":284606},{"id":245060,"n":"Cornichons 6 aromates Rustica extra-fins -220g","p":1.59,"u":"7,23 €/KG","img":"https://fd16-photos.leclercdrive.fr/image.ashx?id=2916734&use=l&cat=p&typeid=i","cat":284458},{"id":245071,"n":"Snack Nesquik super choco 4x28g","p":1.57,"u":"14,02 €/KG","img":"https://fd16-photos.leclercdrive.fr/image.ashx?id=2837607&use=l&cat=p&typeid=i","cat":284420},{"id":245074,"n":"Nouilles instantanées Maggi sauce aigre douce - 128g","p":1.85,"u":"14,45 €/KG","img":"https://fd16-photos.leclercdrive.fr/image.ashx?id=2837628&use=l&cat=p&typeid=i","cat":288992},{"id":245075,"n":"Nouilles instantanées Maggi  sauce Teriyaki - 128g","p":1.85,"u":"14,45 €/KG","img":"https://fd16-photos.leclercdrive.fr/image.ashx?id=2837625&use=l&cat=p&typeid=i","cat":288992},{"id":245076,"n":"Nouilles instantanées Maggi sauce Teriyaki - 75g","p":1.89,"u":"25,20 €/KG","img":"https://fd16-photos.leclercdrive.fr/image.ashx?id=2842966&use=l&cat=p&typeid=i","cat":288992},{"id":245085,"n":"Sauce aigre douce Maggi  pour poulet - 355g","p":3.69,"u":"10,39 €/KG","img":"https://fd16-photos.leclercdrive.fr/image.ashx?id=2947231&use=l&cat=p&typeid=i","cat":288992},{"id":245238,"n":"Gousses vanille Tablier Blanc x2 - 4g","p":5.44,"img":"https://fd16-photos.leclercdrive.fr/image.ashx?id=2837701&use=l&cat=p&typeid=i","cat":284504},{"id":245255,"n":"Skyr Yoplait 0%MG Framboise fruits rouges 4x100g","p":2.18,"u":"5,45 €/KG","img":"https://fd16-photos.leclercdrive.fr/image.ashx?id=2884501&use=l&cat=p&typeid=i","cat":315000},{"id":245268,"n":"Coloration permanente Palette 500 blond foncé","p":3.95,"img":"https://fd16-photos.leclercdrive.fr/image.ashx?id=2921552&use=l&cat=p&typeid=i","cat":288899},{"id":245269,"n":"Coloration permanente Palette 600 châtain clair","p":3.72,"img":"https://fd16-photos.leclercdrive.fr/image.ashx?id=2840157&use=l&cat=p&typeid=i","cat":288899},{"id":245270,"n":"Déodorant spray Ushuaïa Monoï fleur de tiaré - 200ml","p":2.74,"u":"13,70 €/L","img":"https://fd16-photos.leclercdrive.fr/image.ashx?id=2839746&use=l&cat=p&typeid=i","cat":284595},{"id":245451,"n":"Légumes du soleil & épeautre  Cassegrain - 2x375g","p":7.5,"u":"10,00 €/KG","img":"https://fd16-photos.leclercdrive.fr/image.ashx?id=2970846&use=l&cat=p&typeid=i","cat":312612},{"id":245463,"n":"Soupe douceur d'automne Knorr À la crème fraîche - 2x1L","p":4.89,"pp":3.42,"u":"1,71 €/L","img":"https://fd16-photos.leclercdrive.fr/image.ashx?id=2975939&use=l&cat=p&typeid=i","cat":284462},{"id":245560,"n":"Couscous aux epices douces  Comptoir du grain 2x250g","p":1.73,"u":"3,46 €/KG","img":"https://fd16-photos.leclercdrive.fr/image.ashx?id=3012875&use=l&cat=p&typeid=i","cat":284429},{"id":245576,"n":"Sauce Pesto vert Panzani au basilic - 2x90g","p":2.8,"u":"15,56 €/KG","img":"https://fd16-photos.leclercdrive.fr/image.ashx?id=2873841&use=l&cat=p&typeid=i","cat":299047},{"id":245682,"n":"Tranches Gouda Baguette Président - 8 tranches - 120g","p":1.95,"u":"16,25 €/KG","img":"https://fd16-photos.leclercdrive.fr/image.ashx?id=2840521&use=l&cat=p&typeid=i","cat":314028},{"id":245683,"n":"Tranches Mimolette Baguette Président - 8 tranches - 120g","p":2.0,"u":"16,67 €/KG","img":"https://fd16-photos.leclercdrive.fr/image.ashx?id=2840524&use=l&cat=p&typeid=i","cat":314028},{"id":245929,"n":"Tablette chocolat KitKat Caramel salé - 99g","p":2.45,"u":"24,75 €/KG","img":"https://fd16-photos.leclercdrive.fr/image.ashx?id=2990868&use=l&cat=p&typeid=i","cat":284497},{"id":245930,"n":"Tablette KitKat  Double chocolat - 99g","p":2.47,"u":"24,95 €/KG","img":"https://fd16-photos.leclercdrive.fr/image.ashx?id=2990865&use=l&cat=p&typeid=i","cat":284497},{"id":245931,"n":"Tablette chocolat KitKat  Noisette - 99g","p":2.48,"u":"25,05 €/KG","img":"https://fd16-photos.leclercdrive.fr/image.ashx?id=2871046&use=l&cat=p&typeid=i","cat":284497},{"id":246175,"n":"Chips Bret's Cheddar Jalapeno - 125g","p":1.76,"u":"14,08 €/KG","img":"https://fd16-photos.leclercdrive.fr/image.ashx?id=2843415&use=l&cat=p&typeid=i","cat":284447},{"id":246200,"n":"Sablés au comté Nos Régions ont du Talent 100g","p":1.99,"u":"19,90 €/KG","img":"https://fd16-photos.leclercdrive.fr/image.ashx?id=2909924&use=l&cat=p&typeid=i","cat":297000},{"id":246201,"n":"Pâtes penné rigaté Eco+ 1kg","p":1.1,"u":"1,10 €/KG","img":"https://fd16-photos.leclercdrive.fr/image.ashx?id=2856736&use=l&cat=p&typeid=i","cat":284427},{"id":246225,"n":"Tablette de chocolat Equador Amandes caramel - 100g","p":1.69,"u":"16,90 €/KG","img":"https://fd16-photos.leclercdrive.fr/image.ashx?id=2843120&use=l&cat=p&typeid=i","cat":284497},{"id":246261,"n":"Shampooing Elseve Hyaluronique - 400ml","p":5.2,"u":"13,00 €/L","img":"https://fd16-photos.leclercdrive.fr/image.ashx?id=2844181&use=l&cat=p&typeid=i","cat":284606},{"id":246270,"n":"Shampooing Elseve Anti-chute - 200ml","p":5.59,"u":"27,95 €/L","img":"https://fd16-photos.leclercdrive.fr/image.ashx?id=2844196&use=l&cat=p&typeid=i","cat":284606},{"id":246272,"n":"Shampooing Elseve Hyaluronique Pure - 250ml","p":4.18,"u":"16,72 €/L","img":"https://fd16-photos.leclercdrive.fr/image.ashx?id=2981593&use=l&cat=p&typeid=i","cat":284606},{"id":246318,"n":"Tablette de chocolat Equador Blond caramel amandes - 100g","p":1.69,"u":"16,90 €/KG","img":"https://fd16-photos.leclercdrive.fr/image.ashx?id=2843824&use=l&cat=p&typeid=i","cat":284497},{"id":246319,"n":"Tablette de chocolat Equador Noir gianduja - 100g","p":1.49,"u":"14,90 €/KG","img":"https://fd16-photos.leclercdrive.fr/image.ashx?id=2843821&use=l&cat=p&typeid=i","cat":284956},{"id":246327,"n":"Effilés en sauce Purina One Multivarietés - 680g","p":4.69,"u":"6,90 €/KG","img":"https://fd16-photos.leclercdrive.fr/image.ashx?id=2940606&use=l&cat=p&typeid=i","cat":285286},{"id":246330,"n":"Saumon Selection Purina One Junior 1 à 12 mois - 1.5 kg","p":7.62,"u":"5,08 €/KG","img":"https://fd16-photos.leclercdrive.fr/image.ashx?id=2844487&use=l&cat=p&typeid=i","cat":284680},{"id":246331,"n":"Saumon Purina One Mini 85g","p":4.27,"u":"5,02 €/KG","img":"https://fd16-photos.leclercdrive.fr/image.ashx?id=2844484&use=l&cat=p&typeid=i","cat":294526},{"id":246466,"n":"Soupe Knorr Pot au feu -14x55g","p":1.55,"u":"2,01 €/KG","img":"https://fd16-photos.leclercdrive.fr/image.ashx?id=2845656&use=l&cat=p&typeid=i","cat":293527},{"id":246543,"n":"Gommage corps Bionaïa Solide Bio - 100g","p":2.49,"u":"24,90 €/KG","img":"https://fd16-photos.leclercdrive.fr/image.ashx?id=2845158&use=l&cat=p&typeid=i","cat":325375},{"id":246544,"n":"Pain de rasage Carré Homme Beurre de karité Bio - 55g","p":2.49,"u":"45,27 €/KG","img":"https://fd16-photos.leclercdrive.fr/image.ashx?id=2854258&use=l&cat=p&typeid=i","cat":284617},{"id":246545,"n":"Perles de cire corps Siliss Chaude - Monoï - 230g","p":4.69,"u":"20,39 €/KG","img":"https://fd16-photos.leclercdrive.fr/image.ashx?id=2845170&use=l&cat=p&typeid=i","cat":325351},{"id":246546,"n":"Cube allume feu Silex Sans odeur - x40","p":2.35,"u":"0,06 €/P","img":"https://fd16-photos.leclercdrive.fr/image.ashx?id=2849593&use=l&cat=p&typeid=i","cat":300578},{"id":246547,"n":"Crème nettoyante Neutrogena Points noirs 2% - 150ml","p":5.4,"u":"36,00 €/L","img":"https://fd16-photos.leclercdrive.fr/image.ashx?id=2846045&use=l&cat=p&typeid=i","cat":284603},{"id":246549,"n":"Gel nettoyant Neutrogena Pamplemousse 0.5% - 200ml","p":4.5,"u":"22,50 €/L","img":"https://fd16-photos.leclercdrive.fr/image.ashx?id=2846051&use=l&cat=p&typeid=i","cat":284603},{"id":246714,"n":"Brioch' burger La Fournée Dorée x6 - 450g","p":2.98,"u":"6,62 €/KG","img":"https://fd16-photos.leclercdrive.fr/image.ashx?id=2849091&use=l&cat=p&typeid=i","cat":325067},{"id":246901,"n":"Gésiers de canard confit  Le Gaulois - 180g","p":3.45,"u":"19,17 €/KG","img":"https://fd16-photos.leclercdrive.fr/image.ashx?id=2921271&use=l&cat=p&typeid=i","cat":284715},{"id":247042,"n":"Alcool ménager fruits rouges Le Droguiste - 1L","p":3.7,"u":"3,70 €/L","img":"https://fd16-photos.leclercdrive.fr/image.ashx?id=2852381&use=l&cat=p&typeid=i","cat":325357},{"id":247058,"n":"Les Mini Galettes Saint Michel Emmental - 100g","p":1.95,"u":"19,50 €/KG","img":"https://fd16-photos.leclercdrive.fr/image.ashx?id=2936278&use=l&cat=p&typeid=i","cat":297000},{"id":247082,"n":"Moutarde de Dijon Rustica 370g","p":1.99,"u":"5,38 €/KG","img":"https://fd16-photos.leclercdrive.fr/image.ashx?id=2955062&use=l&cat=p&typeid=i","cat":288850},{"id":247083,"n":"Mélange Rustica Tournesol & olive - 1L","p":3.39,"u":"3,39 €/L","img":"https://fd16-photos.leclercdrive.fr/image.ashx?id=2900358&use=l&cat=p&typeid=i","cat":284453},{"id":247085,"n":"Mini cornichons Rustica Aigre doux - 220g","p":2.19,"u":"9,95 €/KG","img":"https://fd16-photos.leclercdrive.fr/image.ashx?id=2916737&use=l&cat=p&typeid=i","cat":284458},{"id":247099,"n":"Coupelles Douceur du verger pomme banane - 4x100g","p":1.09,"u":"2,73 €/KG","img":"https://fd16-photos.leclercdrive.fr/image.ashx?id=2878744&use=l&cat=p&typeid=i","cat":284508},{"id":247143,"n":"Mini madeleines Saint Michel Provencale - 100g","p":2.0,"u":"20,00 €/KG","img":"https://fd16-photos.leclercdrive.fr/image.ashx?id=2936305&use=l&cat=p&typeid=i","cat":297000},{"id":247145,"n":"Mousselines cuites Purina  Nature's Créations - 680g","p":5.93,"u":"8,72 €/KG","img":"https://fd16-photos.leclercdrive.fr/image.ashx?id=2861815&use=l&cat=p&typeid=i","cat":285286},{"id":247152,"n":"Funtastix Fido Bacon fromage - 450g","p":4.77,"u":"10,60 €/KG","img":"https://fd16-photos.leclercdrive.fr/image.ashx?id=2940597&use=l&cat=p&typeid=i","cat":294527},{"id":247155,"n":"Soupe pour chat Felix Sélection de la campagne  4x48g","p":1.72,"u":"5,97 €/KG","img":"https://fd16-photos.leclercdrive.fr/image.ashx?id=2899701&use=l&cat=p&typeid=i","cat":285286},{"id":247261,"n":"Shampooing Elsève Colorvive - 300ml","p":4.18,"u":"13,93 €/L","img":"https://fd16-photos.leclercdrive.fr/image.ashx?id=2850614&use=l&cat=p&typeid=i","cat":284606},{"id":247262,"n":"Shampooing Elsève Hyaluronique - 250ml","p":4.18,"u":"16,72 €/L","img":"https://fd16-photos.leclercdrive.fr/image.ashx?id=2869095&use=l&cat=p&typeid=i","cat":284606},{"id":247263,"n":"Shampooing Elsève Total repair 5 - 300ml","p":4.18,"u":"13,93 €/L","img":"https://fd16-photos.leclercdrive.fr/image.ashx?id=2850617&use=l&cat=p&typeid=i","cat":284606},{"id":247264,"n":"Shampooing Elseve Huile extraordinaire - 250ml","p":4.18,"u":"16,72 €/L","img":"https://fd16-photos.leclercdrive.fr/image.ashx?id=2868690&use=l&cat=p&typeid=i","cat":284606},{"id":247265,"n":"Shampooing Elseve Dream long - 250ml","p":4.18,"u":"16,72 €/L","img":"https://fd16-photos.leclercdrive.fr/image.ashx?id=2850623&use=l&cat=p&typeid=i","cat":284606},{"id":247269,"n":"Shampooing Elseve Nutri gloss - 300ml","p":4.18,"u":"13,93 €/L","img":"https://fd16-photos.leclercdrive.fr/image.ashx?id=2869089&use=l&cat=p&typeid=i","cat":284606},{"id":247270,"n":"Shampooing Elseve Multi-vitaminé - 300ml","p":4.18,"u":"13,93 €/L","img":"https://fd16-photos.leclercdrive.fr/image.ashx?id=2850629&use=l&cat=p&typeid=i","cat":284606},{"id":247271,"n":"Après-shampooing Elseve Color vive - 250ml","p":4.18,"u":"16,72 €/L","img":"https://fd16-photos.leclercdrive.fr/image.ashx?id=2850632&use=l&cat=p&typeid=i","cat":284607},{"id":247273,"n":"Démélant Elseve Hyaluronique Booster hydratation 72h - 200ml","p":4.18,"u":"20,90 €/L","img":"https://fd16-photos.leclercdrive.fr/image.ashx?id=2869092&use=l&cat=p&typeid=i","cat":284607},{"id":247274,"n":"Après-Shampooing Elseve Dream Long - 200ml","p":4.18,"u":"20,90 €/L","img":"https://fd16-photos.leclercdrive.fr/image.ashx?id=2850638&use=l&cat=p&typeid=i","cat":284607},{"id":247275,"n":"Après-shampooing Elseve Nutri gloss - 250ml","p":4.18,"u":"16,72 €/L","img":"https://fd16-photos.leclercdrive.fr/image.ashx?id=2850641&use=l&cat=p&typeid=i","cat":284607},{"id":247863,"n":"Shampooing Elsève Color vive  2 en 1 - 250ml","p":4.25,"u":"17,00 €/L","img":"https://fd16-photos.leclercdrive.fr/image.ashx?id=2853961&use=l&cat=p&typeid=i","cat":284606},{"id":247866,"n":"Shampooing Elsève Full resist  250ml","p":3.69,"u":"14,76 €/L","img":"https://fd16-photos.leclercdrive.fr/image.ashx?id=2853967&use=l&cat=p&typeid=i","cat":284606},{"id":247867,"n":"Shampooing Elsève Huile  extraordinaire Coco - 250ml","p":4.09,"u":"16,36 €/L","img":"https://fd16-photos.leclercdrive.fr/image.ashx?id=2853970&use=l&cat=p&typeid=i","cat":284606},{"id":247869,"n":"Shampooing Elsève Huile  extraordinaire amla -250ml","p":3.69,"u":"14,76 €/L","img":"https://fd16-photos.leclercdrive.fr/image.ashx?id=2853973&use=l&cat=p&typeid=i","cat":284606},{"id":247873,"n":"Shampooing Elsève Fibralogy Volume - 300ml","p":4.18,"u":"13,93 €/L","img":"https://fd16-photos.leclercdrive.fr/image.ashx?id=2870686&use=l&cat=p&typeid=i","cat":284606},{"id":247874,"n":"Savon liquide Le Naturel  Extra pur de Marseille -500ml","p":2.67,"u":"5,34 €/L","img":"https://fd16-photos.leclercdrive.fr/image.ashx?id=2869119&use=l&cat=p&typeid=i","cat":284597},{"id":247879,"n":"Adoucissant Soupline Concentré Grand air - 1.9L","p":11.71,"u":"6,16 €/L","img":"https://fd16-photos.leclercdrive.fr/image.ashx?id=2966800&use=l&cat=p&typeid=i","cat":284650},{"id":248158,"n":"Bière blonde Leffe 6,6% - 4x50cl canette","p":6.26,"u":"3,13 €/L","img":"https://fd16-photos.leclercdrive.fr/image.ashx?id=2855397&use=l&cat=p&typeid=i","cat":334853},{"id":248327,"n":"Crème de douche Corine de Farme Surgras - Noix de coco - 500ml","p":3.25,"u":"6,50 €/L","img":"https://fd16-photos.leclercdrive.fr/image.ashx?id=2856386&use=l&cat=p&typeid=i","cat":284594},{"id":248345,"n":"Bandes de cire visage Veet Peaux sensibles - x16","p":4.63,"img":"https://fd16-photos.leclercdrive.fr/image.ashx?id=2901668&use=l&cat=p&typeid=i","cat":325351},{"id":248346,"n":"Shampooing solide Bionaïa Cheveux gras - Bio - 85g","p":2.99,"u":"35,18 €/KG","img":"https://fd16-photos.leclercdrive.fr/image.ashx?id=2855813&use=l&cat=p&typeid=i","cat":284606},{"id":248347,"n":"Savon solide Bionaïa 3en1 - Amande douce Bio - 85g","p":3.49,"u":"41,06 €/KG","img":"https://fd16-photos.leclercdrive.fr/image.ashx?id=2856133&use=l&cat=p&typeid=i","cat":284597},{"id":248348,"n":"Déodorant solide stick Bionaïa Huile de coco Bio - 50g","p":3.99,"u":"79,80 €/KG","img":"https://fd16-photos.leclercdrive.fr/image.ashx?id=2855819&use=l&cat=p&typeid=i","cat":284595},{"id":248542,"n":"Mangue 1p","p":2.0,"img":"https://fd16-photos.leclercdrive.fr/image.ashx?id=1636371&use=l&cat=p&typeid=i","cat":284356},{"id":248544,"n":"Ananas Extra Sweet 1p","p":1.99,"img":"https://fd16-photos.leclercdrive.fr/image.ashx?id=2856700&use=l&cat=p&typeid=i","cat":284356},{"id":248545,"n":"Chou-fleur blanc 1p","p":1.49,"img":"https://fd16-photos.leclercdrive.fr/image.ashx?id=1631991&use=l&cat=p&typeid=i","cat":284352},{"id":248546,"n":"Feuille de chêne blonde 1p","p":1.29,"img":"https://fd16-photos.leclercdrive.fr/image.ashx?id=1633646&use=l&cat=p&typeid=i","cat":284352},{"id":248705,"n":"Bière Malheur 6 75cl","p":4.15,"u":"5,53 €/L","img":"https://fd16-photos.leclercdrive.fr/image.ashx?id=2903725&use=l&cat=p&typeid=i","cat":334872},{"id":248707,"n":"Essuie-tout Kleenex ultra-clean Maxi rouleaux - 2+1","p":3.88,"u":"1,29 €/P","img":"https://fd16-photos.leclercdrive.fr/image.ashx?id=2857719&use=l&cat=p&typeid=i","cat":285193},{"id":248823,"n":"Sauce algérienne Rustica 260g","p":1.67,"u":"6,42 €/KG","img":"https://fd16-photos.leclercdrive.fr/image.ashx?id=2954397&use=l&cat=p&typeid=i","cat":318431},{"id":248827,"n":"Pains au lait Epi d'or x15 - 525g","p":1.78,"u":"3,39 €/KG","img":"https://fd16-photos.leclercdrive.fr/image.ashx?id=2893337&use=l&cat=p&typeid=i","cat":296366},{"id":248828,"n":"Galettes maïs et lin Bio  Bio Village - 115g","p":1.2,"u":"8,00 €/KG","img":"https://fd16-photos.leclercdrive.fr/image.ashx?id=2858117&use=l&cat=p&typeid=i","cat":null},{"id":249019,"n":"Lessive liquide Xéor Savon de Marseille - 2.2L","p":3.89,"u":"1,77 €/L","img":"https://fd16-photos.leclercdrive.fr/image.ashx?id=2901500&use=l&cat=p&typeid=i","cat":284640},{"id":249020,"n":"Lessive liquide Xéor Fleurs de Cerisiers - 2.2L","p":3.99,"u":"1,81 €/L","img":"https://fd16-photos.leclercdrive.fr/image.ashx?id=2901491&use=l&cat=p&typeid=i","cat":284640},{"id":249021,"n":"Lessive liquide Xéor Savon de Marseille - 1.2L","p":2.12,"u":"1,77 €/L","img":"https://fd16-photos.leclercdrive.fr/image.ashx?id=2901503&use=l&cat=p&typeid=i","cat":284640},{"id":249040,"n":"Crème nourrissante et hydratant Biolane 100ml","p":2.29,"u":"22,90 €/L","img":"https://fd16-photos.leclercdrive.fr/image.ashx?id=2893699&use=l&cat=p&typeid=i","cat":284741},{"id":249041,"n":"Crème de change dermo-pédiatrie Biolane 100ml","p":2.29,"u":"22,90 €/L","img":"https://fd16-photos.leclercdrive.fr/image.ashx?id=2893702&use=l&cat=p&typeid=i","cat":284741},{"id":249601,"n":"Houmous extra Simon - 140g","p":2.29,"pp":1.51,"u":"10,79 €/KG","img":"https://fd16-photos.leclercdrive.fr/image.ashx?id=2860841&use=l&cat=p&typeid=i","cat":315999},{"id":249958,"n":"Risotto classique Knorr 12min - 175g","p":2.31,"u":"13,20 €/KG","img":"https://fd16-photos.leclercdrive.fr/image.ashx?id=3011956&use=l&cat=p&typeid=i","cat":284428},{"id":249961,"n":"Risotto aux asperges Knorr 12min - 175g","p":1.89,"u":"10,80 €/KG","img":"https://fd16-photos.leclercdrive.fr/image.ashx?id=2964255&use=l&cat=p&typeid=i","cat":284428},{"id":249962,"n":"Risotto pointe de safran Knorr 12min - 175g","p":1.89,"u":"10,80 €/KG","img":"https://fd16-photos.leclercdrive.fr/image.ashx?id=2918116&use=l&cat=p&typeid=i","cat":284428},{"id":249964,"n":"Gourdes Douceur du Verger Fruits jaunes - 12x90g","p":4.39,"u":"4,06 €/KG","img":"https://fd16-photos.leclercdrive.fr/image.ashx?id=2934790&use=l&cat=p&typeid=i","cat":284508},{"id":249968,"n":"Pain sandwich nature Harry's  x8 - 360g","p":2.57,"u":"7,14 €/KG","img":"https://fd16-photos.leclercdrive.fr/image.ashx?id=2861503&use=l&cat=p&typeid=i","cat":284477},{"id":249994,"n":"Adoucissant Soupline  Hypoallergenique - 880ml","p":5.49,"u":"6,24 €/L","img":"https://fd16-photos.leclercdrive.fr/image.ashx?id=2863923&use=l&cat=p&typeid=i","cat":284650},{"id":250007,"n":"Boisson aux fruits Jafun Tropical - 6x33cl","p":3.03,"u":"1,53 €/L","img":"https://fd16-photos.leclercdrive.fr/image.ashx?id=2992603&use=l&cat=p&typeid=i","cat":295018},{"id":250153,"n":"Sauce burger Rustica 260g","p":1.29,"u":"4,96 €/KG","img":"https://fd16-photos.leclercdrive.fr/image.ashx?id=2954400&use=l&cat=p&typeid=i","cat":318431},{"id":250154,"n":"Gnocchetti poulet Marie Crème parmesan - 300g","p":3.99,"u":"13,30 €/KG","img":"https://fd16-photos.leclercdrive.fr/image.ashx?id=2863440&use=l&cat=p&typeid=i","cat":333665},{"id":250187,"n":"Crème douceur nuit So Bio Etic Régénérante - Anesse Bio 50ml","p":12.05,"u":"241,00 €/L","img":"https://fd16-photos.leclercdrive.fr/image.ashx?id=2863587&use=l&cat=p&typeid=i","cat":325345},{"id":250415,"n":"Lait corps hydratant Nivea Fermeté Q10 + vitamine C 250ml","p":3.54,"u":"14,16 €/L","img":"https://fd16-photos.leclercdrive.fr/image.ashx?id=3008978&use=l&cat=p&typeid=i","cat":325349},{"id":250416,"n":"Crème visage nuit Nivea Q10 Power anti-rides 50ml","p":11.55,"u":"231,00 €/L","img":"https://fd16-photos.leclercdrive.fr/image.ashx?id=3014593&use=l&cat=p&typeid=i","cat":325345},{"id":250419,"n":"Crème visage jour Nivea Q10 anti-rides SPF15 50ml","p":11.78,"u":"235,60 €/L","img":"https://fd16-photos.leclercdrive.fr/image.ashx?id=2985480&use=l&cat=p&typeid=i","cat":325345},{"id":250427,"n":"Crème nuit visage Nivea Q10 Energie - 50ml","p":13.31,"u":"266,20 €/L","img":"https://fd16-photos.leclercdrive.fr/image.ashx?id=2981274&use=l&cat=p&typeid=i","cat":325345},{"id":250428,"n":"Sérum visage Q10 Double action - 30ml","p":13.17,"u":"439,00 €/L","img":"https://fd16-photos.leclercdrive.fr/image.ashx?id=3014620&use=l&cat=p&typeid=i","cat":325345},{"id":250432,"n":"Adoucissant Soupline Concentré  Lavande relaxante  1,9 L","p":10.79,"u":"5,68 €/L","img":"https://fd16-photos.leclercdrive.fr/image.ashx?id=2864227&use=l&cat=p&typeid=i","cat":284650},{"id":250433,"n":"Adoucissant  Soupline concentré Coco Envoûtant - 835ml","p":4.97,"u":"5,95 €/L","img":"https://fd16-photos.leclercdrive.fr/image.ashx?id=2864224&use=l&cat=p&typeid=i","cat":284650},{"id":250435,"n":"Adoucissant concentré Soupline Ultra Vanille - 835ml","p":4.97,"u":"5,95 €/L","img":"https://fd16-photos.leclercdrive.fr/image.ashx?id=2864221&use=l&cat=p&typeid=i","cat":284650},{"id":250442,"n":"Adoucissant concentré Soupline  Coco Envoûtant - 1800ml","p":10.79,"u":"5,99 €/L","img":"https://fd16-photos.leclercdrive.fr/image.ashx?id=2864233&use=l&cat=p&typeid=i","cat":284650},{"id":250820,"n":"Gnocchini à poêler Lustucru 2x300g + 1 offert","p":3.19,"u":"3,54 €/KG","img":"https://fd16-photos.leclercdrive.fr/image.ashx?id=2939493&use=l&cat=p&typeid=i","cat":333682},{"id":252006,"n":"Nettoyant visage Revitalift Hydratant et lissant - 150ml","p":7.2,"u":"48,00 €/L","img":"https://fd16-photos.leclercdrive.fr/image.ashx?id=2874006&use=l&cat=p&typeid=i","cat":284603},{"id":252008,"n":"Sérum visage Revitalift Laser Correcteur anti-âge -30ml","p":16.39,"u":"546,33 €/L","img":"https://fd16-photos.leclercdrive.fr/image.ashx?id=2874024&use=l&cat=p&typeid=i","cat":325345},{"id":252113,"n":"Fluide anti-uv L'Oréal Medium SPF50 50ml","p":20.28,"u":"405,60 €/L","img":"https://fd16-photos.leclercdrive.fr/image.ashx?id=2874009&use=l&cat=p&typeid=i","cat":325345},{"id":252136,"n":"Recharge Spray nettoyant CIF Infinite+Clean Brillance 590ml","p":5.0,"u":"8,47 €/L","img":"https://fd16-photos.leclercdrive.fr/image.ashx?id=2940675&use=l&cat=p&typeid=i","cat":325357},{"id":252137,"n":"Recharge Spray nettoyant CIF Infinite+Clean 590ml","p":4.68,"u":"7,93 €/L","img":"https://fd16-photos.leclercdrive.fr/image.ashx?id=2974066&use=l&cat=p&typeid=i","cat":325357},{"id":252144,"n":"Emmental tranchettes Eco+ 30%MG 300g","p":2.59,"u":"8,63 €/KG","img":"https://fd16-photos.leclercdrive.fr/image.ashx?id=2874823&use=l&cat=p&typeid=i","cat":314028},{"id":252582,"n":"Après-shampooing Elsève Full resist - 200ml","p":4.57,"u":"22,85 €/L","img":"https://fd16-photos.leclercdrive.fr/image.ashx?id=2872931&use=l&cat=p&typeid=i","cat":284607},{"id":252785,"n":"Sirop Sport Tropical 60cl","p":2.45,"u":"4,08 €/L","img":"https://fd16-photos.leclercdrive.fr/image.ashx?id=2871787&use=l&cat=p&typeid=i","cat":295020},{"id":252786,"n":"Skyr protéiné Yoplait 0%MG Pêche Mangue - 4x100g","p":2.29,"u":"5,73 €/KG","img":"https://fd16-photos.leclercdrive.fr/image.ashx?id=2884498&use=l&cat=p&typeid=i","cat":315000},{"id":252807,"n":"Laque Elnett Cheveux colorés - 300ml","p":7.97,"u":"26,57 €/L","img":"https://fd16-photos.leclercdrive.fr/image.ashx?id=2872928&use=l&cat=p&typeid=i","cat":284609},{"id":252811,"n":"Lait corps Nivea Nourrissant Peaux sèches 250ml","p":4.12,"u":"20,60 €/L","img":"https://fd16-photos.leclercdrive.fr/image.ashx?id=3005233&use=l&cat=p&typeid=i","cat":325349},{"id":252813,"n":"Lait corps Nivea Douceur - 400ml","p":5.2,"u":"13,00 €/L","img":"https://fd16-photos.leclercdrive.fr/image.ashx?id=3014623&use=l&cat=p&typeid=i","cat":325349},{"id":253339,"n":"Croque Monsieur Herta Chèvre jambon - 310g","p":2.59,"u":"8,35 €/KG","img":"https://fd16-photos.leclercdrive.fr/image.ashx?id=2877745&use=l&cat=p&typeid=i","cat":333671},{"id":253342,"n":"Croque-Monsieur Herta  Maxi Montagnard x2 - 310g","p":2.59,"u":"8,35 €/KG","img":"https://fd16-photos.leclercdrive.fr/image.ashx?id=2877748&use=l&cat=p&typeid=i","cat":333671},{"id":253344,"n":"Gnocchi à poeler Lustucru 1 sachet offert - 900g","p":3.19,"u":"3,54 €/KG","img":"https://fd16-photos.leclercdrive.fr/image.ashx?id=2873919&use=l&cat=p&typeid=i","cat":333682},{"id":253514,"n":"Brosse à dents enfant Dentamyl Clignotante - Jaune x1","p":1.99,"img":"https://fd16-photos.leclercdrive.fr/image.ashx?id=2878669&use=l&cat=p&typeid=i","cat":288897},{"id":253516,"n":"Brosse à dents enfant Dentamyl Clignotante - Vert  x1","p":1.99,"img":"https://fd16-photos.leclercdrive.fr/image.ashx?id=2878672&use=l&cat=p&typeid=i","cat":288897},{"id":253517,"n":"Brosse à dents enfant Dentamyl Clignotante - Bleu x1","p":1.99,"img":"https://fd16-photos.leclercdrive.fr/image.ashx?id=2878675&use=l&cat=p&typeid=i","cat":288897},{"id":253533,"n":"Brosse à dent Dentamyl Rouge Tête rechargeable dure x1","p":1.17,"img":"https://fd16-photos.leclercdrive.fr/image.ashx?id=2872808&use=l&cat=p&typeid=i","cat":284614},{"id":253534,"n":"Brosse à dent Dentamyl Vert Tête rechargeable dure x1","p":1.17,"img":"https://fd16-photos.leclercdrive.fr/image.ashx?id=2872811&use=l&cat=p&typeid=i","cat":284614},{"id":253535,"n":"Brosse à dent Dentamyl Bleu Tête rechargeable dure x1","p":1.17,"img":"https://fd16-photos.leclercdrive.fr/image.ashx?id=2872814&use=l&cat=p&typeid=i","cat":284614},{"id":253536,"n":"Brosse à dent Dentamyl Orange Tête rechargeable dure","p":1.17,"img":"https://fd16-photos.leclercdrive.fr/image.ashx?id=2872817&use=l&cat=p&typeid=i","cat":284614},{"id":253539,"n":"Brosse à dent Dentamyl Bleu Tête rechargeable médium","p":1.17,"img":"https://fd16-photos.leclercdrive.fr/image.ashx?id=2872820&use=l&cat=p&typeid=i","cat":284614},{"id":253540,"n":"Brosse à dent Dentamyl Orange Tête rechargeable médium","p":1.17,"img":"https://fd16-photos.leclercdrive.fr/image.ashx?id=2872823&use=l&cat=p&typeid=i","cat":284614},{"id":253541,"n":"Brosse à dent Dentamyl Rouge Tête rechargeable médium","p":1.17,"img":"https://fd16-photos.leclercdrive.fr/image.ashx?id=2872826&use=l&cat=p&typeid=i","cat":284614},{"id":253542,"n":"Brosse à dent Dentamyl Vert Tête rechargeable médium","p":1.17,"img":"https://fd16-photos.leclercdrive.fr/image.ashx?id=2872829&use=l&cat=p&typeid=i","cat":284614},{"id":253544,"n":"Brosse à dents pro Dentamyl Bleu - Blancheur x1","p":1.32,"img":"https://fd16-photos.leclercdrive.fr/image.ashx?id=2872832&use=l&cat=p&typeid=i","cat":284614},{"id":253545,"n":"Brosse à dents pro Dentamyl Gris - Blancheur x1","p":1.32,"img":"https://fd16-photos.leclercdrive.fr/image.ashx?id=2915657&use=l&cat=p&typeid=i","cat":284614},{"id":253546,"n":"Brosse à dents pro Dentamyl Rose - Blancheur x1","p":1.32,"img":"https://fd16-photos.leclercdrive.fr/image.ashx?id=2872838&use=l&cat=p&typeid=i","cat":284614},{"id":253547,"n":"Brosse à dents pro Dentamyl Violet - Blancheur x1","p":1.32,"img":"https://fd16-photos.leclercdrive.fr/image.ashx?id=2872841&use=l&cat=p&typeid=i","cat":284614},{"id":253571,"n":"Bols Mots d'Enfants - 2x200g  Tomates, pâtes et boeuf dès 8M","p":2.39,"u":"5,98 €/KG","img":"https://fd16-photos.leclercdrive.fr/image.ashx?id=2892358&use=l&cat=p&typeid=i","cat":312236},{"id":253575,"n":"Bols Mots d'Enfants - 2x200g  Parmentier de cabillaud dès 8M","p":2.09,"u":"5,23 €/KG","img":"https://fd16-photos.leclercdrive.fr/image.ashx?id=2892361&use=l&cat=p&typeid=i","cat":312236},{"id":253581,"n":"Bols Mots d'Enfants - 2x200g  Purée de légumes dès 8M","p":1.69,"u":"4,23 €/KG","img":"https://fd16-photos.leclercdrive.fr/image.ashx?id=2892364&use=l&cat=p&typeid=i","cat":312236},{"id":253677,"n":"Bols Mots d'Enfants - 2x200g  Pâtes, épinards et crème dès 8M","p":2.29,"u":"5,73 €/KG","img":"https://fd16-photos.leclercdrive.fr/image.ashx?id=2892367&use=l&cat=p&typeid=i","cat":312236},{"id":253682,"n":"Assiette Mots d'Enfants - 230g Légumes et macaroni dès 12M","p":1.39,"u":"6,04 €/KG","img":"https://fd16-photos.leclercdrive.fr/image.ashx?id=2892373&use=l&cat=p&typeid=i","cat":312237},{"id":253684,"n":"Assiette Mots d'Enfants - 250g Pâtes, tomate et jambon dès 15M","p":1.59,"u":"6,36 €/KG","img":"https://fd16-photos.leclercdrive.fr/image.ashx?id=2892376&use=l&cat=p&typeid=i","cat":312238},{"id":253691,"n":"Assiette Mots d'Enfants - 250g Pâtes boeuf bourguignon dès 18M","p":1.69,"u":"6,76 €/KG","img":"https://fd16-photos.leclercdrive.fr/image.ashx?id=2892382&use=l&cat=p&typeid=i","cat":312238},{"id":253698,"n":"Assiette Mots d'Enfants - 250g Carottes pâtes épinards dès 18M","p":1.69,"u":"6,76 €/KG","img":"https://fd16-photos.leclercdrive.fr/image.ashx?id=2898059&use=l&cat=p&typeid=i","cat":312238},{"id":253702,"n":"Peluche Friends house Fizzy Licorne - 100g","p":14.59,"u":"145,90 €/KG","img":"https://fd16-photos.leclercdrive.fr/image.ashx?id=2873583&use=l&cat=p&typeid=i","cat":284958},{"id":253703,"n":"Peluche Friends house Fizzy Dragon - 100g","p":14.59,"u":"145,90 €/KG","img":"https://fd16-photos.leclercdrive.fr/image.ashx?id=2873586&use=l&cat=p&typeid=i","cat":284958},{"id":254008,"n":"Gel douche homme Axe Copper santal - 225ml","p":2.94,"u":"13,07 €/L","img":"https://fd16-photos.leclercdrive.fr/image.ashx?id=2903881&use=l&cat=p&typeid=i","cat":284619},{"id":254050,"n":"Bière Desperados Sunlight citron citron vert 3x33cl","p":3.93,"u":"3,97 €/L","img":"https://fd16-photos.leclercdrive.fr/image.ashx?id=2977987&use=l&cat=p&typeid=i","cat":334878},{"id":254125,"n":"Saucisse droite Le Galibier Piment - 200g","p":4.32,"u":"21,60 €/KG","img":"https://fd16-photos.leclercdrive.fr/image.ashx?id=2876575&use=l&cat=p&typeid=i","cat":316006},{"id":254801,"n":"Vaisselle mains L'Arbre Vert Agrumes - 1.4L","p":3.48,"u":"2,49 €/L","img":"https://fd16-photos.leclercdrive.fr/image.ashx?id=2876662&use=l&cat=p&typeid=i","cat":284655},{"id":254804,"n":"Lessive monoï L'Arbre Vert Recharge - 1.53L","p":6.73,"u":"4,40 €/L","img":"https://fd16-photos.leclercdrive.fr/image.ashx?id=2894290&use=l&cat=p&typeid=i","cat":284640},{"id":254808,"n":"Assouplissant Tesori d'Oriente Ayurveda 42 lavages - 760ML","p":4.69,"u":"6,17 €/L","img":"https://fd16-photos.leclercdrive.fr/image.ashx?id=2876668&use=l&cat=p&typeid=i","cat":284650},{"id":254824,"n":"IGP Pays d'Oc rosé Bleu de Mer - 75cl","p":5.58,"u":"7,44 €/L","img":"https://fd16-photos.leclercdrive.fr/image.ashx?id=2876863&use=l&cat=p&typeid=i","cat":289558},{"id":254885,"n":"Sirop sport Citron - 60cl","p":2.29,"u":"3,82 €/L","img":"https://fd16-photos.leclercdrive.fr/image.ashx?id=2946490&use=l&cat=p&typeid=i","cat":295020},{"id":254888,"n":"Monster Rio punch 50cl","p":1.65,"u":"3,30 €/L","img":"https://fd16-photos.leclercdrive.fr/image.ashx?id=2877067&use=l&cat=p&typeid=i","cat":284533},{"id":254937,"n":"Sauce aïoli Rustica Pot - 235g","p":1.05,"u":"4,47 €/KG","img":"https://fd16-photos.leclercdrive.fr/image.ashx?id=2955077&use=l&cat=p&typeid=i","cat":318430},{"id":255141,"n":"Brosse à dents enfant Dentamyl Clignotante - Rose x1","p":1.99,"img":"https://fd16-photos.leclercdrive.fr/image.ashx?id=2878678&use=l&cat=p&typeid=i","cat":288897},{"id":255191,"n":"Préservatif Durex Nude - XL - x10","p":8.62,"img":"https://fd16-photos.leclercdrive.fr/image.ashx?id=2901677&use=l&cat=p&typeid=i","cat":284631},{"id":255356,"n":"Laque Syoss Volume - 300ml","p":3.15,"u":"10,50 €/L","img":"https://fd16-photos.leclercdrive.fr/image.ashx?id=2878834&use=l&cat=p&typeid=i","cat":284609},{"id":255541,"n":"Saucisson Mini Justin Bridou Bâton de Berger Emmental - 80g","p":2.5,"u":"31,25 €/KG","img":"https://fd16-photos.leclercdrive.fr/image.ashx?id=2880384&use=l&cat=p&typeid=i","cat":316006},{"id":255549,"n":"Saucisson Fuet Justin Bridou Noisette - 150g","p":2.99,"u":"19,93 €/KG","img":"https://fd16-photos.leclercdrive.fr/image.ashx?id=2948941&use=l&cat=p&typeid=i","cat":316006},{"id":255696,"n":"Déodorant spray homme Axe Apollo - 200ml","p":3.99,"u":"19,95 €/L","img":"https://fd16-photos.leclercdrive.fr/image.ashx?id=2985663&use=l&cat=p&typeid=i","cat":284618},{"id":255697,"n":"Déodorant spray homme Axe Black - 200ml","p":3.7,"u":"18,50 €/L","img":"https://fd16-photos.leclercdrive.fr/image.ashx?id=2880609&use=l&cat=p&typeid=i","cat":284618},{"id":255957,"n":"Déodorant spray homme Axe Dark temptation - 200ml","p":3.61,"u":"18,05 €/L","img":"https://fd16-photos.leclercdrive.fr/image.ashx?id=2881536&use=l&cat=p&typeid=i","cat":284618},{"id":256000,"n":"Déodorant stick Dove Pour tout  Le corps - Lavande - 75ml","p":5.09,"u":"67,87 €/L","img":"https://fd16-photos.leclercdrive.fr/image.ashx?id=2894560&use=l&cat=p&typeid=i","cat":284595},{"id":256001,"n":"Déodorant stick Dove Pour tout Le corps - Framboise - 24h 75ml","p":5.1,"u":"68,00 €/L","img":"https://fd16-photos.leclercdrive.fr/image.ashx?id=2894563&use=l&cat=p&typeid=i","cat":284595},{"id":256004,"n":"Déodorant spray Dove Pour tout Le corps - 72h Framboise 150ml","p":4.19,"u":"27,93 €/L","img":"https://fd16-photos.leclercdrive.fr/image.ashx?id=3009341&use=l&cat=p&typeid=i","cat":284595},{"id":256005,"n":"Déodorant crème Dove Pour tout Le corps - 72h Framboise - 75ml","p":4.19,"u":"55,87 €/L","img":"https://fd16-photos.leclercdrive.fr/image.ashx?id=2894572&use=l&cat=p&typeid=i","cat":284595},{"id":256483,"n":"Gel douche homme Axe Supreme 5-en-1 - Black - 250ml","p":2.79,"u":"11,16 €/L","img":"https://fd16-photos.leclercdrive.fr/image.ashx?id=2882932&use=l&cat=p&typeid=i","cat":284619},{"id":256485,"n":"Gel douche homme Axe Supreme Dark temptation - 5-en-1 250ml","p":2.79,"u":"11,16 €/L","img":"https://fd16-photos.leclercdrive.fr/image.ashx?id=2882935&use=l&cat=p&typeid=i","cat":284619},{"id":256491,"n":"Déodorant tout le corps Rexona  spray 72h anti-odeur 150ml","p":3.71,"u":"24,73 €/L","img":"https://fd16-photos.leclercdrive.fr/image.ashx?id=2989486&use=l&cat=p&typeid=i","cat":284595},{"id":256577,"n":"AOP Corbières Vin rouge - Bag in box - 3L","p":11.95,"u":"3,98 €/L","img":"https://fd16-photos.leclercdrive.fr/image.ashx?id=2905483&use=l&cat=p&typeid=i","cat":289556},{"id":256783,"n":"Laque Elnett Cheveux secs - 300ml","p":7.87,"u":"26,23 €/L","img":"https://fd16-photos.leclercdrive.fr/image.ashx?id=2883152&use=l&cat=p&typeid=i","cat":284609},{"id":256795,"n":"Déodorant Sanex zéro Pure Fresh - 200ml","p":3.93,"u":"19,65 €/L","img":"https://fd16-photos.leclercdrive.fr/image.ashx?id=2947240&use=l&cat=p&typeid=i","cat":284595},{"id":257013,"n":"Le Crémeux Soignon 300g","p":3.88,"u":"12,93 €/KG","img":"https://fd16-photos.leclercdrive.fr/image.ashx?id=2883597&use=l&cat=p&typeid=i","cat":314031},{"id":257014,"n":"Liqueur fleur de sureau 20% Marie Brizard - 70cl","p":11.5,"pp":8.0,"u":"11,43 €/L","img":"https://fd16-photos.leclercdrive.fr/image.ashx?id=2923525&use=l&cat=p&typeid=i","cat":286032},{"id":257038,"n":"Gel douche homme Axe Supreme Provocation - 5-en-1 - 400ml","p":3.2,"u":"8,00 €/L","img":"https://fd16-photos.leclercdrive.fr/image.ashx?id=2884924&use=l&cat=p&typeid=i","cat":284619},{"id":257041,"n":"Gel douche homme Axe supreme Re-load - 5en-1 - 250ml","p":2.4,"u":"9,60 €/L","img":"https://fd16-photos.leclercdrive.fr/image.ashx?id=2884927&use=l&cat=p&typeid=i","cat":284619},{"id":257043,"n":"Gel douche homme Axe Black vanilla - 225ml","p":2.79,"u":"12,40 €/L","img":"https://fd16-photos.leclercdrive.fr/image.ashx?id=2908387&use=l&cat=p&typeid=i","cat":284619},{"id":257046,"n":"Gel douche homme Axe Cherry fizz - 225ml","p":2.78,"u":"12,36 €/L","img":"https://fd16-photos.leclercdrive.fr/image.ashx?id=2908390&use=l&cat=p&typeid=i","cat":284619},{"id":257049,"n":"Déodorant spray homme Axe Cherry fizz - 150ml","p":4.2,"u":"28,00 €/L","img":"https://fd16-photos.leclercdrive.fr/image.ashx?id=3011953&use=l&cat=p&typeid=i","cat":284618},{"id":257050,"n":"Déodorant spray homme Axe Cocoa velvet - 150ml","p":5.16,"u":"34,40 €/L","img":"https://fd16-photos.leclercdrive.fr/image.ashx?id=2896468&use=l&cat=p&typeid=i","cat":284618},{"id":257051,"n":"Déodorant spray homme Axe Gold caramel billionaire 200ml","p":4.64,"u":"23,20 €/L","img":"https://fd16-photos.leclercdrive.fr/image.ashx?id=2884903&use=l&cat=p&typeid=i","cat":284618},{"id":257054,"n":"Émincés de poulet provençale L'Atelier Volaille - 300g","p":3.59,"u":"11,97 €/KG","img":"https://fd16-photos.leclercdrive.fr/image.ashx?id=2927884&use=l&cat=p&typeid=i","cat":284336},{"id":257076,"n":"Gnocchi à poêler Lustucru Extra fromage 300g","p":2.14,"u":"7,13 €/KG","img":"https://fd16-photos.leclercdrive.fr/image.ashx?id=2886013&use=l&cat=p&typeid=i","cat":333682},{"id":257077,"n":"Fromage enfant Mini Babybel  16 portions goûter - 352g","p":5.89,"u":"16,73 €/KG","img":"https://fd16-photos.leclercdrive.fr/image.ashx?id=2935840&use=l&cat=p&typeid=i","cat":314030},{"id":257164,"n":"Vodka Zubrowka lemon 70cl","p":16.25,"u":"23,21 €/L","img":"https://fd16-photos.leclercdrive.fr/image.ashx?id=2884828&use=l&cat=p&typeid=i","cat":284550},{"id":257206,"n":"Eponges fFlex & wash x2","p":3.93,"img":"https://fd16-photos.leclercdrive.fr/image.ashx?id=2884525&use=l&cat=p&typeid=i","cat":284667},{"id":257208,"n":"Lessive liquide Xeor Fraîcheur - x44 lavages - 2.2L","p":3.89,"u":"1,77 €/L","img":"https://fd16-photos.leclercdrive.fr/image.ashx?id=2981897&use=l&cat=p&typeid=i","cat":284640},{"id":257209,"n":"Lessive liquide Xeor Oranger - x44 lavages - 2.2L","p":3.99,"u":"1,81 €/L","img":"https://fd16-photos.leclercdrive.fr/image.ashx?id=2901497&use=l&cat=p&typeid=i","cat":284640},{"id":257211,"n":"Lessive liquide Xéor Oranger - x24 lavages - 1.2L","p":2.12,"u":"1,77 €/L","img":"https://fd16-photos.leclercdrive.fr/image.ashx?id=2903977&use=l&cat=p&typeid=i","cat":284640},{"id":257212,"n":"Lessive liquide Xéor Fraîcheur - x24 lavages - 1.2L","p":2.12,"u":"1,77 €/L","img":"https://fd16-photos.leclercdrive.fr/image.ashx?id=2901506&use=l&cat=p&typeid=i","cat":284640},{"id":257213,"n":"Lessive liquide Xéor Cerisier - x24 lavages - 1.2L","p":2.12,"u":"1,77 €/L","img":"https://fd16-photos.leclercdrive.fr/image.ashx?id=2903980&use=l&cat=p&typeid=i","cat":284640},{"id":257220,"n":"Gel lave-vaisselle Finish Power - 900ml","p":7.38,"u":"8,20 €/L","img":"https://fd16-photos.leclercdrive.fr/image.ashx?id=2884639&use=l&cat=p&typeid=i","cat":284656},{"id":257225,"n":"Gel lave-vaisselle Finish Power - Citron - 900ml","p":6.59,"u":"7,32 €/L","img":"https://fd16-photos.leclercdrive.fr/image.ashx?id=2884642&use=l&cat=p&typeid=i","cat":284656},{"id":257230,"n":"Désinfectant linge Sanytol Stop Odeurs Fleurs blanches 500ml","p":3.79,"u":"7,58 €/L","img":"https://fd16-photos.leclercdrive.fr/image.ashx?id=2961960&use=l&cat=p&typeid=i","cat":290451},{"id":257231,"n":"Désinfectant linge Sanytol Stop Odeurs Fleurs Blanches 1L","p":6.09,"u":"6,09 €/L","img":"https://fd16-photos.leclercdrive.fr/image.ashx?id=2884312&use=l&cat=p&typeid=i","cat":290451},{"id":257233,"n":"Tablettes lave-vaisselle Uni Vert - Tout-en-1 - x45 - 720g","p":6.57,"u":"9,13 €/KG","img":"https://fd16-photos.leclercdrive.fr/image.ashx?id=3015132&use=l&cat=p&typeid=i","cat":284656},{"id":257241,"n":"Déodorant homme Adidas Invisible - 150ml","p":3.07,"u":"20,47 €/L","img":"https://fd16-photos.leclercdrive.fr/image.ashx?id=2884609&use=l&cat=p&typeid=i","cat":284618},{"id":257249,"n":"Liquide vaisselle Paic Intense Anti-calcaire - 500ml","p":2.97,"u":"5,94 €/L","img":"https://fd16-photos.leclercdrive.fr/image.ashx?id=2884897&use=l&cat=p&typeid=i","cat":284655},{"id":257279,"n":"Bâtonnets surimi moelleux  Fleury Michon x24 - 360g","p":3.25,"u":"9,03 €/KG","img":"https://fd16-photos.leclercdrive.fr/image.ashx?id=2936926&use=l&cat=p&typeid=i","cat":285189},{"id":257510,"n":"Emincés de poulet façon kebab L'atelier Volaille - 300g","p":3.59,"u":"11,97 €/KG","img":"https://fd16-photos.leclercdrive.fr/image.ashx?id=2927887&use=l&cat=p&typeid=i","cat":284336},{"id":258071,"n":"Les Arrangés Divins Ananas Citron vert poivre Timut - 70cl","p":22.65,"u":"32,36 €/L","img":"https://fd16-photos.leclercdrive.fr/image.ashx?id=2886921&use=l&cat=p&typeid=i","cat":284550},{"id":258076,"n":"Les Arrangés Divins mangue Curcuma - 70cl","p":22.71,"u":"32,44 €/L","img":"https://fd16-photos.leclercdrive.fr/image.ashx?id=2886927&use=l&cat=p&typeid=i","cat":284550},{"id":258077,"n":"Les Arrangés Divins pomme Passion Gingembre bio - 70cl","p":22.71,"u":"32,44 €/L","img":"https://fd16-photos.leclercdrive.fr/image.ashx?id=2886930&use=l&cat=p&typeid=i","cat":284550},{"id":258079,"n":"Limonade Lorina pêche blanche 1L","p":2.37,"u":"2,37 €/L","img":"https://fd16-photos.leclercdrive.fr/image.ashx?id=2891094&use=l&cat=p&typeid=i","cat":284531},{"id":258340,"n":"Glace Kinder Bueno White Cônes noisettes x6 - 372g","p":6.47,"u":"17,39 €/KG","img":"https://fd16-photos.leclercdrive.fr/image.ashx?id=2890814&use=l&cat=p&typeid=i","cat":284264},{"id":258366,"n":"Bières Softiz Sans alcool  Saveur mojito - 6x27,5cl","p":3.02,"u":"1,83 €/L","img":"https://fd16-photos.leclercdrive.fr/image.ashx?id=2887428&use=l&cat=p&typeid=i","cat":334877},{"id":258374,"n":"Préparation pour Spritz Giffard Citron - 50cl 16% vol.","p":6.9,"pp":6.21,"u":"12,42 €/L","img":"https://fd16-photos.leclercdrive.fr/image.ashx?id=2888769&use=l&cat=p&typeid=i","cat":284551},{"id":258387,"n":"Bières Desperados Sunlight  mangue/passion 4° - 3x33cl","p":3.7,"u":"3,74 €/L","img":"https://fd16-photos.leclercdrive.fr/image.ashx?id=2977990&use=l&cat=p&typeid=i","cat":334878},{"id":258606,"n":"Soda Fanta Orange  Bouteille - 1.25L","p":1.66,"u":"1,33 €/L","img":"https://fd16-photos.leclercdrive.fr/image.ashx?id=2924752&use=l&cat=p&typeid=i","cat":284532},{"id":258630,"n":"Gaufrettes Knoppers Lait & noisettes - x15   375g","p":3.62,"u":"9,65 €/KG","img":"https://fd16-photos.leclercdrive.fr/image.ashx?id=2893777&use=l&cat=p&typeid=i","cat":284488},{"id":258816,"n":"Cacahuètes Curly  Miel barbecue - 150g","p":1.69,"u":"11,27 €/KG","img":"https://fd16-photos.leclercdrive.fr/image.ashx?id=2906367&use=l&cat=p&typeid=i","cat":284448},{"id":259217,"n":"Gel douche Sanex Derma thérapie Anti-dessèchement - 425ml","p":4.7,"u":"11,06 €/L","img":"https://fd16-photos.leclercdrive.fr/image.ashx?id=2913508&use=l&cat=p&typeid=i","cat":284594},{"id":259245,"n":"Bière aromatisée 1664 Rosé 4,5°- 6x25cl","p":5.49,"u":"3,66 €/L","img":"https://fd16-photos.leclercdrive.fr/image.ashx?id=2892457&use=l&cat=p&typeid=i","cat":334878},{"id":259262,"n":"Bière blonde Stella Artois 5,2% - 6x25cl","p":5.71,"u":"3,81 €/L","img":"https://fd16-photos.leclercdrive.fr/image.ashx?id=2944371&use=l&cat=p&typeid=i","cat":334873},{"id":259263,"n":"Bière blonde Stella Artois 5,2% - 12x25cl","p":9.5,"pp":6.27,"u":"2,09 €/L","img":"https://fd16-photos.leclercdrive.fr/image.ashx?id=2971754&use=l&cat=p&typeid=i","cat":334873},{"id":259277,"n":"Bière blonde Stella Artois 5,2% - 20x25cl","p":15.92,"u":"3,18 €/L","img":"https://fd16-photos.leclercdrive.fr/image.ashx?id=2944377&use=l&cat=p&typeid=i","cat":334873},{"id":259282,"n":"Bière blonde 8.6 Original - 8.6% - 8x50cl","p":10.85,"u":"2,71 €/L","img":"https://fd16-photos.leclercdrive.fr/image.ashx?id=3001527&use=l&cat=p&typeid=i","cat":334853},{"id":259283,"n":"Bière Cherry 8.6 7.2% - 4x50cl","p":6.96,"u":"3,48 €/L","img":"https://fd16-photos.leclercdrive.fr/image.ashx?id=2905708&use=l&cat=p&typeid=i","cat":334853},{"id":259291,"n":"Spray dégraissant Universel  Musc Blanc Chanteclair -600ml","p":2.9,"u":"4,83 €/L","img":"https://fd16-photos.leclercdrive.fr/image.ashx?id=2893120&use=l&cat=p&typeid=i","cat":325357},{"id":259293,"n":"Spray dégraissant anti odeur Chanteclair -600ml","p":2.9,"u":"4,83 €/L","img":"https://fd16-photos.leclercdrive.fr/image.ashx?id=2893123&use=l&cat=p&typeid=i","cat":325357},{"id":259302,"n":"Produit vaisselle recharge  Paic -900ml","p":4.4,"u":"4,89 €/L","img":"https://fd16-photos.leclercdrive.fr/image.ashx?id=2893156&use=l&cat=p&typeid=i","cat":284655},{"id":259316,"n":"Rillette de porc truffe noire Lartigue et Fils - 180g","p":5.59,"u":"31,06 €/KG","img":"https://fd16-photos.leclercdrive.fr/image.ashx?id=2892895&use=l&cat=p&typeid=i","cat":316008},{"id":259317,"n":"Rillette de canard Lartigue et Fils - 180g","p":5.47,"u":"30,39 €/KG","img":"https://fd16-photos.leclercdrive.fr/image.ashx?id=2892892&use=l&cat=p&typeid=i","cat":316008},{"id":259321,"n":"Pain burger Jacquet Géant brioché x4 - 300g","p":1.57,"u":"5,23 €/KG","img":"https://fd16-photos.leclercdrive.fr/image.ashx?id=2991879&use=l&cat=p&typeid=i","cat":325067},{"id":259594,"n":"Aérosol Glade Muguet  300ml","p":2.26,"u":"7,53 €/L","img":"https://fd16-photos.leclercdrive.fr/image.ashx?id=2892985&use=l&cat=p&typeid=i","cat":311626},{"id":259631,"n":"Bières 8.6 original 8.6% VOL Pack 6x25cl","p":5.14,"u":"3,43 €/L","img":"https://fd16-photos.leclercdrive.fr/image.ashx?id=2893135&use=l&cat=p&typeid=i","cat":334873},{"id":259754,"n":"Bière blonde Stella Artois 5,2% - 50cl canette","p":1.54,"u":"3,08 €/L","img":"https://fd16-photos.leclercdrive.fr/image.ashx?id=2893063&use=l&cat=p&typeid=i","cat":334853},{"id":259849,"n":"Tacos montagnard Karatok - 265g","p":4.89,"pp":3.91,"u":"14,75 €/KG","img":"https://fd16-photos.leclercdrive.fr/image.ashx?id=2903188&use=l&cat=p&typeid=i","cat":333658},{"id":260044,"n":"Liqueur Get Menthe & fruits rouges 17.9° - 70cl","p":12.99,"u":"18,56 €/L","img":"https://fd16-photos.leclercdrive.fr/image.ashx?id=3009104&use=l&cat=p&typeid=i","cat":286032},{"id":260045,"n":"Boisson énergisante Celsius Pêche framboise - 35,5cl","p":1.4,"u":"3,94 €/L","img":"https://fd16-photos.leclercdrive.fr/image.ashx?id=2922155&use=l&cat=p&typeid=i","cat":284533},{"id":260054,"n":"Boisson énergisante Celsius Fraise passion - 35,5cl","p":1.4,"u":"3,94 €/L","img":"https://fd16-photos.leclercdrive.fr/image.ashx?id=2922158&use=l&cat=p&typeid=i","cat":284533},{"id":260214,"n":"Cookies BN Pépites aux 2 chocolats - 150g","p":2.13,"u":"14,20 €/KG","img":"https://fd16-photos.leclercdrive.fr/image.ashx?id=2901704&use=l&cat=p&typeid=i","cat":325066},{"id":260216,"n":"Cookies BN Pépites de chocolat blanc -150g","p":2.18,"u":"14,53 €/KG","img":"https://fd16-photos.leclercdrive.fr/image.ashx?id=2901707&use=l&cat=p&typeid=i","cat":325066},{"id":260269,"n":"Désinfectant linge Sanytol  Envolée de Printemps - 1L","p":6.95,"u":"6,95 €/L","img":"https://fd16-photos.leclercdrive.fr/image.ashx?id=2894131&use=l&cat=p&typeid=i","cat":290451},{"id":260270,"n":"Désinfectant linge Sanytol  Envolée de Printemps - 500ml","p":3.87,"u":"7,74 €/L","img":"https://fd16-photos.leclercdrive.fr/image.ashx?id=2894128&use=l&cat=p&typeid=i","cat":290451},{"id":260272,"n":"Désinfectant linge Sanytol  Fraicheur active - 1L","p":6.04,"u":"6,04 €/L","img":"https://fd16-photos.leclercdrive.fr/image.ashx?id=2894125&use=l&cat=p&typeid=i","cat":290451},{"id":260273,"n":"Désinfectant linge Sanytol  Fraicheur active - 500ml","p":3.85,"u":"7,70 €/L","img":"https://fd16-photos.leclercdrive.fr/image.ashx?id=2894122&use=l&cat=p&typeid=i","cat":290451},{"id":260276,"n":"Barre de céréales Nature Valley Crunchy avoine miel - 420g","p":3.93,"u":"9,36 €/KG","img":"https://fd16-photos.leclercdrive.fr/image.ashx?id=2894512&use=l&cat=p&typeid=i","cat":300032},{"id":260279,"n":"Barre de céréales Nature Valley Crunchy avoine chocolat - 420g","p":3.93,"u":"9,36 €/KG","img":"https://fd16-photos.leclercdrive.fr/image.ashx?id=2894515&use=l&cat=p&typeid=i","cat":300032},{"id":260281,"n":"Bière blonde de caractère  Pélican 7.5% 12x25cl","p":11.39,"pp":7.52,"u":"2,51 €/L","img":"https://fd16-photos.leclercdrive.fr/image.ashx?id=2922600&use=l&cat=p&typeid=i","cat":334872},{"id":260302,"n":"Parfum de linge en sachet Aura Linge frais - 13g","p":2.32,"u":"178,46 €/KG","img":"https://fd16-photos.leclercdrive.fr/image.ashx?id=2912668&use=l&cat=p&typeid=i","cat":325302},{"id":260672,"n":"Head & Shoulders shampoing  Classic 2 x 250ml","p":7.97,"u":"15,94 €/L","img":"https://fd16-photos.leclercdrive.fr/image.ashx?id=2895095&use=l&cat=p&typeid=i","cat":284606},{"id":261003,"n":"Haricots verts extra fins Eleveurs Hauts-de-France - 440g","p":1.51,"u":"3,43 €/KG","img":"https://fd16-photos.leclercdrive.fr/image.ashx?id=2926485&use=l&cat=p&typeid=i","cat":312606},{"id":261073,"n":"Pépites de chocolat noir Sainte Lucie - 100g","p":2.1,"u":"21,00 €/KG","img":"https://fd16-photos.leclercdrive.fr/image.ashx?id=2896177&use=l&cat=p&typeid=i","cat":284504},{"id":261222,"n":"Saucisson Saint Agaûne 200g","p":3.51,"u":"17,55 €/KG","img":"https://fd16-photos.leclercdrive.fr/image.ashx?id=2977432&use=l&cat=p&typeid=i","cat":316006},{"id":261224,"n":"Saucisson Saint Agaûne La fine - 280g","p":5.34,"u":"19,07 €/KG","img":"https://fd16-photos.leclercdrive.fr/image.ashx?id=2965094&use=l&cat=p&typeid=i","cat":316006},{"id":261270,"n":"Rasoir Venus confort glide  Spa breeze +2 recharges","p":14.9,"img":"https://fd16-photos.leclercdrive.fr/image.ashx?id=2897351&use=l&cat=p&typeid=i","cat":325352},{"id":261279,"n":"Tablette  de chocolat Poulain 2x95g","p":2.83,"u":"14,89 €/KG","img":"https://fd16-photos.leclercdrive.fr/image.ashx?id=2897177&use=l&cat=p&typeid=i","cat":284497},{"id":261284,"n":"Rasoir Venus pro confort glide  Sensitive +1 recharge","p":12.6,"img":"https://fd16-photos.leclercdrive.fr/image.ashx?id=2897411&use=l&cat=p&typeid=i","cat":325352},{"id":261433,"n":"Café capsules Dolce Gusto Starbucks latte macchiato 129g","p":4.39,"u":"34,03 €/KG","img":"https://fd16-photos.leclercdrive.fr/image.ashx?id=2897348&use=l&cat=p&typeid=i","cat":293239},{"id":261461,"n":"Bière Kasteel Rubus 7° alc. La boîte 50cl","p":2.91,"u":"5,82 €/L","img":"https://fd16-photos.leclercdrive.fr/image.ashx?id=2897312&use=l&cat=p&typeid=i","cat":334853},{"id":261502,"n":"Bonbons Tic Tac  Chlorophylle - x100 - 49g","p":1.99,"u":"40,61 €/KG","img":"https://fd16-photos.leclercdrive.fr/image.ashx?id=2903791&use=l&cat=p&typeid=i","cat":304256},{"id":261503,"n":"Tablette de chocolat Poulain Lait noisette - 2x95g","p":2.91,"u":"15,32 €/KG","img":"https://fd16-photos.leclercdrive.fr/image.ashx?id=2899509&use=l&cat=p&typeid=i","cat":284497},{"id":261505,"n":"Chocolat Tablette d'Or Lait caramelisées - 180g","p":2.49,"u":"13,83 €/KG","img":"https://fd16-photos.leclercdrive.fr/image.ashx?id=2896837&use=l&cat=p&typeid=i","cat":284497},{"id":261507,"n":"Tablette de chocolat Equador noir citron vert - 100g","p":1.79,"u":"17,90 €/KG","img":"https://fd16-photos.leclercdrive.fr/image.ashx?id=2896834&use=l&cat=p&typeid=i","cat":284956},{"id":261508,"n":"Chocolat blanc Tablette d'Or Speculoos framboise - 180g","p":2.99,"u":"16,61 €/KG","img":"https://fd16-photos.leclercdrive.fr/image.ashx?id=2896831&use=l&cat=p&typeid=i","cat":284957},{"id":261540,"n":"Rhum Diplomatico Mantuano 70cl 40%","p":30.44,"u":"43,49 €/L","img":"https://fd16-photos.leclercdrive.fr/image.ashx?id=2898753&use=l&cat=p&typeid=i","cat":284550},{"id":261542,"n":"Laque tenue flexible Syoss 300ml","p":3.5,"u":"11,67 €/L","img":"https://fd16-photos.leclercdrive.fr/image.ashx?id=2903089&use=l&cat=p&typeid=i","cat":284609},{"id":261612,"n":"Pancakes Pasquier Vanille - x8  280g","p":2.43,"u":"8,68 €/KG","img":"https://fd16-photos.leclercdrive.fr/image.ashx?id=2900452&use=l&cat=p&typeid=i","cat":284495},{"id":261974,"n":"Coca-Cola Cherry 18+2 offertes - 20x33cl","p":13.0,"u":"1,97 €/L","img":"https://fd16-photos.leclercdrive.fr/image.ashx?id=2903716&use=l&cat=p&typeid=i","cat":284530},{"id":262313,"n":"IGP Pays D'Oc Bleu de Mer  Vin Blanc Sauvignon - 75cl","p":6.24,"u":"8,32 €/L","img":"https://fd16-photos.leclercdrive.fr/image.ashx?id=2899152&use=l&cat=p&typeid=i","cat":289557},{"id":262522,"n":"Saucisse droite Le Galibier Chorizo doux - 200g","p":4.32,"u":"21,60 €/KG","img":"https://fd16-photos.leclercdrive.fr/image.ashx?id=2956382&use=l&cat=p&typeid=i","cat":316006},{"id":262524,"n":"Liégois vanille La Fermière - 2x120g","p":2.75,"u":"11,46 €/KG","img":"https://fd16-photos.leclercdrive.fr/image.ashx?id=2901995&use=l&cat=p&typeid=i","cat":285042},{"id":262865,"n":"Tablette MMMAX Milka 250g","p":3.27,"u":"13,08 €/KG","img":"https://fd16-photos.leclercdrive.fr/image.ashx?id=3000444&use=l&cat=p&typeid=i","cat":284497},{"id":263009,"n":"Bières Softiz Framboise Sans alcool  6x27,5cl","p":3.19,"u":"1,93 €/L","img":"https://fd16-photos.leclercdrive.fr/image.ashx?id=2899935&use=l&cat=p&typeid=i","cat":334877},{"id":263282,"n":"Désinfectant linge Textil 1,5L","p":1.99,"u":"1,33 €/L","img":"https://fd16-photos.leclercdrive.fr/image.ashx?id=2958768&use=l&cat=p&typeid=i","cat":290451},{"id":263287,"n":"IGP Méditerranée Blanc Studio by Miraval - 75cl","p":11.5,"u":"15,33 €/L","img":"https://fd16-photos.leclercdrive.fr/image.ashx?id=2990541&use=l&cat=p&typeid=i","cat":289557},{"id":263328,"n":"Bonbons Lutti Bubblizz Piquants - 300g","p":1.77,"u":"5,90 €/KG","img":"https://fd16-photos.leclercdrive.fr/image.ashx?id=2900983&use=l&cat=p&typeid=i","cat":304250},{"id":263336,"n":"Yaourt à boire Actimel Nature sans sucres - 8x100g","p":3.59,"u":"4,49 €/KG","img":"https://fd16-photos.leclercdrive.fr/image.ashx?id=2901638&use=l&cat=p&typeid=i","cat":284415},{"id":263698,"n":"Bière Softiz  Agrumes 6x27,5cl","p":3.33,"u":"2,02 €/L","img":"https://fd16-photos.leclercdrive.fr/image.ashx?id=2902529&use=l&cat=p&typeid=i","cat":334877},{"id":263738,"n":"Culottes Tena Silouette Plus  Taille haute - x9","p":6.94,"u":"0,77 €/P","img":"https://fd16-photos.leclercdrive.fr/image.ashx?id=3011884&use=l&cat=p&typeid=i","cat":284628},{"id":263918,"n":"Nouilles instantanées Daisuki Poulet Yakitori - 93g","p":2.17,"u":"23,33 €/KG","img":"https://fd16-photos.leclercdrive.fr/image.ashx?id=2904646&use=l&cat=p&typeid=i","cat":288992},{"id":263919,"n":"Nouilles instantanées Daisuki Légumes Curry - 93g","p":2.49,"u":"26,77 €/KG","img":"https://fd16-photos.leclercdrive.fr/image.ashx?id=2904652&use=l&cat=p&typeid=i","cat":288992},{"id":263921,"n":"Nouilles instantanées Daisuki Sauce soja - 93g","p":2.17,"u":"23,33 €/KG","img":"https://fd16-photos.leclercdrive.fr/image.ashx?id=2904649&use=l&cat=p&typeid=i","cat":288992},{"id":264022,"n":"Cookies Cream Delichoc 150g","p":2.52,"u":"16,80 €/KG","img":"https://fd16-photos.leclercdrive.fr/image.ashx?id=2904712&use=l&cat=p&typeid=i","cat":284488},{"id":264023,"n":"Bière Cornet Oaked blonde Boite 50cl","p":1.75,"u":"3,50 €/L","img":"https://fd16-photos.leclercdrive.fr/image.ashx?id=2905627&use=l&cat=p&typeid=i","cat":334853},{"id":264049,"n":"Limoncè aperitivo 14.8% vol. 70cl","p":12.45,"u":"17,79 €/L","img":"https://fd16-photos.leclercdrive.fr/image.ashx?id=2906850&use=l&cat=p&typeid=i","cat":286032},{"id":264362,"n":"Compote Coeur de fruits Andros Pomme poire 4x100g","p":1.53,"u":"3,83 €/KG","img":"https://fd16-photos.leclercdrive.fr/image.ashx?id=2906487&use=l&cat=p&typeid=i","cat":284416},{"id":264374,"n":"Compote Coeur de fruits Andros Pomme abricot 4x100g","p":1.55,"u":"3,88 €/KG","img":"https://fd16-photos.leclercdrive.fr/image.ashx?id=2907352&use=l&cat=p&typeid=i","cat":284416},{"id":264376,"n":"Compote Coeur de fruits Pomme mangue 4x100g","p":1.64,"u":"4,10 €/KG","img":"https://fd16-photos.leclercdrive.fr/image.ashx?id=2907641&use=l&cat=p&typeid=i","cat":284416},{"id":264378,"n":"Compote Coeur de fruits Andros Pomme pruneau 4x100g","p":1.94,"u":"4,85 €/KG","img":"https://fd16-photos.leclercdrive.fr/image.ashx?id=2907358&use=l&cat=p&typeid=i","cat":284416},{"id":264381,"n":"Compote Coeur de fruits Andros Ananas pomme passion 4x97g","p":2.49,"u":"6,42 €/KG","img":"https://fd16-photos.leclercdrive.fr/image.ashx?id=2910180&use=l&cat=p&typeid=i","cat":284416},{"id":264416,"n":"Tartelette BN Chocolat - 100g","p":1.29,"u":"12,90 €/KG","img":"https://fd16-photos.leclercdrive.fr/image.ashx?id=2907881&use=l&cat=p&typeid=i","cat":284488},{"id":264417,"n":"Biscuits BN Del'ice Choco Brownie - 185g","p":2.2,"u":"11,89 €/KG","img":"https://fd16-photos.leclercdrive.fr/image.ashx?id=2907884&use=l&cat=p&typeid=i","cat":284488},{"id":264431,"n":"Matière grasse végétale Flora Doux à tartiner - 250g","p":2.59,"u":"10,36 €/KG","img":"https://fd16-photos.leclercdrive.fr/image.ashx?id=2908381&use=l&cat=p&typeid=i","cat":315229},{"id":264432,"n":"Matière grasse végétale Flora Demi-sel à tartiner - 250g","p":2.46,"u":"9,84 €/KG","img":"https://fd16-photos.leclercdrive.fr/image.ashx?id=2908384&use=l&cat=p&typeid=i","cat":315229},{"id":264694,"n":"Cheetos crispy Balls  90g","p":1.16,"u":"12,89 €/KG","img":"https://fd16-photos.leclercdrive.fr/image.ashx?id=2907962&use=l&cat=p&typeid=i","cat":284449},{"id":264700,"n":"Cheetos crunchy Sweet Chili - 90g","p":1.29,"u":"14,33 €/KG","img":"https://fd16-photos.leclercdrive.fr/image.ashx?id=2907968&use=l&cat=p&typeid=i","cat":284449},{"id":264708,"n":"Cheetos original  Fromage - 80g","p":1.19,"u":"14,88 €/KG","img":"https://fd16-photos.leclercdrive.fr/image.ashx?id=2907959&use=l&cat=p&typeid=i","cat":284449},{"id":264903,"n":"La Panée soja Garden Gourmet 207g","p":2.68,"u":"12,95 €/KG","img":"https://fd16-photos.leclercdrive.fr/image.ashx?id=2980155&use=l&cat=p&typeid=i","cat":316036},{"id":264950,"n":"Bâtonnets surimi moelleux Fleury Michon x40 - 600g","p":5.25,"u":"8,75 €/KG","img":"https://fd16-photos.leclercdrive.fr/image.ashx?id=2936932&use=l&cat=p&typeid=i","cat":285189},{"id":265151,"n":"Fromage enfant Mini Babybel  22 portions 484g","p":7.81,"u":"16,14 €/KG","img":"https://fd16-photos.leclercdrive.fr/image.ashx?id=2935843&use=l&cat=p&typeid=i","cat":314030},{"id":265152,"n":"Fromage apéritif Apéricube Soirée match 48 cubes 250g","p":4.17,"u":"16,68 €/KG","img":"https://fd16-photos.leclercdrive.fr/image.ashx?id=2908915&use=l&cat=p&typeid=i","cat":314027},{"id":265154,"n":"Fromage apéritif Apéricube Challenge 48 cubes 250g","p":4.67,"u":"18,68 €/KG","img":"https://fd16-photos.leclercdrive.fr/image.ashx?id=2908918&use=l&cat=p&typeid=i","cat":314027},{"id":265443,"n":"Martini Bianco 14.5° - 1L","p":10.3,"u":"10,30 €/L","img":"https://fd16-photos.leclercdrive.fr/image.ashx?id=2941952&use=l&cat=p&typeid=i","cat":284913},{"id":265446,"n":"Martini Fiero 14.5° - 1L","p":10.3,"u":"10,30 €/L","img":"https://fd16-photos.leclercdrive.fr/image.ashx?id=2911573&use=l&cat=p&typeid=i","cat":284913},{"id":265449,"n":"Martini rosato 14.5° - 1L","p":10.3,"u":"10,30 €/L","img":"https://fd16-photos.leclercdrive.fr/image.ashx?id=2941946&use=l&cat=p&typeid=i","cat":284913},{"id":265450,"n":"Martini rosso 14.5° - 1L","p":10.3,"u":"10,30 €/L","img":"https://fd16-photos.leclercdrive.fr/image.ashx?id=2941949&use=l&cat=p&typeid=i","cat":284913},{"id":265507,"n":"Kit plumeau Swiffer Anti-poussière +4 recharges","p":6.4,"img":"https://fd16-photos.leclercdrive.fr/image.ashx?id=2917106&use=l&cat=p&typeid=i","cat":325364},{"id":265511,"n":"Recharges plumeaux Swiffer Fraîcheur - x5","p":5.04,"img":"https://fd16-photos.leclercdrive.fr/image.ashx?id=2974161&use=l&cat=p&typeid=i","cat":325364},{"id":265514,"n":"Adoucissant Lenor collection Jasmin et rose de mai 1.155L","p":4.53,"u":"3,92 €/L","img":"https://fd16-photos.leclercdrive.fr/image.ashx?id=2912701&use=l&cat=p&typeid=i","cat":284650},{"id":265517,"n":"Lingettes humides balai Swiffer Attrape-poussière Citron x10","p":6.68,"img":"https://fd16-photos.leclercdrive.fr/image.ashx?id=2912698&use=l&cat=p&typeid=i","cat":325364},{"id":265519,"n":"Adoucissant Lenor Fresh Air Jardins en fleurs - 504ml x36","p":4.53,"u":"8,99 €/L","img":"https://fd16-photos.leclercdrive.fr/image.ashx?id=2912686&use=l&cat=p&typeid=i","cat":284650},{"id":265811,"n":"Capsules lave-vaisselle Finish Quantum x60 - 624g","p":10.57,"u":"16,94 €/KG","img":"https://fd16-photos.leclercdrive.fr/image.ashx?id=2911453&use=l&cat=p&typeid=i","cat":284656},{"id":265815,"n":"Rasoir Hydro 5 Ultimate Wilkinson","p":8.34,"img":"https://fd16-photos.leclercdrive.fr/image.ashx?id=2911540&use=l&cat=p&typeid=i","cat":284616},{"id":265822,"n":"Rasoir Barber's Style  Wilkinson - 5 lames","p":17.9,"img":"https://fd16-photos.leclercdrive.fr/image.ashx?id=2911531&use=l&cat=p&typeid=i","cat":284616},{"id":265830,"n":"Rasoir Hydro Trim & Shave  Wilkinson","p":17.99,"u":"Dont 0,07 € d'éco-part.","img":"https://fd16-photos.leclercdrive.fr/image.ashx?id=2911534&use=l&cat=p&typeid=i","cat":284616},{"id":265834,"n":"Lessive liquide Omo Lavande & Patchouli - 1,76L","p":9.82,"u":"5,57 €/L","img":"https://fd16-photos.leclercdrive.fr/image.ashx?id=2911627&use=l&cat=p&typeid=i","cat":284640},{"id":265837,"n":"Lessive liquide Omo Mangue & fleurs - 1,76L","p":9.82,"u":"5,58 €/L","img":"https://fd16-photos.leclercdrive.fr/image.ashx?id=2911630&use=l&cat=p&typeid=i","cat":284640},{"id":265890,"n":"Vodka Poliakov cherry 70cl 32°","p":14.5,"u":"20,71 €/L","img":"https://fd16-photos.leclercdrive.fr/image.ashx?id=3002048&use=l&cat=p&typeid=i","cat":284550},{"id":265920,"n":"Tablette lave-vaisselle Fairy  Platinium Anti-terne - 388g","p":10.0,"u":"25,77 €/KG","img":"https://fd16-photos.leclercdrive.fr/image.ashx?id=2914879&use=l&cat=p&typeid=i","cat":284656},{"id":265921,"n":"Capsules lave-vaisselle Fairy Platinium Plus anti-terne 388g","p":8.35,"u":"21,52 €/KG","img":"https://fd16-photos.leclercdrive.fr/image.ashx?id=2914189&use=l&cat=p&typeid=i","cat":284656},{"id":265931,"n":"Tablettes lave-vaisselle Fairy  Original Tout en 1 x34 - 473g","p":11.98,"u":"25,33 €/KG","img":"https://fd16-photos.leclercdrive.fr/image.ashx?id=2914198&use=l&cat=p&typeid=i","cat":284656},{"id":265947,"n":"Dentifrice Sensodyne  Soin complet 3x75ml","p":9.83,"pp":5.9,"u":"26,22 €/L","img":"https://fd16-photos.leclercdrive.fr/image.ashx?id=3009023&use=l&cat=p&typeid=i","cat":284612},{"id":266105,"n":"Nettoyant lave-vaisselle Finish Protector - 30g","p":3.62,"u":"120,67 €/KG","img":"https://fd16-photos.leclercdrive.fr/image.ashx?id=2914894&use=l&cat=p&typeid=i","cat":284657},{"id":266106,"n":"Adoucissant Soupline Concentré Ultra Moments magiques - 800ml","p":7.74,"u":"9,68 €/L","img":"https://fd16-photos.leclercdrive.fr/image.ashx?id=2914225&use=l&cat=p&typeid=i","cat":284650},{"id":266107,"n":"Gel WC Harpic Power Plus 750ml","p":2.13,"u":"2,84 €/L","img":"https://fd16-photos.leclercdrive.fr/image.ashx?id=2914027&use=l&cat=p&typeid=i","cat":284662},{"id":266113,"n":"Lessive liquide Ariel Unstoppable - x30 1.350L","p":9.88,"u":"7,32 €/L","img":"https://fd16-photos.leclercdrive.fr/image.ashx?id=2914144&use=l&cat=p&typeid=i","cat":284640},{"id":266123,"n":"Jambon Sec fines et fondantes Aoste nature 4 tranches - 67g","p":2.32,"u":"34,63 €/KG","img":"https://fd16-photos.leclercdrive.fr/image.ashx?id=2937196&use=l&cat=p&typeid=i","cat":316007},{"id":266139,"n":"Gel WC Harpic Power Plus Marine - 750ml","p":2.44,"u":"3,25 €/L","img":"https://fd16-photos.leclercdrive.fr/image.ashx?id=2914021&use=l&cat=p&typeid=i","cat":284662},{"id":266140,"n":"Capsules lave-vaisselle Finish Ultimate Plus - x47 - 573g","p":11.88,"pp":7.13,"u":"12,44 €/KG","img":"https://fd16-photos.leclercdrive.fr/image.ashx?id=2914630&use=l&cat=p&typeid=i","cat":284656},{"id":266145,"n":"Adoucissant Lenor Fresh Air Soleil tropical - 504ml - x36","p":4.53,"u":"8,99 €/L","img":"https://fd16-photos.leclercdrive.fr/image.ashx?id=2914156&use=l&cat=p&typeid=i","cat":284650},{"id":266147,"n":"Parfum de linge Lenor Parfum d'Ariel - x13 - 155g","p":4.53,"u":"29,23 €/KG","img":"https://fd16-photos.leclercdrive.fr/image.ashx?id=2914159&use=l&cat=p&typeid=i","cat":325302},{"id":266149,"n":"Adoucissant Lenor Fresh Air Fraîcheur matinale 504ml - x36","p":4.53,"u":"8,99 €/L","img":"https://fd16-photos.leclercdrive.fr/image.ashx?id=2914150&use=l&cat=p&typeid=i","cat":284650},{"id":266150,"n":"Lait corps hydratation Nivea Express - 250ml","p":4.0,"u":"16,00 €/L","img":"https://fd16-photos.leclercdrive.fr/image.ashx?id=2977648&use=l&cat=p&typeid=i","cat":325349},{"id":266152,"n":"Crème visage jour Nivea Anti-rides Q10+ Sensitive 50ml","p":13.4,"u":"268,00 €/L","img":"https://fd16-photos.leclercdrive.fr/image.ashx?id=2973940&use=l&cat=p&typeid=i","cat":325345},{"id":266162,"n":"Capsules lave-vaisselle Finish Quantum - 707g - x68","p":11.88,"pp":7.13,"u":"10,08 €/KG","img":"https://fd16-photos.leclercdrive.fr/image.ashx?id=2914627&use=l&cat=p&typeid=i","cat":284656},{"id":266163,"n":"Parfum de linge Lenor Jasmin & Rose de mai 155g x13","p":4.53,"u":"29,23 €/KG","img":"https://fd16-photos.leclercdrive.fr/image.ashx?id=2914162&use=l&cat=p&typeid=i","cat":325302},{"id":266165,"n":"Fromage enfant Mini Babybel Mix 9 portions","p":3.53,"u":"0,59 €/P","img":"https://fd16-photos.leclercdrive.fr/image.ashx?id=2911912&use=l&cat=p&typeid=i","cat":314030},{"id":266167,"n":"Fromage enfant Mini Babybel Emmental 6 portions","p":2.64,"u":"0,44 €/P","img":"https://fd16-photos.leclercdrive.fr/image.ashx?id=2911915&use=l&cat=p&typeid=i","cat":314030},{"id":266168,"n":"Lessive capsules Ariel 3en1 Pods - Alpine - 346g x19","p":12.12,"u":"35,03 €/KG","img":"https://fd16-photos.leclercdrive.fr/image.ashx?id=2914867&use=l&cat=p&typeid=i","cat":284641},{"id":266199,"n":"Adoucissant Soupline Ultra Fraîcheur infinie rosée 800ml","p":5.92,"u":"7,40 €/L","img":"https://fd16-photos.leclercdrive.fr/image.ashx?id=2991027&use=l&cat=p&typeid=i","cat":284650},{"id":266201,"n":"Adoucissant Soupline Ultra Fraîcheur infinie lagon 800ml","p":6.49,"u":"8,11 €/L","img":"https://fd16-photos.leclercdrive.fr/image.ashx?id=2991024&use=l&cat=p&typeid=i","cat":284650},{"id":266203,"n":"Adoucissant Soupline Ultra concentré Rose éclatante 800 ml","p":8.35,"u":"10,44 €/L","img":"https://fd16-photos.leclercdrive.fr/image.ashx?id=2914210&use=l&cat=p&typeid=i","cat":284650},{"id":266206,"n":"Adoucissant Soupline Ultra concentré Fraicheur Azur 800 ml","p":5.92,"u":"7,40 €/L","img":"https://fd16-photos.leclercdrive.fr/image.ashx?id=2991030&use=l&cat=p&typeid=i","cat":284650},{"id":266208,"n":"Adoucissant Soupline Ultra concentré Soin Expert 800 ml","p":8.41,"u":"10,51 €/L","img":"https://fd16-photos.leclercdrive.fr/image.ashx?id=2914222&use=l&cat=p&typeid=i","cat":284650},{"id":266213,"n":"Adoucissant Soupline Emotion ambré - 1260ml","p":7.75,"u":"6,15 €/L","img":"https://fd16-photos.leclercdrive.fr/image.ashx?id=2914231&use=l&cat=p&typeid=i","cat":284650},{"id":266438,"n":"Lessive liquide Ariel Protection fibres - 1.350ml x30","p":9.88,"u":"7,32 €/L","img":"https://fd16-photos.leclercdrive.fr/image.ashx?id=2914825&use=l&cat=p&typeid=i","cat":284640},{"id":266444,"n":"Lessive capsules Ariel 3en1 Original - 546g - x30","p":11.45,"u":"20,97 €/KG","img":"https://fd16-photos.leclercdrive.fr/image.ashx?id=2914834&use=l&cat=p&typeid=i","cat":284641},{"id":266463,"n":"Shampooing Head & Shoulders Intense hydratation - 330ml","p":4.85,"u":"14,70 €/L","img":"https://fd16-photos.leclercdrive.fr/image.ashx?id=2914801&use=l&cat=p&typeid=i","cat":284606},{"id":266465,"n":"Lessive liquide Skip Bébé - 1.47L x35","p":12.55,"u":"8,54 €/L","img":"https://fd16-photos.leclercdrive.fr/image.ashx?id=2971787&use=l&cat=p&typeid=i","cat":284640},{"id":266473,"n":"Eau gazeuse San Pellegrino Pêche Menthe - 6x33cl","p":3.21,"u":"1,62 €/L","img":"https://fd16-photos.leclercdrive.fr/image.ashx?id=2914780&use=l&cat=p&typeid=i","cat":284532},{"id":266685,"n":"Mélanges herbes épices Cholula Fajita Paprika Coriandre 490g","p":4.95,"u":"10,10 €/KG","img":"https://fd16-photos.leclercdrive.fr/image.ashx?id=2915862&use=l&cat=p&typeid=i","cat":288993},{"id":266721,"n":"Chips Croky Paprika - 150g","p":1.36,"u":"9,07 €/KG","img":"https://fd16-photos.leclercdrive.fr/image.ashx?id=2920271&use=l&cat=p&typeid=i","cat":284447},{"id":266724,"n":"Chips Partymix Croky 6x30g","p":1.8,"u":"10,00 €/KG","img":"https://fd16-photos.leclercdrive.fr/image.ashx?id=2920265&use=l&cat=p&typeid=i","cat":284447},{"id":266725,"n":"Chips Croky Bicky - 150g","p":1.36,"u":"9,07 €/KG","img":"https://fd16-photos.leclercdrive.fr/image.ashx?id=2920268&use=l&cat=p&typeid=i","cat":284447},{"id":266727,"n":"Chips Croky Pickles - 150g","p":1.36,"u":"9,07 €/KG","img":"https://fd16-photos.leclercdrive.fr/image.ashx?id=2920280&use=l&cat=p&typeid=i","cat":284447},{"id":266729,"n":"Chips Croky Bolognese - 150g","p":1.36,"u":"9,07 €/KG","img":"https://fd16-photos.leclercdrive.fr/image.ashx?id=2920274&use=l&cat=p&typeid=i","cat":284447},{"id":266754,"n":"Glade Sense & Spray Recharge Ocean - 36ml","p":6.93,"pp":4.16,"u":"115,56 €/L","img":"https://fd16-photos.leclercdrive.fr/image.ashx?id=2916387&use=l&cat=p&typeid=i","cat":311629},{"id":266755,"n":"Gel détartrant Canard WC Ecolabel - 750ml","p":2.47,"pp":1.63,"u":"2,17 €/L","img":"https://fd16-photos.leclercdrive.fr/image.ashx?id=2916390&use=l&cat=p&typeid=i","cat":284662},{"id":266757,"n":"Gel nettoyant Canard Action rapide - 750ml","p":2.47,"pp":1.63,"u":"2,17 €/L","img":"https://fd16-photos.leclercdrive.fr/image.ashx?id=2916393&use=l&cat=p&typeid=i","cat":284662},{"id":267004,"n":"Soda Coca Cola Cherry Canette 6x20cl","p":4.38,"u":"3,65 €/L","img":"https://fd16-photos.leclercdrive.fr/image.ashx?id=2916438&use=l&cat=p&typeid=i","cat":284530},{"id":267012,"n":"Guacamole Cholula Oignon cumin piment 20g","p":1.15,"u":"57,50 €/KG","img":"https://fd16-photos.leclercdrive.fr/image.ashx?id=2915859&use=l&cat=p&typeid=i","cat":288993},{"id":267013,"n":"Quesadilla Cholula Oignon cumin persil 490g","p":4.98,"u":"10,16 €/KG","img":"https://fd16-photos.leclercdrive.fr/image.ashx?id=2915865&use=l&cat=p&typeid=i","cat":288993},{"id":267162,"n":"Papier toilette Le Trèfle Douceur bambou - x18","p":13.28,"img":"https://fd16-photos.leclercdrive.fr/image.ashx?id=2916471&use=l&cat=p&typeid=i","cat":323290},{"id":267328,"n":"Nettoyant désinfectant Clair 1.5L","p":1.85,"u":"1,23 €/L","img":"https://fd16-photos.leclercdrive.fr/image.ashx?id=2916593&use=l&cat=p&typeid=i","cat":325357},{"id":267333,"n":"Adoucissant Cajoline Créations Fleur de tiaré & Pivoine 1.386L","p":5.57,"u":"4,02 €/L","img":"https://fd16-photos.leclercdrive.fr/image.ashx?id=2917112&use=l&cat=p&typeid=i","cat":284650},{"id":267335,"n":"Adoucissant Cajoline Créations Lavande & Rose blanche 1.386L","p":4.34,"u":"3,13 €/L","img":"https://fd16-photos.leclercdrive.fr/image.ashx?id=2917115&use=l&cat=p&typeid=i","cat":284650},{"id":267336,"n":"Adoucissant Cajoline Doux & Pur L'original - 1.386L x66","p":4.34,"u":"3,13 €/L","img":"https://fd16-photos.leclercdrive.fr/image.ashx?id=2917118&use=l&cat=p&typeid=i","cat":284650},{"id":267339,"n":"Adoucissant Cajoline Origines Fraîcheur Céleste 1.254L x66","p":5.49,"u":"4,38 €/L","img":"https://fd16-photos.leclercdrive.fr/image.ashx?id=2917121&use=l&cat=p&typeid=i","cat":284650},{"id":267341,"n":"Adoucissant Cajoline Elixir Bouquet estival - 460ml","p":6.87,"u":"14,93 €/L","img":"https://fd16-photos.leclercdrive.fr/image.ashx?id=2940672&use=l&cat=p&typeid=i","cat":284650},{"id":267342,"n":"Adoucissant liquide Cajoline Elixir Brise printanière 460ml","p":8.17,"u":"17,76 €/L","img":"https://fd16-photos.leclercdrive.fr/image.ashx?id=3000896&use=l&cat=p&typeid=i","cat":284650},{"id":267343,"n":"Liqueur au rhum ananas vanille Dillon - 70cl","p":24.06,"u":"34,37 €/L","img":"https://fd16-photos.leclercdrive.fr/image.ashx?id=2959904&use=l&cat=p&typeid=i","cat":284550},{"id":267344,"n":"Liqueur au rhum mangue vanille Dillon - 70cl","p":24.06,"u":"34,37 €/L","img":"https://fd16-photos.leclercdrive.fr/image.ashx?id=2959901&use=l&cat=p&typeid=i","cat":284550},{"id":267345,"n":"Liqueur au rhum orange vanille Dillon - 70cl","p":24.06,"u":"34,37 €/L","img":"https://fd16-photos.leclercdrive.fr/image.ashx?id=2959907&use=l&cat=p&typeid=i","cat":284550},{"id":267346,"n":"Vodka Eristoff passion 18%vol - 70cl","p":13.1,"u":"18,71 €/L","img":"https://fd16-photos.leclercdrive.fr/image.ashx?id=2917058&use=l&cat=p&typeid=i","cat":284550},{"id":267382,"n":"Lingettes bébé Corine de Farme Water essential - x70","p":2.39,"img":"https://fd16-photos.leclercdrive.fr/image.ashx?id=2917873&use=l&cat=p&typeid=i","cat":284738},{"id":267388,"n":"Adoucissant liquide Cajoline Elixir Fraîcheur Céleste 460ml","p":7.13,"u":"15,50 €/L","img":"https://fd16-photos.leclercdrive.fr/image.ashx?id=2918113&use=l&cat=p&typeid=i","cat":284650},{"id":267391,"n":"Adoucissant Cajoline Origines Brise printanière 1.254L x66","p":6.87,"u":"5,48 €/L","img":"https://fd16-photos.leclercdrive.fr/image.ashx?id=2918110&use=l&cat=p&typeid=i","cat":284650},{"id":267404,"n":"Bière Kwak Rouge - 50cl","p":2.2,"u":"4,40 €/L","img":"https://fd16-photos.leclercdrive.fr/image.ashx?id=2918023&use=l&cat=p&typeid=i","cat":334853},{"id":267410,"n":"Jus de pamplemousse Tropicana Rose Ruby - 1L","p":2.88,"u":"2,88 €/L","img":"https://fd16-photos.leclercdrive.fr/image.ashx?id=3010825&use=l&cat=p&typeid=i","cat":284914},{"id":267411,"n":"Bière Softiz Pêche Sans alcool - 6x27.5cl","p":3.16,"u":"1,92 €/L","img":"https://fd16-photos.leclercdrive.fr/image.ashx?id=2916764&use=l&cat=p&typeid=i","cat":334877},{"id":267412,"n":"Matin+ Pamplemousse Framboise - 90cl","p":2.39,"u":"2,66 €/L","img":"https://fd16-photos.leclercdrive.fr/image.ashx?id=2917735&use=l&cat=p&typeid=i","cat":284914},{"id":267413,"n":"Nettoyant ménager  Ajax - 5 actions pins  1.5L","p":2.79,"u":"1,86 €/L","img":"https://fd16-photos.leclercdrive.fr/image.ashx?id=2918104&use=l&cat=p&typeid=i","cat":325357},{"id":267431,"n":"Vin d'Espagne François  D'Aubigne Vin rouge - 75cl","p":1.39,"u":"1,85 €/L","img":"https://fd16-photos.leclercdrive.fr/image.ashx?id=2958029&use=l&cat=p&typeid=i","cat":289556},{"id":267432,"n":"Bière blonde Kwak 50cl","p":2.03,"u":"4,06 €/L","img":"https://fd16-photos.leclercdrive.fr/image.ashx?id=2918026&use=l&cat=p&typeid=i","cat":334853},{"id":267433,"n":"Matin+ Mandarine, Kaki Passion - 90cl","p":2.39,"u":"2,66 €/L","img":"https://fd16-photos.leclercdrive.fr/image.ashx?id=2917729&use=l&cat=p&typeid=i","cat":284915},{"id":267435,"n":"Matin+ Mandarine, Mangue Banane - 90cl","p":2.39,"u":"2,66 €/L","img":"https://fd16-photos.leclercdrive.fr/image.ashx?id=2917732&use=l&cat=p&typeid=i","cat":284915},{"id":267542,"n":"Skyr Yoplait  Fraise - 4x100g","p":2.26,"u":"5,65 €/KG","img":"https://fd16-photos.leclercdrive.fr/image.ashx?id=2917792&use=l&cat=p&typeid=i","cat":315000},{"id":267691,"n":"Shampooing Timotei expert  Anti-pelliculaire - 300ml","p":3.13,"u":"10,43 €/L","img":"https://fd16-photos.leclercdrive.fr/image.ashx?id=2918430&use=l&cat=p&typeid=i","cat":284606},{"id":267954,"n":"Escalopes de poulet Eco+ x2 - 240g","p":2.99,"u":"12,46 €/KG","img":"https://fd16-photos.leclercdrive.fr/image.ashx?id=2918236&use=l&cat=p&typeid=i","cat":284336},{"id":267956,"n":"Filet de poulet  en aiguillette Eco+ 400g","p":4.95,"u":"12,38 €/KG","img":"https://fd16-photos.leclercdrive.fr/image.ashx?id=2918242&use=l&cat=p&typeid=i","cat":284336},{"id":268021,"n":"Boisson à la cranberry Andros 1L","p":2.45,"u":"2,45 €/L","img":"https://fd16-photos.leclercdrive.fr/image.ashx?id=2919829&use=l&cat=p&typeid=i","cat":284354},{"id":268029,"n":"Culottes Pampers Baby-dry Pants Taille 7 - x29","p":20.54,"u":"0,71 €/P","img":"https://fd16-photos.leclercdrive.fr/image.ashx?id=2919934&use=l&cat=p&typeid=i","cat":290633},{"id":268038,"n":"Couches Pampers Baby-dry Taille 4 - x43","p":14.3,"u":"0,33 €/P","img":"https://fd16-photos.leclercdrive.fr/image.ashx?id=2942003&use=l&cat=p&typeid=i","cat":284737},{"id":268039,"n":"Couches Pampers Baby-Dry Taille 5 - x38","p":16.48,"u":"0,43 €/P","img":"https://fd16-photos.leclercdrive.fr/image.ashx?id=2919976&use=l&cat=p&typeid=i","cat":284737},{"id":268041,"n":"Couches Pampers Baby-Dry Taille 2 - x56","p":16.0,"u":"0,29 €/P","img":"https://fd16-photos.leclercdrive.fr/image.ashx?id=2919982&use=l&cat=p&typeid=i","cat":284737},{"id":268042,"n":"Culottes Pampers Baby-Dry Pants Taille 5 - x36","p":20.54,"u":"0,57 €/P","img":"https://fd16-photos.leclercdrive.fr/image.ashx?id=2920006&use=l&cat=p&typeid=i","cat":290633},{"id":268052,"n":"Couches Pampers Baby-Dry Taille 5+ - x35","p":20.54,"u":"0,59 €/P","img":"https://fd16-photos.leclercdrive.fr/image.ashx?id=2942006&use=l&cat=p&typeid=i","cat":284737},{"id":268054,"n":"Couches Pampers Baby-Dry Taille 3 - x50","p":14.25,"u":"0,29 €/P","img":"https://fd16-photos.leclercdrive.fr/image.ashx?id=2919988&use=l&cat=p&typeid=i","cat":284737},{"id":268066,"n":"Compotes Andros Coeur de Fruits Pomme banane 4x100g","p":1.94,"u":"4,85 €/KG","img":"https://fd16-photos.leclercdrive.fr/image.ashx?id=2919832&use=l&cat=p&typeid=i","cat":284416},{"id":268070,"n":"Compotes Andros Pomme passion 4x100g","p":1.73,"u":"4,33 €/KG","img":"https://fd16-photos.leclercdrive.fr/image.ashx?id=2919838&use=l&cat=p&typeid=i","cat":284416},{"id":268075,"n":"Compotes Coeur de fruits Andros Pêche pomme 4x97g","p":2.47,"u":"6,37 €/KG","img":"https://fd16-photos.leclercdrive.fr/image.ashx?id=2919847&use=l&cat=p&typeid=i","cat":284416},{"id":268076,"n":"Compotes Coeur de fruits Andros Pomme ananas passion 4x100g","p":1.85,"u":"4,63 €/KG","img":"https://fd16-photos.leclercdrive.fr/image.ashx?id=2919856&use=l&cat=p&typeid=i","cat":284416},{"id":268077,"n":"Fromage Mini Babybel  Protéines x5 - 110g","p":2.39,"u":"21,73 €/KG","img":"https://fd16-photos.leclercdrive.fr/image.ashx?id=2923567&use=l&cat=p&typeid=i","cat":314030},{"id":268179,"n":"Culottes Pampers Premium Protection Pants - Taille 5 x29","p":16.79,"u":"0,58 €/P","img":"https://fd16-photos.leclercdrive.fr/image.ashx?id=3009245&use=l&cat=p&typeid=i","cat":290633},{"id":268185,"n":"Couches Pampers Baby-Dry Taille 4+ - x39","p":19.72,"u":"0,51 €/P","img":"https://fd16-photos.leclercdrive.fr/image.ashx?id=2941997&use=l&cat=p&typeid=i","cat":284737},{"id":268189,"n":"Couches Pampers Premium Protection Taille 3 x46","p":20.54,"u":"0,45 €/P","img":"https://fd16-photos.leclercdrive.fr/image.ashx?id=2991009&use=l&cat=p&typeid=i","cat":284737},{"id":268190,"n":"Couches Pampers Premium Protection Taille 5 x33","p":17.07,"u":"0,52 €/P","img":"https://fd16-photos.leclercdrive.fr/image.ashx?id=2991012&use=l&cat=p&typeid=i","cat":284737},{"id":268192,"n":"Culottes Pampers Baby-Dry Pants Taille 4 - x41","p":20.54,"u":"0,50 €/P","img":"https://fd16-photos.leclercdrive.fr/image.ashx?id=2920012&use=l&cat=p&typeid=i","cat":290633},{"id":268274,"n":"Shampooing Timotei Expert  Soin du cuir chevelu - 300ml","p":3.13,"u":"10,43 €/L","img":"https://fd16-photos.leclercdrive.fr/image.ashx?id=2922314&use=l&cat=p&typeid=i","cat":284606},{"id":268345,"n":"Biscuits fourrés BN Chocolat caramel - x3 - 855g","p":6.44,"u":"7,53 €/KG","img":"https://fd16-photos.leclercdrive.fr/image.ashx?id=2921474&use=l&cat=p&typeid=i","cat":284488},{"id":268346,"n":"Biscuits BN fourrés chocolat à la pâte à tartiner- x3 - 855g","p":6.44,"u":"7,53 €/KG","img":"https://fd16-photos.leclercdrive.fr/image.ashx?id=2921477&use=l&cat=p&typeid=i","cat":284488},{"id":268378,"n":"Steak de boeuf ** L'Atelier Boucherie x1 - 140g","p":2.99,"u":"21,36 €/KG","img":"https://fd16-photos.leclercdrive.fr/image.ashx?id=2930570&use=l&cat=p&typeid=i","cat":284328},{"id":268384,"n":"Côte échine de porc L'Atelier Boucherie x2 - 350g","p":2.97,"u":"8,49 €/KG","img":"https://fd16-photos.leclercdrive.fr/image.ashx?id=2935573&use=l&cat=p&typeid=i","cat":284331},{"id":268465,"n":"Pepsi pack de 6 canettes  6x33cl","p":3.08,"u":"1,56 €/L","img":"https://fd16-photos.leclercdrive.fr/image.ashx?id=2921540&use=l&cat=p&typeid=i","cat":284530},{"id":268473,"n":"Chips Lay's Paysanne Tapenade 120g","p":1.61,"u":"13,42 €/KG","img":"https://fd16-photos.leclercdrive.fr/image.ashx?id=2921543&use=l&cat=p&typeid=i","cat":284447},{"id":268982,"n":"Crêpes choco max Whaou! Crazy x6 - 180g","p":2.52,"u":"14,00 €/KG","img":"https://fd16-photos.leclercdrive.fr/image.ashx?id=2921723&use=l&cat=p&typeid=i","cat":284494},{"id":269066,"n":"Capsules lave-vaisselle Finish  Quantul citron x60 - 624G","p":12.05,"u":"19,31 €/KG","img":"https://fd16-photos.leclercdrive.fr/image.ashx?id=2924311&use=l&cat=p&typeid=i","cat":284656},{"id":269137,"n":"Roquefort AOP Société douceur 100g","p":2.53,"u":"25,30 €/KG","img":"https://fd16-photos.leclercdrive.fr/image.ashx?id=2922539&use=l&cat=p&typeid=i","cat":314032},{"id":269151,"n":"Crevettes au beurre ail persil Pom Bistro - 300g","p":7.78,"u":"25,93 €/KG","img":"https://fd16-photos.leclercdrive.fr/image.ashx?id=2924359&use=l&cat=p&typeid=i","cat":319787},{"id":269161,"n":"Lessive liquide Persil  Bouquet de Provence - 1,806L","p":7.79,"u":"4,31 €/L","img":"https://fd16-photos.leclercdrive.fr/image.ashx?id=2924977&use=l&cat=p&typeid=i","cat":284640},{"id":269166,"n":"Lessive liquide Persil  Bouquet de Provence - 2,565L","p":10.82,"u":"4,22 €/L","img":"https://fd16-photos.leclercdrive.fr/image.ashx?id=2924980&use=l&cat=p&typeid=i","cat":284640},{"id":269197,"n":"Lessive liquide Persil  Douceur d'amande - 1.806","p":7.69,"u":"4,26 €/L","img":"https://fd16-photos.leclercdrive.fr/image.ashx?id=2944491&use=l&cat=p&typeid=i","cat":284640},{"id":269335,"n":"Déodorant Adidas Pure game - 150ml","p":3.15,"u":"21,00 €/L","img":"https://fd16-photos.leclercdrive.fr/image.ashx?id=2924290&use=l&cat=p&typeid=i","cat":284618},{"id":269337,"n":"Spray repulsif Primoplast Moustiques - 100ml","p":4.5,"u":"45,00 €/L","img":"https://fd16-photos.leclercdrive.fr/image.ashx?id=2989712&use=l&cat=p&typeid=i","cat":299654},{"id":269342,"n":"Cocktail Venezzio Spritz Lemon sans alcool - 4x20cl","p":4.72,"u":"5,90 €/L","img":"https://fd16-photos.leclercdrive.fr/image.ashx?id=2923429&use=l&cat=p&typeid=i","cat":284549},{"id":269352,"n":"Piles Energizer Lithium 2450  Bouton x2","p":6.1,"u":"3,05 €/P","img":"https://fd16-photos.leclercdrive.fr/image.ashx?id=2924809&use=l&cat=p&typeid=i","cat":300572},{"id":269353,"n":"Pile Energizer Lithium 2025 Bouton x2","p":5.99,"u":"3,00 €/P","img":"https://fd16-photos.leclercdrive.fr/image.ashx?id=2924821&use=l&cat=p&typeid=i","cat":300572},{"id":269354,"n":"Piles Energizer Lithium 2032 Bouton x4","p":9.99,"u":"2,50 €/P","img":"https://fd16-photos.leclercdrive.fr/image.ashx?id=2924824&use=l&cat=p&typeid=i","cat":300572},{"id":269360,"n":"Piles Alcaline Energizer AA/LR6 x6","p":5.25,"img":"https://fd16-photos.leclercdrive.fr/image.ashx?id=2924818&use=l&cat=p&typeid=i","cat":300572},{"id":269362,"n":"Piles Alcalines Enegizer Power AAA/LR03 x6","p":5.25,"u":"0,88 €/P","img":"https://fd16-photos.leclercdrive.fr/image.ashx?id=2924812&use=l&cat=p&typeid=i","cat":300572},{"id":269393,"n":"Capsules lave-vaisselle Sun Citron pro expert x24 - 360g","p":6.88,"u":"19,11 €/KG","img":"https://fd16-photos.leclercdrive.fr/image.ashx?id=2924968&use=l&cat=p&typeid=i","cat":284656},{"id":269562,"n":"Skyr à boire Siggi's Framboise 250g","p":1.7,"u":"6,80 €/KG","img":"https://fd16-photos.leclercdrive.fr/image.ashx?id=2927282&use=l&cat=p&typeid=i","cat":315000},{"id":269912,"n":"P'tit gourmand Nestlé  Vanille - 4x100g","p":1.6,"u":"4,00 €/KG","img":"https://fd16-photos.leclercdrive.fr/image.ashx?id=2946278&use=l&cat=p&typeid=i","cat":312392},{"id":270187,"n":"Assouplissant Tesori d'Oriente Musc Blanc 42 lavages - 760ML","p":4.69,"u":"6,17 €/L","img":"https://fd16-photos.leclercdrive.fr/image.ashx?id=2927465&use=l&cat=p&typeid=i","cat":284650},{"id":270198,"n":"Barres enfants P'tit Déli  Petales chocolats - 120g","p":1.48,"u":"12,33 €/KG","img":"https://fd16-photos.leclercdrive.fr/image.ashx?id=2926173&use=l&cat=p&typeid=i","cat":300032},{"id":270463,"n":"Biscuits Baiocchi Pistache Mulino Bianco - 168g","p":2.99,"u":"17,80 €/KG","img":"https://fd16-photos.leclercdrive.fr/image.ashx?id=2929533&use=l&cat=p&typeid=i","cat":284487},{"id":270473,"n":"Dessert lacté Nestlé Biscuit dès 6mois - 4x100g","p":1.6,"u":"4,00 €/KG","img":"https://fd16-photos.leclercdrive.fr/image.ashx?id=2934914&use=l&cat=p&typeid=i","cat":312392},{"id":270487,"n":"Cocktail Venezzio Spritz Hugo Sans alcool - 4x20cl","p":4.72,"u":"5,90 €/L","img":"https://fd16-photos.leclercdrive.fr/image.ashx?id=2929299&use=l&cat=p&typeid=i","cat":284549},{"id":270988,"n":"Capsules café L'Or Espresso Brésil N°8 x30","p":11.21,"u":"71,86 €/KG","img":"https://fd16-photos.leclercdrive.fr/image.ashx?id=2938295&use=l&cat=p&typeid=i","cat":284749},{"id":271016,"n":"Biscuit Gerblé Amande - 210g","p":1.76,"u":"8,38 €/KG","img":"https://fd16-photos.leclercdrive.fr/image.ashx?id=2936101&use=l&cat=p&typeid=i","cat":284487},{"id":271047,"n":"Pinsa Harry's 230g","p":3.28,"u":"14,26 €/KG","img":"https://fd16-photos.leclercdrive.fr/image.ashx?id=2936377&use=l&cat=p&typeid=i","cat":284359},{"id":271066,"n":"Infusion Yogi Bio Menthe citron vert x15 - 30g","p":2.5,"u":"83,33 €/KG","img":"https://fd16-photos.leclercdrive.fr/image.ashx?id=2937760&use=l&cat=p&typeid=i","cat":293234},{"id":271068,"n":"Tablette Lindt Création Chocolat au lait entremets 150g","p":4.13,"u":"27,53 €/KG","img":"https://fd16-photos.leclercdrive.fr/image.ashx?id=2935798&use=l&cat=p&typeid=i","cat":284497},{"id":271239,"n":"Chocolat Rocher Poulain Lait - 7x32g","p":3.63,"u":"16,21 €/KG","img":"https://fd16-photos.leclercdrive.fr/image.ashx?id=2937409&use=l&cat=p&typeid=i","cat":284499},{"id":271240,"n":"Rocher Poulain Chocolat noir - x7 - 224g","p":3.99,"u":"17,81 €/KG","img":"https://fd16-photos.leclercdrive.fr/image.ashx?id=2963463&use=l&cat=p&typeid=i","cat":284499},{"id":271244,"n":"Pains hot-Dog La Boulangère x4 - 250g","p":1.5,"u":"6,00 €/KG","img":"https://fd16-photos.leclercdrive.fr/image.ashx?id=2937292&use=l&cat=p&typeid=i","cat":325067},{"id":271513,"n":"Ramen Tables du Monde 362g","p":2.47,"u":"6,82 €/KG","img":"https://fd16-photos.leclercdrive.fr/image.ashx?id=2931974&use=l&cat=p&typeid=i","cat":288992},{"id":271515,"n":"Ramen Tables du Monde Boeuf - 362g","p":2.47,"u":"6,82 €/KG","img":"https://fd16-photos.leclercdrive.fr/image.ashx?id=2931977&use=l&cat=p&typeid=i","cat":288992},{"id":271547,"n":"Martini Bitter  25° - 1 L","p":21.37,"u":"21,37 €/L","img":"https://fd16-photos.leclercdrive.fr/image.ashx?id=2938085&use=l&cat=p&typeid=i","cat":284913},{"id":271693,"n":"Mini Bâton de Berger nature Justin Bridou 300g","p":5.98,"u":"19,93 €/KG","img":"https://fd16-photos.leclercdrive.fr/image.ashx?id=2939841&use=l&cat=p&typeid=i","cat":316006},{"id":271840,"n":"Boisson orange  Pago Sans pulpe - 75cl","p":2.15,"u":"2,87 €/L","img":"https://fd16-photos.leclercdrive.fr/image.ashx?id=2940738&use=l&cat=p&typeid=i","cat":284521},{"id":271843,"n":"Whisky Singleton Malt Master's 40% - 70cl","p":26.9,"u":"38,43 €/L","img":"https://fd16-photos.leclercdrive.fr/image.ashx?id=2955191&use=l&cat=p&typeid=i","cat":284547},{"id":271912,"n":"Bière aromatisée Slash Fruits rouges - 3x33cl 8% vol.","p":4.69,"u":"4,74 €/L","img":"https://fd16-photos.leclercdrive.fr/image.ashx?id=2936449&use=l&cat=p&typeid=i","cat":334878},{"id":271913,"n":"Bière aromatisée Slash Fruits rouges - 50cl 8% vol.","p":1.99,"u":"3,98 €/L","img":"https://fd16-photos.leclercdrive.fr/image.ashx?id=2936452&use=l&cat=p&typeid=i","cat":334853},{"id":271967,"n":"Déodorant spray Adidas After sport 150ml","p":2.65,"u":"17,67 €/L","img":"https://fd16-photos.leclercdrive.fr/image.ashx?id=2937367&use=l&cat=p&typeid=i","cat":284618},{"id":271971,"n":"Déodorant bille Sanex Natur  Protect Aloe vera 50ml","p":4.95,"u":"99,00 €/L","img":"https://fd16-photos.leclercdrive.fr/image.ashx?id=2938310&use=l&cat=p&typeid=i","cat":284595},{"id":271978,"n":"Dentifrice Blancheur Signal White Now 3en1 blancheur 75ml","p":4.76,"u":"63,47 €/L","img":"https://fd16-photos.leclercdrive.fr/image.ashx?id=2985684&use=l&cat=p&typeid=i","cat":284612},{"id":271982,"n":"Dentifrice Blancheur Signal White Now 3en1 Charbon 75ml","p":4.85,"u":"64,67 €/L","img":"https://fd16-photos.leclercdrive.fr/image.ashx?id=2938340&use=l&cat=p&typeid=i","cat":284612},{"id":272101,"n":"Chips Lays Ossau Iraty tomate 120g","p":1.61,"u":"13,42 €/KG","img":"https://fd16-photos.leclercdrive.fr/image.ashx?id=2962275&use=l&cat=p&typeid=i","cat":284447},{"id":272103,"n":"Chips Lay's Paysanne Champignons ail - 120g","p":1.61,"u":"13,42 €/KG","img":"https://fd16-photos.leclercdrive.fr/image.ashx?id=2947829&use=l&cat=p&typeid=i","cat":284447},{"id":272142,"n":"Chocolat Milka au lait noisettes entières - 95g","p":1.87,"u":"19,68 €/KG","img":"https://fd16-photos.leclercdrive.fr/image.ashx?id=2989432&use=l&cat=p&typeid=i","cat":284497},{"id":272146,"n":"Sauce Bechamel Rustica 500g","p":1.65,"u":"3,30 €/KG","img":"https://fd16-photos.leclercdrive.fr/image.ashx?id=2958765&use=l&cat=p&typeid=i","cat":318430},{"id":272256,"n":"Pains Burger Brioché Epi d'Or x4 - 250g","p":1.25,"u":"5,00 €/KG","img":"https://fd16-photos.leclercdrive.fr/image.ashx?id=2933613&use=l&cat=p&typeid=i","cat":325067},{"id":272349,"n":"Sérum visage Nivea Anti-age  30ml","p":26.32,"u":"877,33 €/L","img":"https://fd16-photos.leclercdrive.fr/image.ashx?id=2991304&use=l&cat=p&typeid=i","cat":325345},{"id":272844,"n":"Boisson hydratation Prime Lemonade - 500ml","p":1.55,"u":"3,10 €/L","img":"https://fd16-photos.leclercdrive.fr/image.ashx?id=2964000&use=l&cat=p&typeid=i","cat":284533},{"id":273108,"n":"Capsules café L'Or Espresso Brésil N°8 x10","p":3.39,"u":"65,19 €/KG","img":"https://fd16-photos.leclercdrive.fr/image.ashx?id=2942825&use=l&cat=p&typeid=i","cat":284749},{"id":273197,"n":"Bière blonde Leffe canette Rituel 9% vol. - 50cl","p":2.13,"u":"4,26 €/L","img":"https://fd16-photos.leclercdrive.fr/image.ashx?id=2963928&use=l&cat=p&typeid=i","cat":334853},{"id":273426,"n":"Boisson énergisante Crazy Tiger 35cl","p":0.99,"u":"2,83 €/L","img":"https://fd16-photos.leclercdrive.fr/image.ashx?id=2955032&use=l&cat=p&typeid=i","cat":284533},{"id":273427,"n":"Gel  WC Harpic Power Brise marine 75ml","p":2.48,"u":"33,07 €/L","img":"https://fd16-photos.leclercdrive.fr/image.ashx?id=2963487&use=l&cat=p&typeid=i","cat":284662},{"id":273444,"n":"Riz Taureau Ailé 2x500g","p":3.15,"u":"3,15 €/KG","img":"https://fd16-photos.leclercdrive.fr/image.ashx?id=2963745&use=l&cat=p&typeid=i","cat":284428},{"id":273449,"n":"Riz basmati Taureau Ailé  2x500g","p":3.15,"u":"3,15 €/KG","img":"https://fd16-photos.leclercdrive.fr/image.ashx?id=2963748&use=l&cat=p&typeid=i","cat":284428},{"id":273540,"n":"Pur Jus Clémentine  Corse - 1L","p":2.99,"u":"2,99 €/L","img":"https://fd16-photos.leclercdrive.fr/image.ashx?id=2941315&use=l&cat=p&typeid=i","cat":284915},{"id":273673,"n":"Minis saucissons Croc'sec nature Cochonou - 150g","p":3.11,"u":"20,73 €/KG","img":"https://fd16-photos.leclercdrive.fr/image.ashx?id=2942927&use=l&cat=p&typeid=i","cat":316006},{"id":273675,"n":"Saucisse sèche Cochonou 250g","p":4.38,"u":"17,52 €/KG","img":"https://fd16-photos.leclercdrive.fr/image.ashx?id=2947021&use=l&cat=p&typeid=i","cat":316006},{"id":273729,"n":"Crêpes cola Whaou! Crazy x6 - 180g","p":1.93,"u":"10,72 €/KG","img":"https://fd16-photos.leclercdrive.fr/image.ashx?id=2962872&use=l&cat=p&typeid=i","cat":284494},{"id":273870,"n":"Mini ruban correcteur Esquisse Rouge, Bleu, Gris - x3","p":1.99,"img":"https://fd16-photos.leclercdrive.fr/image.ashx?id=2943331&use=l&cat=p&typeid=i","cat":334133},{"id":274035,"n":"Bière rouge Jenlain 75cl","p":3.85,"u":"5,13 €/L","img":"https://fd16-photos.leclercdrive.fr/image.ashx?id=2944002&use=l&cat=p&typeid=i","cat":334852},{"id":274039,"n":"Bière La Trappe Isid'or 75cl","p":4.65,"u":"6,20 €/L","img":"https://fd16-photos.leclercdrive.fr/image.ashx?id=2944467&use=l&cat=p&typeid=i","cat":334872},{"id":274041,"n":"Bière Anosteke blonde Boite - 44cl","p":2.6,"u":"5,91 €/L","img":"https://fd16-photos.leclercdrive.fr/image.ashx?id=2944293&use=l&cat=p&typeid=i","cat":334853},{"id":274074,"n":"AOC Médoc vin rouge Bordeaux Château L'Estran - 75cl","p":7.95,"pp":5.25,"u":"7,00 €/L","img":"https://fd16-photos.leclercdrive.fr/image.ashx?id=2944248&use=l&cat=p&typeid=i","cat":289556},{"id":274079,"n":"Martini Bianco 1.5L","p":12.75,"u":"8,50 €/L","img":"https://fd16-photos.leclercdrive.fr/image.ashx?id=2997265&use=l&cat=p&typeid=i","cat":286032},{"id":274080,"n":"Martini Rosso 1.5L","p":12.75,"u":"8,50 €/L","img":"https://fd16-photos.leclercdrive.fr/image.ashx?id=2997268&use=l&cat=p&typeid=i","cat":286032},{"id":274343,"n":"Café dosettes Tassimo Milka x10","p":4.89,"u":"30,56 €/KG","img":"https://fd16-photos.leclercdrive.fr/image.ashx?id=2944461&use=l&cat=p&typeid=i","cat":293240},{"id":274372,"n":"Semoule au lait rhum raisins La Laitière - 4x115g","p":1.92,"u":"4,17 €/KG","img":"https://fd16-photos.leclercdrive.fr/image.ashx?id=2944639&use=l&cat=p&typeid=i","cat":284418},{"id":274378,"n":"Yaourts La Laitière Noix de coco - 4x125g","p":1.99,"u":"3,98 €/KG","img":"https://fd16-photos.leclercdrive.fr/image.ashx?id=2945406&use=l&cat=p&typeid=i","cat":286006},{"id":274500,"n":"Brioche tranchée La Boulangère 450g","p":1.94,"u":"4,31 €/KG","img":"https://fd16-photos.leclercdrive.fr/image.ashx?id=2944882&use=l&cat=p&typeid=i","cat":285529},{"id":274528,"n":"Capsules lave-vaisselle Finish Quantum - Citron - 707g x68","p":11.88,"pp":7.13,"u":"10,08 €/KG","img":"https://fd16-photos.leclercdrive.fr/image.ashx?id=2945643&use=l&cat=p&typeid=i","cat":284656},{"id":274530,"n":"Capsules lave-vaisselle Finish Ultimate - Citron - 735g x57","p":11.88,"pp":7.13,"u":"9,70 €/KG","img":"https://fd16-photos.leclercdrive.fr/image.ashx?id=2945649&use=l&cat=p&typeid=i","cat":284656},{"id":274593,"n":"Danone Skyr nature  x4 - 400g","p":2.07,"u":"5,18 €/KG","img":"https://fd16-photos.leclercdrive.fr/image.ashx?id=2960654&use=l&cat=p&typeid=i","cat":315000},{"id":274596,"n":"Danone Skyr nature  x8 - 800g","p":3.19,"u":"3,99 €/KG","img":"https://fd16-photos.leclercdrive.fr/image.ashx?id=2960657&use=l&cat=p&typeid=i","cat":315000},{"id":274977,"n":"Lingettes Carolin Multi-usages  x80","p":3.25,"u":"0,04 €/P","img":"https://fd16-photos.leclercdrive.fr/image.ashx?id=2946562&use=l&cat=p&typeid=i","cat":325358},{"id":275019,"n":"Pain Pinsa La Boulangère 230g","p":2.95,"u":"12,83 €/KG","img":"https://fd16-photos.leclercdrive.fr/image.ashx?id=2946607&use=l&cat=p&typeid=i","cat":284359},{"id":275204,"n":"Semoule au lait P'tit gourmand 4x100g","p":1.6,"u":"4,00 €/KG","img":"https://fd16-photos.leclercdrive.fr/image.ashx?id=2978194&use=l&cat=p&typeid=i","cat":312392},{"id":275219,"n":"Rasoir Intuition Wilkinson Complete Mini - x1","p":14.25,"img":"https://fd16-photos.leclercdrive.fr/image.ashx?id=2947177&use=l&cat=p&typeid=i","cat":325352},{"id":275224,"n":"Barre de céréales Lion 8x25g","p":2.95,"u":"14,75 €/KG","img":"https://fd16-photos.leclercdrive.fr/image.ashx?id=2947195&use=l&cat=p&typeid=i","cat":285869},{"id":275232,"n":"Sérum Nivea Q10 Anti-rides Tous types de peaux -15ml","p":10.76,"u":"717,33 €/L","img":"https://fd16-photos.leclercdrive.fr/image.ashx?id=3014611&use=l&cat=p&typeid=i","cat":325345},{"id":275236,"n":"Lingettes Carolin  Anti-bactériennes  - x80","p":3.41,"u":"0,04 €/P","img":"https://fd16-photos.leclercdrive.fr/image.ashx?id=2946964&use=l&cat=p&typeid=i","cat":325358},{"id":275240,"n":"Lingettes Carolin Citron Ultra dégraissant - x80","p":3.25,"u":"0,04 €/P","img":"https://fd16-photos.leclercdrive.fr/image.ashx?id=2946976&use=l&cat=p&typeid=i","cat":325358},{"id":275260,"n":"Déodorant spray Sanex Aloe vera Bio Sensitive - 200ml","p":4.97,"u":"24,85 €/L","img":"https://fd16-photos.leclercdrive.fr/image.ashx?id=2948537&use=l&cat=p&typeid=i","cat":284595},{"id":275352,"n":"Déodorant bille bio Sanex Bambou Fresh - 50ml","p":4.55,"u":"91,00 €/L","img":"https://fd16-photos.leclercdrive.fr/image.ashx?id=2949088&use=l&cat=p&typeid=i","cat":284595},{"id":275353,"n":"Déodorant bille Sanex Minéral efficacité - 50ml","p":4.23,"u":"84,60 €/L","img":"https://fd16-photos.leclercdrive.fr/image.ashx?id=2949091&use=l&cat=p&typeid=i","cat":284595},{"id":275358,"n":"Filets de poulet 1kg","p":11.0,"u":"11,00 €/KG","img":"https://fd16-photos.leclercdrive.fr/image.ashx?id=2955498&use=l&cat=p&typeid=i","cat":284336},{"id":275360,"n":"Aiguillettes de poulet 500g","p":6.0,"u":"12,00 €/KG","img":"https://fd16-photos.leclercdrive.fr/image.ashx?id=2955839&use=l&cat=p&typeid=i","cat":284336},{"id":275381,"n":"Gel douche Dop Lait végétal Pyrénées - 480ml","p":3.14,"u":"6,54 €/L","img":"https://fd16-photos.leclercdrive.fr/image.ashx?id=2955348&use=l&cat=p&typeid=i","cat":284594},{"id":275382,"n":"Gel douche Dop Amande - 480ml","p":3.12,"u":"6,50 €/L","img":"https://fd16-photos.leclercdrive.fr/image.ashx?id=2955351&use=l&cat=p&typeid=i","cat":284594},{"id":275404,"n":"Shampooing Dop Hair Argan - 480ml","p":2.99,"u":"6,23 €/L","img":"https://fd16-photos.leclercdrive.fr/image.ashx?id=2955372&use=l&cat=p&typeid=i","cat":284606},{"id":275405,"n":"Shampooing Dop Hair Amande - 480ml","p":2.85,"u":"5,94 €/L","img":"https://fd16-photos.leclercdrive.fr/image.ashx?id=2955369&use=l&cat=p&typeid=i","cat":284606},{"id":275407,"n":"Shampooing Dop Hair Karité - 480ml","p":2.85,"u":"5,94 €/L","img":"https://fd16-photos.leclercdrive.fr/image.ashx?id=2955378&use=l&cat=p&typeid=i","cat":284606},{"id":275408,"n":"Shampooing P'tit Dop Amande - 480ml","p":4.31,"u":"8,98 €/MT","img":"https://fd16-photos.leclercdrive.fr/image.ashx?id=2955381&use=l&cat=p&typeid=i","cat":284606},{"id":275409,"n":"Shampooing Dop Hair Antipelliculaire - 480ml","p":2.85,"u":"5,94 €/L","img":"https://fd16-photos.leclercdrive.fr/image.ashx?id=2955375&use=l&cat=p&typeid=i","cat":284606},{"id":275410,"n":"Shampooing Dop Vitamines - 480ml","p":2.99,"u":"6,23 €/L","img":"https://fd16-photos.leclercdrive.fr/image.ashx?id=2955384&use=l&cat=p&typeid=i","cat":284606},{"id":275412,"n":"Shampooing Dop Hair Oeufs - 480ml","p":2.85,"u":"5,94 €/L","img":"https://fd16-photos.leclercdrive.fr/image.ashx?id=2954773&use=l&cat=p&typeid=i","cat":284606},{"id":275413,"n":"Gel douche Dop Framboise - 480ml","p":3.18,"u":"6,63 €/L","img":"https://fd16-photos.leclercdrive.fr/image.ashx?id=2955354&use=l&cat=p&typeid=i","cat":284594},{"id":275415,"n":"Gel douche enfance Dop Barbe à papa - 310ml","p":2.39,"u":"7,71 €/L","img":"https://fd16-photos.leclercdrive.fr/image.ashx?id=2955357&use=l&cat=p&typeid=i","cat":284594},{"id":275418,"n":"Gel douche enfance Dop Bonbons - 310ml","p":2.47,"u":"7,97 €/L","img":"https://fd16-photos.leclercdrive.fr/image.ashx?id=2955360&use=l&cat=p&typeid=i","cat":284594},{"id":275419,"n":"Gel douche enfance Dop Caramel - 310ml","p":2.45,"u":"7,90 €/L","img":"https://fd16-photos.leclercdrive.fr/image.ashx?id=2955363&use=l&cat=p&typeid=i","cat":284594},{"id":275494,"n":"Cocktail de fruits de mer Pom Bistro Sauce crustacés 400g","p":7.78,"u":"19,45 €/KG","img":"https://fd16-photos.leclercdrive.fr/image.ashx?id=2950426&use=l&cat=p&typeid=i","cat":319787},{"id":275507,"n":"Lait Le Petit Marseillais Nutrition Argan 400ml","p":4.99,"u":"12,48 €/L","img":"https://fd16-photos.leclercdrive.fr/image.ashx?id=2950333&use=l&cat=p&typeid=i","cat":325349},{"id":275508,"n":"Shampooing Le Petit Marseillais Blonde ensolleilé 300ml","p":2.55,"u":"8,50 €/L","img":"https://fd16-photos.leclercdrive.fr/image.ashx?id=2950336&use=l&cat=p&typeid=i","cat":284606},{"id":275509,"n":"Shampooing Dessange Couleur - 280ml","p":4.99,"u":"17,82 €/L","img":"https://fd16-photos.leclercdrive.fr/image.ashx?id=2955405&use=l&cat=p&typeid=i","cat":284606},{"id":275510,"n":"Shampooing Primoplast Anti-poux et lentes 125ml","p":4.73,"u":"37,84 €/L","img":"https://fd16-photos.leclercdrive.fr/image.ashx?id=2958359&use=l&cat=p&typeid=i","cat":299654},{"id":275514,"n":"Shampooing nourrissant Timotei Huiles précieuses - 300ml","p":2.36,"u":"7,87 €/L","img":"https://fd16-photos.leclercdrive.fr/image.ashx?id=2950699&use=l&cat=p&typeid=i","cat":284606},{"id":275515,"n":"Crème douche L'Arbre vert Argan -Ecolabel - 260ml","p":2.19,"u":"8,42 €/L","img":"https://fd16-photos.leclercdrive.fr/image.ashx?id=2969163&use=l&cat=p&typeid=i","cat":284594},{"id":275518,"n":"Shampooing Timotei Blond illuminant - 300ml","p":2.43,"u":"8,10 €/L","img":"https://fd16-photos.leclercdrive.fr/image.ashx?id=2950702&use=l&cat=p&typeid=i","cat":284606},{"id":275520,"n":"Shampooing Timotei Purifiant & détox - 300ml","p":2.35,"u":"7,83 €/L","img":"https://fd16-photos.leclercdrive.fr/image.ashx?id=2950705&use=l&cat=p&typeid=i","cat":284606},{"id":275522,"n":"Savon solide L'Arbrez vert Doux - Peaux sensibles 2x100g","p":1.95,"u":"9,75 €/KG","img":"https://fd16-photos.leclercdrive.fr/image.ashx?id=2950291&use=l&cat=p&typeid=i","cat":284597},{"id":275527,"n":"Eponge Spontex L'essentielle - x3","p":1.84,"img":"https://fd16-photos.leclercdrive.fr/image.ashx?id=2950255&use=l&cat=p&typeid=i","cat":284667},{"id":275528,"n":"Sérum Dessange Extrême 3 huiles - 110ml","p":9.49,"u":"86,27 €/L","img":"https://fd16-photos.leclercdrive.fr/image.ashx?id=2954624&use=l&cat=p&typeid=i","cat":284608},{"id":275529,"n":"Soin cheveux Dessange Nutri-richesse - 110ml","p":7.46,"u":"67,82 €/L","img":"https://fd16-photos.leclercdrive.fr/image.ashx?id=2955390&use=l&cat=p&typeid=i","cat":284608},{"id":275614,"n":"Lait apaisant hydratation Aloe vera Bio - 400ml","p":7.08,"u":"17,70 €/L","img":"https://fd16-photos.leclercdrive.fr/image.ashx?id=2949535&use=l&cat=p&typeid=i","cat":325349},{"id":275616,"n":"Gel douche délassante Ushuaïa Huile essentielle d'Ylang 280ml","p":2.67,"u":"9,54 €/L","img":"https://fd16-photos.leclercdrive.fr/image.ashx?id=2949544&use=l&cat=p&typeid=i","cat":284594},{"id":275617,"n":"Gel douche Ushuaïa Orchidée - 280ml","p":2.64,"u":"9,43 €/L","img":"https://fd16-photos.leclercdrive.fr/image.ashx?id=2949541&use=l&cat=p&typeid=i","cat":284594},{"id":275618,"n":"Gel douche hydratant Ushuaïa Grenade - 280ml","p":2.67,"u":"9,54 €/L","img":"https://fd16-photos.leclercdrive.fr/image.ashx?id=2949550&use=l&cat=p&typeid=i","cat":284594},{"id":275619,"n":"Crème de douche Ushuaïa Lait de coco - 280ml","p":2.7,"u":"9,64 €/L","img":"https://fd16-photos.leclercdrive.fr/image.ashx?id=2949553&use=l&cat=p&typeid=i","cat":284594},{"id":275657,"n":"Bain de bouche Elmex Soin protecteur douceur 400ml","p":6.22,"u":"15,55 €/L","img":"https://fd16-photos.leclercdrive.fr/image.ashx?id=2950897&use=l&cat=p&typeid=i","cat":284613},{"id":275671,"n":"Dentifrice Sanogyl Soin gencives - 75ml","p":2.8,"u":"37,33 €/L","img":"https://fd16-photos.leclercdrive.fr/image.ashx?id=2950195&use=l&cat=p&typeid=i","cat":284612},{"id":275673,"n":"Dentifrice Sanogyl Soin blancheur - 75ml","p":2.79,"u":"37,20 €/L","img":"https://fd16-photos.leclercdrive.fr/image.ashx?id=2950198&use=l&cat=p&typeid=i","cat":284612},{"id":275677,"n":"Crème après-piqûres Primoplast Apaisante - 40ml","p":3.11,"u":"77,75 €/L","img":"https://fd16-photos.leclercdrive.fr/image.ashx?id=2958356&use=l&cat=p&typeid=i","cat":284630},{"id":275680,"n":"Masque Dessange Nutri-richesse - 280ml","p":9.72,"u":"34,71 €/L","img":"https://fd16-photos.leclercdrive.fr/image.ashx?id=2961068&use=l&cat=p&typeid=i","cat":284608},{"id":275681,"n":"Après-shampooing Dessange Nutri- extrême - 225ml","p":3.95,"u":"17,56 €/L","img":"https://fd16-photos.leclercdrive.fr/image.ashx?id=2954627&use=l&cat=p&typeid=i","cat":284607},{"id":275683,"n":"Shampooing Dessange Âge sublime - 280ml","p":3.84,"u":"13,71 €/L","img":"https://fd16-photos.leclercdrive.fr/image.ashx?id=3011578&use=l&cat=p&typeid=i","cat":284606},{"id":275684,"n":"Shampooing Dessange Hydra brush - 280ml","p":4.99,"u":"17,82 €/L","img":"https://fd16-photos.leclercdrive.fr/image.ashx?id=2955402&use=l&cat=p&typeid=i","cat":284606},{"id":275685,"n":"Shampooing Dessange Nutri-riche - 280ml","p":3.84,"u":"13,71 €/L","img":"https://fd16-photos.leclercdrive.fr/image.ashx?id=2955408&use=l&cat=p&typeid=i","cat":284606},{"id":275686,"n":"Shampooing Dessange Nutri-extrême - 280ml","p":3.81,"u":"13,61 €/L","img":"https://fd16-photos.leclercdrive.fr/image.ashx?id=2955411&use=l&cat=p&typeid=i","cat":284606},{"id":276186,"n":"Ferrero Collection Assortiment cube lumières de fête - 185g","p":10.47,"u":"56,59 €/KG","img":"https://fd16-photos.leclercdrive.fr/image.ashx?id=2952121&use=l&cat=p&typeid=i","cat":327595},{"id":276187,"n":"Ferrero Collection Assortiment Merveilles d'hiver - 203g","p":11.65,"u":"57,39 €/KG","img":"https://fd16-photos.leclercdrive.fr/image.ashx?id=2952061&use=l&cat=p&typeid=i","cat":327595},{"id":276188,"n":"Ferrero Collection Assortiment Promenade en ville - 197g","p":11.65,"u":"59,14 €/KG","img":"https://fd16-photos.leclercdrive.fr/image.ashx?id=2952058&use=l&cat=p&typeid=i","cat":327595},{"id":276203,"n":"Kinder mini friends  Eclats de biscuits cacao - 122g","p":3.87,"u":"31,72 €/KG","img":"https://fd16-photos.leclercdrive.fr/image.ashx?id=2969890&use=l&cat=p&typeid=i","cat":327592},{"id":276205,"n":"Kinder mini eggs  Noisettes - 182g","p":5.5,"u":"30,22 €/KG","img":"https://fd16-photos.leclercdrive.fr/image.ashx?id=2952085&use=l&cat=p&typeid=i","cat":327592},{"id":276206,"n":"Kinder mini eggs  Lait - 182g","p":5.5,"u":"30,22 €/KG","img":"https://fd16-photos.leclercdrive.fr/image.ashx?id=2953980&use=l&cat=p&typeid=i","cat":327592},{"id":276208,"n":"Kinder Balls  Eclats de Noisettes - 164g","p":5.93,"u":"36,16 €/KG","img":"https://fd16-photos.leclercdrive.fr/image.ashx?id=2952088&use=l&cat=p&typeid=i","cat":327592},{"id":276209,"n":"Kinder Balls  Eclats de Bsicuits cacao - 164g","p":7.0,"u":"42,68 €/KG","img":"https://fd16-photos.leclercdrive.fr/image.ashx?id=2952091&use=l&cat=p&typeid=i","cat":327592},{"id":276212,"n":"Kinder happy moments  Ballotin - 184g","p":5.99,"u":"32,55 €/KG","img":"https://fd16-photos.leclercdrive.fr/image.ashx?id=2952046&use=l&cat=p&typeid=i","cat":327592},{"id":276214,"n":"Nutella Chausette  209g","p":10.66,"u":"51,00 €/KG","img":"https://fd16-photos.leclercdrive.fr/image.ashx?id=2952100&use=l&cat=p&typeid=i","cat":327592},{"id":276218,"n":"Papillotes Equador chocolat  au lait fourrage praliné - 350g","p":7.59,"u":"21,69 €/KG","img":"https://fd16-photos.leclercdrive.fr/image.ashx?id=2951155&use=l&cat=p&typeid=i","cat":327597},{"id":276219,"n":"Papillotes Equador chocolat  Noir - 350g","p":7.59,"u":"21,69 €/KG","img":"https://fd16-photos.leclercdrive.fr/image.ashx?id=2951158&use=l&cat=p&typeid=i","cat":327597},{"id":276220,"n":"Papillotes Equador chocolat  Blanc et au lait - 350g","p":7.59,"u":"21,69 €/KG","img":"https://fd16-photos.leclercdrive.fr/image.ashx?id=2951161&use=l&cat=p&typeid=i","cat":327597},{"id":276264,"n":"Coloration Crème Supreme  Schwarzkopf Noir intense","p":11.59,"img":"https://fd16-photos.leclercdrive.fr/image.ashx?id=2952553&use=l&cat=p&typeid=i","cat":288899},{"id":276269,"n":"Fromage cremeux Coeur de Lion 8 tranches 150g","p":2.53,"u":"16,87 €/KG","img":"https://fd16-photos.leclercdrive.fr/image.ashx?id=2952493&use=l&cat=p&typeid=i","cat":314028},{"id":276277,"n":"Coloration Crème Supreme  Schwarzkopf blond foncé cendré","p":11.4,"img":"https://fd16-photos.leclercdrive.fr/image.ashx?id=2952568&use=l&cat=p&typeid=i","cat":288899},{"id":276284,"n":"Cookie Delacre Caramel beurre salé - 136g","p":2.93,"u":"21,54 €/KG","img":"https://fd16-photos.leclercdrive.fr/image.ashx?id=2952520&use=l&cat=p&typeid=i","cat":284488},{"id":276288,"n":"Mini Kit Kat White  252g","p":3.95,"u":"15,61 €/KG","img":"https://fd16-photos.leclercdrive.fr/image.ashx?id=2952992&use=l&cat=p&typeid=i","cat":284498},{"id":276343,"n":"Fruits de mer The Belgian Chocolat noir - 250g","p":5.22,"u":"20,88 €/KG","img":"https://fd16-photos.leclercdrive.fr/image.ashx?id=2952836&use=l&cat=p&typeid=i","cat":284499},{"id":276345,"n":"Pralines The Belgian Framboises - 200g","p":7.49,"pp":4.94,"u":"24,70 €/KG","img":"https://fd16-photos.leclercdrive.fr/image.ashx?id=2952845&use=l&cat=p&typeid=i","cat":284499},{"id":276346,"n":"Truffes The Belgian Marc de champagne - 200g","p":3.95,"u":"19,75 €/KG","img":"https://fd16-photos.leclercdrive.fr/image.ashx?id=2952830&use=l&cat=p&typeid=i","cat":327600},{"id":276347,"n":"Truffes The Belgian Pépites chocolat- 200g","p":3.95,"u":"19,75 €/KG","img":"https://fd16-photos.leclercdrive.fr/image.ashx?id=2952833&use=l&cat=p&typeid=i","cat":327600},{"id":276368,"n":"Sachet noël nougat Montélimar Chabert & Guillot - 300g","p":10.99,"u":"36,63 €/KG","img":"https://fd16-photos.leclercdrive.fr/image.ashx?id=2952502&use=l&cat=p&typeid=i","cat":327605},{"id":276378,"n":"Chocolat Rohan et boules   125g","p":3.02,"u":"24,16 €/KG","img":"https://fd16-photos.leclercdrive.fr/image.ashx?id=2952637&use=l&cat=p&typeid=i","cat":327592},{"id":276382,"n":"Boules fourrées Fizzy Chocolat au lait - 50g","p":9.43,"u":"188,60 €/KG","img":"https://fd16-photos.leclercdrive.fr/image.ashx?id=2952670&use=l&cat=p&typeid=i","cat":327592},{"id":276390,"n":"Boite gold liqueurs Abtey Chocolat noir liqueur - 200g","p":8.15,"u":"40,75 €/KG","img":"https://fd16-photos.leclercdrive.fr/image.ashx?id=2952538&use=l&cat=p&typeid=i","cat":327601},{"id":276392,"n":"Boite black liqueurs Abtey Chocolat noir liqueur - 200g","p":8.15,"u":"40,75 €/KG","img":"https://fd16-photos.leclercdrive.fr/image.ashx?id=2952532&use=l&cat=p&typeid=i","cat":327601},{"id":276394,"n":"Boite ruby liqueurs Abtey Chocolat noir liqueur - 200g","p":8.15,"u":"40,75 €/KG","img":"https://fd16-photos.leclercdrive.fr/image.ashx?id=2952535&use=l&cat=p&typeid=i","cat":327601},{"id":276396,"n":"Casier l'original Abtey Chocolat noir liqueur x9 - 81g","p":3.13,"u":"38,64 €/KG","img":"https://fd16-photos.leclercdrive.fr/image.ashx?id=2969878&use=l&cat=p&typeid=i","cat":327601},{"id":276397,"n":"Sachet pn et rennes Riegelein moulage chocolat lait - 132g","p":4.25,"u":"32,20 €/KG","img":"https://fd16-photos.leclercdrive.fr/image.ashx?id=2952763&use=l&cat=p&typeid=i","cat":327592},{"id":276398,"n":"Sachet figurines Riegelein moulage chocolat lait - 184g","p":5.76,"u":"31,30 €/KG","img":"https://fd16-photos.leclercdrive.fr/image.ashx?id=2952769&use=l&cat=p&typeid=i","cat":327592},{"id":276400,"n":"Sachet composition Riegelein moulage chocolat lait - 150g","p":4.06,"u":"27,07 €/KG","img":"https://fd16-photos.leclercdrive.fr/image.ashx?id=2952784&use=l&cat=p&typeid=i","cat":327592},{"id":276403,"n":"Assortiment Riegelein moulage chocolat lait - 75g","p":2.21,"u":"29,47 €/KG","img":"https://fd16-photos.leclercdrive.fr/image.ashx?id=2952775&use=l&cat=p&typeid=i","cat":327592},{"id":276405,"n":"Assortiment rennes Riegelein moulage chocolat lait - 72g","p":2.21,"u":"30,69 €/KG","img":"https://fd16-photos.leclercdrive.fr/image.ashx?id=2952778&use=l&cat=p&typeid=i","cat":327592},{"id":276406,"n":"Assortiment pn Riegelein moulage chocolat lait - 75g","p":2.21,"u":"29,47 €/KG","img":"https://fd16-photos.leclercdrive.fr/image.ashx?id=2952781&use=l&cat=p&typeid=i","cat":327592},{"id":276415,"n":"Calendrier Qui est-ce ? Pat patrouille - 100g","p":7.21,"u":"72,10 €/KG","img":"https://fd16-photos.leclercdrive.fr/image.ashx?id=2964141&use=l&cat=p&typeid=i","cat":327590},{"id":276438,"n":"Coffret chocolats Révillon Lait - 230g","p":10.9,"u":"47,39 €/KG","img":"https://fd16-photos.leclercdrive.fr/image.ashx?id=2980695&use=l&cat=p&typeid=i","cat":284499},{"id":276449,"n":"Lanvin Escargots Ballotin  Noir - 164g","p":8.0,"u":"48,78 €/KG","img":"https://fd16-photos.leclercdrive.fr/image.ashx?id=2987017&use=l&cat=p&typeid=i","cat":327595},{"id":276456,"n":"Les Recettes de l'Atelier   Assortiment Lait - 410g","p":14.75,"pp":11.06,"u":"26,98 €/KG","img":"https://fd16-photos.leclercdrive.fr/image.ashx?id=2964165&use=l&cat=p&typeid=i","cat":327595},{"id":276458,"n":"Les Recettes de l'Atelier   Assortiment Hiver - 408g","p":14.75,"pp":11.06,"u":"27,11 €/KG","img":"https://fd16-photos.leclercdrive.fr/image.ashx?id=2953986&use=l&cat=p&typeid=i","cat":327595},{"id":276466,"n":"Les Recettes de l'Atelier Bouchées duo praliné - 266g","p":9.74,"u":"36,62 €/KG","img":"https://fd16-photos.leclercdrive.fr/image.ashx?id=2953052&use=l&cat=p&typeid=i","cat":284499},{"id":276467,"n":"After eight coffret Citron - 400g","p":7.6,"u":"19,00 €/KG","img":"https://fd16-photos.leclercdrive.fr/image.ashx?id=2953037&use=l&cat=p&typeid=i","cat":327595},{"id":276469,"n":"Boules praline noir Jacquot 250g","p":3.88,"u":"15,52 €/KG","img":"https://fd16-photos.leclercdrive.fr/image.ashx?id=2980719&use=l&cat=p&typeid=i","cat":327597},{"id":276470,"n":"Rochers lait Jacquot 250g","p":5.29,"u":"21,16 €/KG","img":"https://fd16-photos.leclercdrive.fr/image.ashx?id=2980713&use=l&cat=p&typeid=i","cat":327600},{"id":276471,"n":"Fondants lait Jacquot 200g","p":3.42,"u":"17,10 €/KG","img":"https://fd16-photos.leclercdrive.fr/image.ashx?id=2980725&use=l&cat=p&typeid=i","cat":327597},{"id":276475,"n":"Assortiment variété Jacquot 400g","p":6.38,"u":"15,95 €/KG","img":"https://fd16-photos.leclercdrive.fr/image.ashx?id=2980707&use=l&cat=p&typeid=i","cat":327592},{"id":276484,"n":"Chocolats Ferrero Rocher  100g","p":3.71,"u":"37,10 €/KG","img":"https://fd16-photos.leclercdrive.fr/image.ashx?id=2952899&use=l&cat=p&typeid=i","cat":327600},{"id":276485,"n":"Chocolats Ferrero Rocher  525g","p":15.97,"u":"30,42 €/KG","img":"https://fd16-photos.leclercdrive.fr/image.ashx?id=2952962&use=l&cat=p&typeid=i","cat":327600},{"id":276486,"n":"Chocolats Ferrero Rocher  Golden star Lait - 115g","p":5.87,"u":"51,04 €/KG","img":"https://fd16-photos.leclercdrive.fr/image.ashx?id=2952956&use=l&cat=p&typeid=i","cat":327600},{"id":276487,"n":"Chocolats Ferrero Rocher  Golden star mix - 115g","p":5.87,"u":"51,04 €/KG","img":"https://fd16-photos.leclercdrive.fr/image.ashx?id=2964042&use=l&cat=p&typeid=i","cat":327600},{"id":276550,"n":"Biscuit sésame GERBLE - 5x4 220g","p":1.52,"u":"6,91 €/KG","img":"https://fd16-photos.leclercdrive.fr/image.ashx?id=2953803&use=l&cat=p&typeid=i","cat":318651},{"id":276558,"n":"Bouillon de légumes Knorr 15 cubes - 150g","p":1.33,"u":"8,87 €/KG","img":"https://fd16-photos.leclercdrive.fr/image.ashx?id=2954001&use=l&cat=p&typeid=i","cat":288379},{"id":276581,"n":"Café froid Macchiato Plantation Saveur caramel 250ml","p":1.09,"u":"4,36 €/L","img":"https://fd16-photos.leclercdrive.fr/image.ashx?id=2952409&use=l&cat=p&typeid=i","cat":295246},{"id":276582,"n":"Café froid Cappuccino Plantation 250ml","p":1.09,"u":"4,36 €/L","img":"https://fd16-photos.leclercdrive.fr/image.ashx?id=2952430&use=l&cat=p&typeid=i","cat":295246},{"id":276583,"n":"Café froid Latte Plantation 250ml","p":1.09,"u":"4,36 €/L","img":"https://fd16-photos.leclercdrive.fr/image.ashx?id=2952433&use=l&cat=p&typeid=i","cat":295246},{"id":276588,"n":"Mini burrata Les Croisés 25%MG - 2x50g","p":2.39,"u":"23,90 €/KG","img":"https://fd16-photos.leclercdrive.fr/image.ashx?id=3009553&use=l&cat=p&typeid=i","cat":314026},{"id":276589,"n":"Saucisson sec Saint-Azay Noisettes 30 tranches 100g","p":2.07,"u":"20,70 €/KG","img":"https://fd16-photos.leclercdrive.fr/image.ashx?id=2952418&use=l&cat=p&typeid=i","cat":316007},{"id":276590,"n":"Stick de fuet Saint-Azay 70g","p":1.99,"u":"28,43 €/KG","img":"https://fd16-photos.leclercdrive.fr/image.ashx?id=2952421&use=l&cat=p&typeid=i","cat":316006},{"id":277075,"n":"Cocktail Ginger mule Old Nick 16° - 70cl","p":7.19,"u":"10,27 €/L","img":"https://fd16-photos.leclercdrive.fr/image.ashx?id=2961807&use=l&cat=p&typeid=i","cat":284551},{"id":277089,"n":"Gel douche Tahiti Bois de santal - 250ml","p":2.09,"u":"8,36 €/L","img":"https://fd16-photos.leclercdrive.fr/image.ashx?id=2955869&use=l&cat=p&typeid=i","cat":284594},{"id":277360,"n":"Smoky Cheese Donuts Pickers by McCain donuts fromage - 230g","p":3.91,"u":"17,00 €/KG","img":"https://fd16-photos.leclercdrive.fr/image.ashx?id=2955522&use=l&cat=p&typeid=i","cat":319774},{"id":277449,"n":"Gratin montagnard La Cuisine d'Océane - 300g","p":3.07,"u":"10,23 €/KG","img":"https://fd16-photos.leclercdrive.fr/image.ashx?id=2957023&use=l&cat=p&typeid=i","cat":284953},{"id":277478,"n":"Liégeois Pâtissier Danette  Paris Brest 4x90g","p":2.21,"u":"6,14 €/KG","img":"https://fd16-photos.leclercdrive.fr/image.ashx?id=2965930&use=l&cat=p&typeid=i","cat":285042},{"id":277479,"n":"Liégeois Pâtissier Danette Framboisier 4x90g","p":2.21,"u":"6,14 €/KG","img":"https://fd16-photos.leclercdrive.fr/image.ashx?id=2965924&use=l&cat=p&typeid=i","cat":285042},{"id":277480,"n":"Liégeois Pâtissier Danette Tiramisu 4x90g","p":2.21,"u":"6,14 €/KG","img":"https://fd16-photos.leclercdrive.fr/image.ashx?id=2965927&use=l&cat=p&typeid=i","cat":285042},{"id":277488,"n":"Skyr mûre myrtille Danone 0% MG - 2x140g","p":2.45,"u":"8,75 €/KG","img":"https://fd16-photos.leclercdrive.fr/image.ashx?id=2966276&use=l&cat=p&typeid=i","cat":315000},{"id":277489,"n":"Skyr mangue passion Danone 0% MG - 2x140g","p":2.45,"u":"8,75 €/KG","img":"https://fd16-photos.leclercdrive.fr/image.ashx?id=2965909&use=l&cat=p&typeid=i","cat":315000},{"id":277494,"n":"Yaourt protéiné Hipro Myrtille 4x120g","p":3.23,"u":"6,73 €/KG","img":"https://fd16-photos.leclercdrive.fr/image.ashx?id=2965951&use=l&cat=p&typeid=i","cat":315000},{"id":277504,"n":"Dés de poulet 500g","p":6.0,"u":"12,00 €/KG","img":"https://fd16-photos.leclercdrive.fr/image.ashx?id=2956640&use=l&cat=p&typeid=i","cat":284336},{"id":277520,"n":"Déodorant Sanex Spray Mineral  Efficacité - 200ml","p":4.5,"u":"22,50 €/L","img":"https://fd16-photos.leclercdrive.fr/image.ashx?id=2968574&use=l&cat=p&typeid=i","cat":284595},{"id":277591,"n":"IGP Cabernet Sauvignon Bleu de  Mer rouge Pays d'Oc - 75cl","p":6.24,"u":"8,32 €/L","img":"https://fd16-photos.leclercdrive.fr/image.ashx?id=2956568&use=l&cat=p&typeid=i","cat":289556},{"id":277593,"n":"Shampooing bleu Dessange Blond californien - 280ml","p":4.99,"u":"17,82 €/L","img":"https://fd16-photos.leclercdrive.fr/image.ashx?id=2957938&use=l&cat=p&typeid=i","cat":284606},{"id":277595,"n":"Gel douche Ushuaïa Agrumes verts - 280ml","p":2.5,"u":"8,93 €/L","img":"https://fd16-photos.leclercdrive.fr/image.ashx?id=2974399&use=l&cat=p&typeid=i","cat":284594},{"id":277626,"n":"Gel douche Ushuaïa Sakura - 280ml","p":2.2,"u":"7,86 €/L","img":"https://fd16-photos.leclercdrive.fr/image.ashx?id=2974405&use=l&cat=p&typeid=i","cat":284594},{"id":277629,"n":"Shampooing Dop Hair Lait végétal - 480ml","p":2.81,"u":"5,85 €/L","img":"https://fd16-photos.leclercdrive.fr/image.ashx?id=2957929&use=l&cat=p&typeid=i","cat":284606},{"id":277630,"n":"Shampooing Dop hair Pomme - 480ml","p":3.26,"u":"6,79 €/L","img":"https://fd16-photos.leclercdrive.fr/image.ashx?id=2957908&use=l&cat=p&typeid=i","cat":284606},{"id":277631,"n":"Shampooing régulateur Dessange Douce argile - 280ml","p":3.83,"u":"13,68 €/L","img":"https://fd16-photos.leclercdrive.fr/image.ashx?id=2957935&use=l&cat=p&typeid=i","cat":284606},{"id":277632,"n":"Huile de douche Ushuaïa Monoï & fleur de tiaré - 280ml","p":2.18,"u":"7,79 €/L","img":"https://fd16-photos.leclercdrive.fr/image.ashx?id=2958146&use=l&cat=p&typeid=i","cat":284594},{"id":277634,"n":"Gelée de douche Ushuaïa Bahia café açaï - 280ml","p":1.95,"u":"6,96 €/L","img":"https://fd16-photos.leclercdrive.fr/image.ashx?id=2957917&use=l&cat=p&typeid=i","cat":284594},{"id":277635,"n":"Crème de douche Dop Vanille - 480ml","p":3.11,"u":"6,48 €/L","img":"https://fd16-photos.leclercdrive.fr/image.ashx?id=2957893&use=l&cat=p&typeid=i","cat":284594},{"id":277638,"n":"Douche crème enfance Dop Fraises - 310ml","p":2.47,"u":"7,97 €/L","img":"https://fd16-photos.leclercdrive.fr/image.ashx?id=2957899&use=l&cat=p&typeid=i","cat":284594},{"id":277640,"n":"Douche crème enfance Dop Bonbon cola - 310ml","p":2.49,"u":"8,03 €/L","img":"https://fd16-photos.leclercdrive.fr/image.ashx?id=2957905&use=l&cat=p&typeid=i","cat":284594},{"id":277830,"n":"Lessive Arbre Vert peaux sensibles 67 lavages - 3.015L","p":14.0,"u":"4,64 €/L","img":"https://fd16-photos.leclercdrive.fr/image.ashx?id=3008530&use=l&cat=p&typeid=i","cat":284640},{"id":277835,"n":"Lessive Omo Absolu capsules  fleur d'oranger - 371g","p":12.54,"u":"33,80 €/KG","img":"https://fd16-photos.leclercdrive.fr/image.ashx?id=2958209&use=l&cat=p&typeid=i","cat":284641},{"id":277847,"n":"Camembert Pops creamy Pickers Pickers by McCain - 230g","p":3.86,"u":"16,78 €/KG","img":"https://fd16-photos.leclercdrive.fr/image.ashx?id=2988731&use=l&cat=p&typeid=i","cat":319774},{"id":278066,"n":"Foie de boeuf tranché L'Atelier Boucherie x2 - 320g","p":2.89,"u":"9,03 €/KG","img":"https://fd16-photos.leclercdrive.fr/image.ashx?id=2958386&use=l&cat=p&typeid=i","cat":284328},{"id":278074,"n":"Rognon de boeuf en dés L'Atelier Boucherie - 400g","p":3.69,"u":"9,23 €/KG","img":"https://fd16-photos.leclercdrive.fr/image.ashx?id=2958786&use=l&cat=p&typeid=i","cat":284328},{"id":278086,"n":"Foie de porc tranché L'Atelier Boucherie x2 - 330g","p":1.89,"u":"5,73 €/KG","img":"https://fd16-photos.leclercdrive.fr/image.ashx?id=2959181&use=l&cat=p&typeid=i","cat":284331},{"id":278089,"n":"Langue de porc L'Atelier Boucherie x2 - 550g","p":3.99,"u":"7,25 €/KG","img":"https://fd16-photos.leclercdrive.fr/image.ashx?id=2988156&use=l&cat=p&typeid=i","cat":284331},{"id":278242,"n":"Shampooing Vitanove Hydratant - 250ml","p":1.35,"u":"5,40 €/L","img":"https://fd16-photos.leclercdrive.fr/image.ashx?id=2958792&use=l&cat=p&typeid=i","cat":284606},{"id":278244,"n":"Après-shampooing Vitanove Hydratant - 200ml","p":1.39,"u":"6,95 €/L","img":"https://fd16-photos.leclercdrive.fr/image.ashx?id=2958798&use=l&cat=p&typeid=i","cat":284607},{"id":278246,"n":"Après-shampooing Vitanove Cheveux longs - 200ml","p":1.49,"u":"7,45 €/L","img":"https://fd16-photos.leclercdrive.fr/image.ashx?id=2958801&use=l&cat=p&typeid=i","cat":284607},{"id":278274,"n":"Tranches de cheddar fumé Les Délices d'Amélie - 150g","p":2.82,"u":"18,80 €/KG","img":"https://fd16-photos.leclercdrive.fr/image.ashx?id=2959880&use=l&cat=p&typeid=i","cat":314028},{"id":278361,"n":"Tequila Izamal Silver - 35%vol - 70cl","p":12.9,"u":"18,43 €/L","img":"https://fd16-photos.leclercdrive.fr/image.ashx?id=2979574&use=l&cat=p&typeid=i","cat":284550},{"id":278363,"n":"Arrangé Lagoa Banane - 40% - 50cl","p":11.7,"u":"23,40 €/L","img":"https://fd16-photos.leclercdrive.fr/image.ashx?id=2959239&use=l&cat=p&typeid=i","cat":284550},{"id":278364,"n":"Arrangé Lagoa Fruits exotques - 40% - 50cl","p":11.7,"u":"23,40 €/L","img":"https://fd16-photos.leclercdrive.fr/image.ashx?id=2959242&use=l&cat=p&typeid=i","cat":284550},{"id":278370,"n":"Doc prosecco Extra-dry - Blanc - 37.5cl","p":3.49,"u":"9,31 €/L","img":"https://fd16-photos.leclercdrive.fr/image.ashx?id=2977192&use=l&cat=p&typeid=i","cat":289461},{"id":278405,"n":"Nectar 4 agrumes Cidou sans sucres ajoutés - 1L","p":1.85,"u":"1,85 €/L","img":"https://fd16-photos.leclercdrive.fr/image.ashx?id=2961137&use=l&cat=p&typeid=i","cat":284915},{"id":278570,"n":"Lessive liquide Le Chat  L'expert Bicarbonate - 1,8L","p":10.39,"u":"5,77 €/L","img":"https://fd16-photos.leclercdrive.fr/image.ashx?id=2962290&use=l&cat=p&typeid=i","cat":284640},{"id":278573,"n":"Gel douche Ushuaïa Grenade - 490ml","p":4.25,"u":"8,67 €/L","img":"https://fd16-photos.leclercdrive.fr/image.ashx?id=3011566&use=l&cat=p&typeid=i","cat":284594},{"id":278581,"n":"Gel douche tonifiant Ushuaïa Cèdre - 490ml","p":4.31,"u":"8,80 €/L","img":"https://fd16-photos.leclercdrive.fr/image.ashx?id=3011569&use=l&cat=p&typeid=i","cat":284594},{"id":278583,"n":"Gel douche Ushuaïa Vanille - 280ml","p":2.5,"u":"8,93 €/L","img":"https://fd16-photos.leclercdrive.fr/image.ashx?id=2974402&use=l&cat=p&typeid=i","cat":284594},{"id":278680,"n":"Crème extra légère Bridélice Semi-épaisse 4%MG - 3x20cl","p":2.38,"u":"3,97 €/L","img":"https://fd16-photos.leclercdrive.fr/image.ashx?id=2996581&use=l&cat=p&typeid=i","cat":284381},{"id":278728,"n":"Saucisses charcutières Herta La Provençale x4 - 280g","p":3.1,"u":"11,07 €/KG","img":"https://fd16-photos.leclercdrive.fr/image.ashx?id=2965007&use=l&cat=p&typeid=i","cat":316012},{"id":278791,"n":"Bière ambrée d'hiver Bellerose - 75cl - 7% vol.","p":3.95,"u":"5,27 €/L","img":"https://fd16-photos.leclercdrive.fr/image.ashx?id=2965118&use=l&cat=p&typeid=i","cat":334872},{"id":278908,"n":"Barre de chocolat Balisto Miel Amande x10 - 185g","p":2.96,"u":"16,00 €/KG","img":"https://fd16-photos.leclercdrive.fr/image.ashx?id=2967382&use=l&cat=p&typeid=i","cat":284488},{"id":278911,"n":"Boisson Crazy Tiger Tiki Mango - 35cl","p":0.99,"u":"2,83 €/L","img":"https://fd16-photos.leclercdrive.fr/image.ashx?id=2967259&use=l&cat=p&typeid=i","cat":284533},{"id":278912,"n":"Boisson Crazy Tiger Pomme - 35cl","p":0.99,"u":"2,83 €/L","img":"https://fd16-photos.leclercdrive.fr/image.ashx?id=3011524&use=l&cat=p&typeid=i","cat":284533},{"id":278933,"n":"Cartouche encre Epson Noir T03U1","p":16.95,"img":"https://fd16-photos.leclercdrive.fr/image.ashx?id=2966309&use=l&cat=p&typeid=i","cat":316445},{"id":278956,"n":"Beaujolais Nouveau vin rouge Le Primeur des Canuts - 75cl","p":5.14,"u":"6,85 €/L","img":"https://fd16-photos.leclercdrive.fr/image.ashx?id=2967094&use=l&cat=p&typeid=i","cat":289556},{"id":278972,"n":"Crème épaisse St Hubert 15%MG 190g","p":0.99,"u":"5,21 €/KG","img":"https://fd16-photos.leclercdrive.fr/image.ashx?id=2975972&use=l&cat=p&typeid=i","cat":284381},{"id":278975,"n":"Crème épaisse St Hubert 30%MG 190g","p":1.09,"u":"5,74 €/KG","img":"https://fd16-photos.leclercdrive.fr/image.ashx?id=2975975&use=l&cat=p&typeid=i","cat":284381},{"id":278976,"n":"Crème épaisse St Hubert 15%MG 450g","p":2.08,"u":"4,62 €/KG","img":"https://fd16-photos.leclercdrive.fr/image.ashx?id=2967169&use=l&cat=p&typeid=i","cat":284381},{"id":279003,"n":"Apéri'chaud Richesmonts 140g","p":2.42,"u":"17,29 €/KG","img":"https://fd16-photos.leclercdrive.fr/image.ashx?id=2990484&use=l&cat=p&typeid=i","cat":314027},{"id":279016,"n":"Bâtonnets Glade Pure Clean Linen - 50ml","p":5.49,"pp":3.29,"u":"65,80 €/L","img":"https://fd16-photos.leclercdrive.fr/image.ashx?id=2968472&use=l&cat=p&typeid=i","cat":311627},{"id":279027,"n":"Cheddar râpé British Heritage Extra mature 12 mois - 150g","p":3.19,"u":"21,27 €/KG","img":"https://fd16-photos.leclercdrive.fr/image.ashx?id=2968418&use=l&cat=p&typeid=i","cat":314035},{"id":279028,"n":"Sauce fromagère Saint-Agur 150g","p":2.59,"u":"17,27 €/KG","img":"https://fd16-photos.leclercdrive.fr/image.ashx?id=2968556&use=l&cat=p&typeid=i","cat":284382},{"id":279033,"n":"Crème Le Petit Marseillais Lait végétal - 360ml","p":5.86,"u":"16,28 €/L","img":"https://fd16-photos.leclercdrive.fr/image.ashx?id=2966442&use=l&cat=p&typeid=i","cat":325350},{"id":279035,"n":"Savon de Marseille Le Chat 1,7L","p":9.7,"u":"5,71 €/L","img":"https://fd16-photos.leclercdrive.fr/image.ashx?id=2966569&use=l&cat=p&typeid=i","cat":284640},{"id":279678,"n":"Biscuit  Mots Doux Vanille - 180g","p":1.89,"u":"10,50 €/KG","img":"https://fd16-photos.leclercdrive.fr/image.ashx?id=2970747&use=l&cat=p&typeid=i","cat":284488},{"id":279681,"n":"Liqueur Disaronno Originale Edition 500 ans 28% - 70cl","p":32.27,"u":"46,10 €/L","img":"https://fd16-photos.leclercdrive.fr/image.ashx?id=2970234&use=l&cat=p&typeid=i","cat":286032},{"id":280019,"n":"Œuf Kinder Joy Mario - 3x20g","p":3.25,"u":"54,17 €/KG","img":"https://fd16-photos.leclercdrive.fr/image.ashx?id=2970753&use=l&cat=p&typeid=i","cat":284958},{"id":280035,"n":"Nettoyant gel La Croix Multi-usage Citron - 750ml","p":2.35,"u":"3,13 €/L","img":"https://fd16-photos.leclercdrive.fr/image.ashx?id=2971455&use=l&cat=p&typeid=i","cat":325357},{"id":280072,"n":"Brosse à dents souples Eco + Bleu et vert - x2","p":0.23,"u":"0,12 €/P","img":"https://fd16-photos.leclercdrive.fr/image.ashx?id=2971533&use=l&cat=p&typeid=i","cat":284614},{"id":280073,"n":"Brosse à dents souples Eco + Rose et Beige - x2","p":0.23,"u":"0,12 €/P","img":"https://fd16-photos.leclercdrive.fr/image.ashx?id=2971536&use=l&cat=p&typeid=i","cat":284614},{"id":280089,"n":"Crème dessert Danette Saveur Snickers - 4x90g","p":2.49,"u":"6,92 €/KG","img":"https://fd16-photos.leclercdrive.fr/image.ashx?id=2971918&use=l&cat=p&typeid=i","cat":285041},{"id":280169,"n":"Foie gras de canard entier Jean Larnaudie L'Emblématique 220g","p":28.49,"u":"129,50 €/KG","img":"https://fd16-photos.leclercdrive.fr/image.ashx?id=2971936&use=l&cat=p&typeid=i","cat":316008},{"id":280257,"n":"Chips tortilla Doritos Nature - 227g","p":2.72,"u":"10,00 €/KG","img":"https://fd16-photos.leclercdrive.fr/image.ashx?id=2972937&use=l&cat=p&typeid=i","cat":287899},{"id":280263,"n":"Pesto verde cremeux  190g","p":1.33,"u":"7,00 €/KG","img":"https://fd16-photos.leclercdrive.fr/image.ashx?id=2988830&use=l&cat=p&typeid=i","cat":287599},{"id":280272,"n":"Cuisses de poulet blanc Eco+ 1.1kg","p":4.39,"u":"3,99 €/KG","img":"https://fd16-photos.leclercdrive.fr/image.ashx?id=2984161&use=l&cat=p&typeid=i","cat":284336},{"id":280274,"n":"Poulet entier blanc Eco+ 1.45kg","p":5.45,"u":"3,76 €/KG","img":"https://fd16-photos.leclercdrive.fr/image.ashx?id=2984167&use=l&cat=p&typeid=i","cat":284336},{"id":280419,"n":"Dessert lacté Fraise Blédina dès 6 mois - 4x95g","p":1.79,"u":"4,71 €/KG","img":"https://fd16-photos.leclercdrive.fr/image.ashx?id=2972871&use=l&cat=p&typeid=i","cat":312392},{"id":280483,"n":"Gnocchi à poêler Lustucru Extra chorizo 280g","p":2.47,"u":"8,82 €/KG","img":"https://fd16-photos.leclercdrive.fr/image.ashx?id=2973646&use=l&cat=p&typeid=i","cat":333682},{"id":280488,"n":"Girasoli Lustucru  Extra raclette 250g","p":2.9,"u":"11,60 €/KG","img":"https://fd16-photos.leclercdrive.fr/image.ashx?id=2973640&use=l&cat=p&typeid=i","cat":333682},{"id":280494,"n":"Mini ravioli Lustucru Fromage 280g","p":2.0,"u":"7,14 €/KG","img":"https://fd16-photos.leclercdrive.fr/image.ashx?id=2996650&use=l&cat=p&typeid=i","cat":333682},{"id":280610,"n":"Lait corps Nivea Repair & care - 250ml","p":4.48,"pp":2.96,"u":"11,84 €/L","img":"https://fd16-photos.leclercdrive.fr/image.ashx?id=2974435&use=l&cat=p&typeid=i","cat":325349},{"id":280663,"n":"Matière grasse végétale à tartiner doux - Flora - 215g","p":2.53,"u":"11,77 €/KG","img":"https://fd16-photos.leclercdrive.fr/image.ashx?id=2974456&use=l&cat=p&typeid=i","cat":315229},{"id":280664,"n":"Matière grasse végétale Flora à tartiner demi-sel  - 215g","p":2.53,"u":"11,77 €/KG","img":"https://fd16-photos.leclercdrive.fr/image.ashx?id=2974459&use=l&cat=p&typeid=i","cat":315229},{"id":280674,"n":"Dessert Nestlé Lait eclats d'amandes - 170g","p":3.31,"u":"19,47 €/KG","img":"https://fd16-photos.leclercdrive.fr/image.ashx?id=2974453&use=l&cat=p&typeid=i","cat":284497},{"id":280693,"n":"Miel de fleurs lune de Miel Cremeux gelée royale - 230g","p":5.19,"u":"22,57 €/KG","img":"https://fd16-photos.leclercdrive.fr/image.ashx?id=2984880&use=l&cat=p&typeid=i","cat":287643},{"id":280717,"n":"Chocolat Lindt Excellence Fusion sel Noir 85% & Lait-100g","p":3.49,"u":"34,90 €/KG","img":"https://fd16-photos.leclercdrive.fr/image.ashx?id=2975810&use=l&cat=p&typeid=i","cat":284956},{"id":280746,"n":"Chocolat Lindt Excellence  Fusion Noir 70% & Lait - 100g","p":3.49,"u":"34,90 €/KG","img":"https://fd16-photos.leclercdrive.fr/image.ashx?id=2975819&use=l&cat=p&typeid=i","cat":284958},{"id":280784,"n":"Mayonnaise  Heinz Srirachamix - 400g","p":3.42,"u":"8,55 €/KG","img":"https://fd16-photos.leclercdrive.fr/image.ashx?id=2976140&use=l&cat=p&typeid=i","cat":318431},{"id":280859,"n":"Beurre St-Hubert demi-sel L'Original - 500g","p":3.29,"pp":2.3,"u":"4,60 €/KG","img":"https://fd16-photos.leclercdrive.fr/image.ashx?id=2975969&use=l&cat=p&typeid=i","cat":284379},{"id":280981,"n":"Laque fixation normale Elnett compressé - 75ml","p":4.39,"u":"58,53 €/L","img":"https://fd16-photos.leclercdrive.fr/image.ashx?id=2975569&use=l&cat=p&typeid=i","cat":284609},{"id":280986,"n":"Coppa Aoste 10 Tranches - 100g","p":2.63,"u":"26,30 €/KG","img":"https://fd16-photos.leclercdrive.fr/image.ashx?id=2975993&use=l&cat=p&typeid=i","cat":316007},{"id":281128,"n":"Lessive X-tra Total 40 lavages","p":6.22,"u":"3,46 €/L","img":"https://fd16-photos.leclercdrive.fr/image.ashx?id=2976788&use=l&cat=p&typeid=i","cat":284640},{"id":281251,"n":"Bonbons roulette Haribo 175g","p":1.55,"u":"8,86 €/KG","img":"https://fd16-photos.leclercdrive.fr/image.ashx?id=2979677&use=l&cat=p&typeid=i","cat":304250},{"id":281252,"n":"Bonbons floppie's Haribo 200g","p":1.76,"u":"8,80 €/KG","img":"https://fd16-photos.leclercdrive.fr/image.ashx?id=2978664&use=l&cat=p&typeid=i","cat":304250},{"id":281254,"n":"Bonbons Hermione Granger Haribo 160g","p":1.57,"u":"9,81 €/KG","img":"https://fd16-photos.leclercdrive.fr/image.ashx?id=2978670&use=l&cat=p&typeid=i","cat":304250},{"id":281255,"n":"Bonbon flash pik Haribo 180g","p":1.79,"u":"9,94 €/KG","img":"https://fd16-photos.leclercdrive.fr/image.ashx?id=2978673&use=l&cat=p&typeid=i","cat":304250},{"id":281257,"n":"Bonbons Les P'tits Pik Haribo 180g","p":1.6,"u":"8,89 €/KG","img":"https://fd16-photos.leclercdrive.fr/image.ashx?id=2978676&use=l&cat=p&typeid=i","cat":304250},{"id":281258,"n":"Bonbons Haribo Les P'tits Chamalows - 150g","p":1.38,"u":"9,20 €/KG","img":"https://fd16-photos.leclercdrive.fr/image.ashx?id=2986200&use=l&cat=p&typeid=i","cat":304250},{"id":281276,"n":"Raclette sans croûte Entremont Mon comptoir à raclette 140g","p":2.34,"u":"16,71 €/KG","img":"https://fd16-photos.leclercdrive.fr/image.ashx?id=2977315&use=l&cat=p&typeid=i","cat":314037},{"id":281358,"n":"Bonbons Harry Potter Haribo 160g","p":1.53,"u":"9,56 €/KG","img":"https://fd16-photos.leclercdrive.fr/image.ashx?id=2978667&use=l&cat=p&typeid=i","cat":304250},{"id":281359,"n":"Sucettes Chupa Chups  Bubble Gum x12 - 144g","p":2.61,"u":"18,13 €/KG","img":"https://fd16-photos.leclercdrive.fr/image.ashx?id=2980167&use=l&cat=p&typeid=i","cat":304250},{"id":281365,"n":"Bonbons Werther's Original Caramel Selection 200g","p":2.7,"u":"13,50 €/KG","img":"https://fd16-photos.leclercdrive.fr/image.ashx?id=2980049&use=l&cat=p&typeid=i","cat":304252},{"id":281374,"n":"Snack alphabet Tokapi Ketchup - 75g","p":0.89,"u":"11,87 €/KG","img":"https://fd16-photos.leclercdrive.fr/image.ashx?id=2977825&use=l&cat=p&typeid=i","cat":284449},{"id":281416,"n":"Ravioli Turini Chèvre épinards 250g","p":1.99,"u":"7,96 €/KG","img":"https://fd16-photos.leclercdrive.fr/image.ashx?id=2978367&use=l&cat=p&typeid=i","cat":333682},{"id":281633,"n":"Bière blonde Bellerose 6x25cl","p":6.46,"u":"4,31 €/L","img":"https://fd16-photos.leclercdrive.fr/image.ashx?id=2979899&use=l&cat=p&typeid=i","cat":334873},{"id":281884,"n":"Lessive liquide Dash 2en1  Jasmin et Rose de Mai - 1.8L","p":14.13,"u":"7,85 €/L","img":"https://fd16-photos.leclercdrive.fr/image.ashx?id=2981385&use=l&cat=p&typeid=i","cat":284640},{"id":281967,"n":"Chocolat Xmas Fizzy 84g","p":3.08,"u":"36,67 €/KG","img":"https://fd16-photos.leclercdrive.fr/image.ashx?id=2981112&use=l&cat=p&typeid=i","cat":327592},{"id":282003,"n":"Chocolat Merry Game Fizzy 50g","p":13.21,"u":"264,20 €/KG","img":"https://fd16-photos.leclercdrive.fr/image.ashx?id=2981530&use=l&cat=p&typeid=i","cat":327789},{"id":282004,"n":"Chocolat Xmas Kawai Fizzy 100g","p":13.21,"u":"132,10 €/KG","img":"https://fd16-photos.leclercdrive.fr/image.ashx?id=2981527&use=l&cat=p&typeid=i","cat":327789},{"id":282010,"n":"Kinder Surprise  x4 - 80g","p":5.37,"u":"67,13 €/KG","img":"https://fd16-photos.leclercdrive.fr/image.ashx?id=2981373&use=l&cat=p&typeid=i","cat":327592},{"id":282014,"n":"Chocolat Kinder Mix - 102g","p":4.2,"u":"41,18 €/KG","img":"https://fd16-photos.leclercdrive.fr/image.ashx?id=2981370&use=l&cat=p&typeid=i","cat":327592},{"id":282032,"n":"Champagne Haslinger et Fils Brut - 75cl","p":20.44,"u":"27,25 €/L","img":"https://fd16-photos.leclercdrive.fr/image.ashx?id=2982005&use=l&cat=p&typeid=i","cat":284542},{"id":282033,"n":"Assortiment fromager  x40 - 465g","p":9.69,"pp":6.4,"u":"13,76 €/KG","img":"https://fd16-photos.leclercdrive.fr/image.ashx?id=3008257&use=l&cat=p&typeid=i","cat":319774},{"id":282035,"n":"Assortiment Saveurs du Sud  x40 - 540g","p":9.69,"pp":6.4,"u":"11,85 €/KG","img":"https://fd16-photos.leclercdrive.fr/image.ashx?id=2999252&use=l&cat=p&typeid=i","cat":319774},{"id":282059,"n":"Purée de tomates Mutti Zéro résidu pesticides - 3x200g","p":2.19,"u":"3,65 €/KG","img":"https://fd16-photos.leclercdrive.fr/image.ashx?id=2985609&use=l&cat=p&typeid=i","cat":288384},{"id":282060,"n":"Sachet Muscovado blond Daddy - 500g","p":2.23,"u":"4,46 €/KG","img":"https://fd16-photos.leclercdrive.fr/image.ashx?id=2985012&use=l&cat=p&typeid=i","cat":284502},{"id":282061,"n":"Sachet Muscovado brun Daddy - 500g","p":2.23,"u":"4,46 €/KG","img":"https://fd16-photos.leclercdrive.fr/image.ashx?id=2985015&use=l&cat=p&typeid=i","cat":284502},{"id":282063,"n":"Chocolat Rohan   90g","p":2.45,"u":"27,22 €/KG","img":"https://fd16-photos.leclercdrive.fr/image.ashx?id=2982429&use=l&cat=p&typeid=i","cat":327592},{"id":282156,"n":"Chocolat Rohan   Ourson - 90g","p":2.45,"u":"27,22 €/KG","img":"https://fd16-photos.leclercdrive.fr/image.ashx?id=3001229&use=l&cat=p&typeid=i","cat":284958},{"id":282157,"n":"Chocolat Rohan   Père Noel - 90g","p":2.45,"u":"27,22 €/KG","img":"https://fd16-photos.leclercdrive.fr/image.ashx?id=3001232&use=l&cat=p&typeid=i","cat":284958},{"id":282158,"n":"Chocolat Rohan   Renne - 90g","p":2.45,"u":"27,22 €/KG","img":"https://fd16-photos.leclercdrive.fr/image.ashx?id=3001235&use=l&cat=p&typeid=i","cat":284958},{"id":282331,"n":"Ovale double creme  Eco+ 180g","p":1.27,"u":"7,06 €/KG","img":"https://fd16-photos.leclercdrive.fr/image.ashx?id=2982952&use=l&cat=p&typeid=i","cat":314033},{"id":282335,"n":"Fizzy mug Mr et Mme  Mr Incroyable - 100g","p":6.7,"u":"67,00 €/KG","img":"https://fd16-photos.leclercdrive.fr/image.ashx?id=2983679&use=l&cat=p&typeid=i","cat":327789},{"id":282366,"n":"Lessive liquide X-tra Total Fraicheur Alpine 40lav - 1,8L","p":7.17,"u":"3,98 €/L","img":"https://fd16-photos.leclercdrive.fr/image.ashx?id=2984200&use=l&cat=p&typeid=i","cat":284640},{"id":282381,"n":"Serviettes hygièniques Vania Maxi Nuit - x10","p":2.22,"u":"0,22 €/P","img":"https://fd16-photos.leclercdrive.fr/image.ashx?id=2985339&use=l&cat=p&typeid=i","cat":284624},{"id":282711,"n":"Lessive poudre Persil Bouquet de Provence 3.19kg","p":13.24,"u":"4,15 €/KG","img":"https://fd16-photos.leclercdrive.fr/image.ashx?id=2985666&use=l&cat=p&typeid=i","cat":284642},{"id":282721,"n":"Lessive liquide Persil Bouquet de Provence 1.092L x26","p":5.35,"u":"4,90 €/L","img":"https://fd16-photos.leclercdrive.fr/image.ashx?id=2985675&use=l&cat=p&typeid=i","cat":284640},{"id":282741,"n":"Lessive liquide Skip Cycle Court Peaux sensibles 1.48L","p":13.48,"u":"9,11 €/L","img":"https://fd16-photos.leclercdrive.fr/image.ashx?id=2985681&use=l&cat=p&typeid=i","cat":284640},{"id":282769,"n":"Chocolat Kinder Mix - 102g","p":4.2,"u":"41,18 €/KG","img":"https://fd16-photos.leclercdrive.fr/image.ashx?id=2984546&use=l&cat=p&typeid=i","cat":327592},{"id":282770,"n":"Chocolat Kinder Pingouin - 102g","p":4.2,"u":"41,18 €/KG","img":"https://fd16-photos.leclercdrive.fr/image.ashx?id=2984549&use=l&cat=p&typeid=i","cat":327592},{"id":282863,"n":"Coffret Marmottes en fête Les 2 Marmottes - x30 - 60g","p":5.9,"u":"98,33 €/KG","img":"https://fd16-photos.leclercdrive.fr/image.ashx?id=3011407&use=l&cat=p&typeid=i","cat":293234},{"id":282871,"n":"Thé en fête Les 2 Marmottes 30 sachets - 60g","p":5.9,"u":"98,33 €/KG","img":"https://fd16-photos.leclercdrive.fr/image.ashx?id=3011410&use=l&cat=p&typeid=i","cat":293233},{"id":282893,"n":"Comté Le Montarlier Président Affiné 6 mois - 200g+30% offert","p":3.89,"u":"14,96 €/KG","img":"https://fd16-photos.leclercdrive.fr/image.ashx?id=2986317&use=l&cat=p&typeid=i","cat":314034},{"id":282946,"n":"Lessive Xt-tra Total Marseille Aloe vera - 1.8L x40","p":7.02,"u":"3,90 €/L","img":"https://fd16-photos.leclercdrive.fr/image.ashx?id=2985030&use=l&cat=p&typeid=i","cat":284640},{"id":283058,"n":"Café frais Starbucks Cappuccino 220ml","p":2.19,"u":"9,95 €/L","img":"https://fd16-photos.leclercdrive.fr/image.ashx?id=2986804&use=l&cat=p&typeid=i","cat":295246},{"id":283081,"n":"Café frais Starbucks Caramel Macchiato 220ml","p":2.19,"u":"9,95 €/L","img":"https://fd16-photos.leclercdrive.fr/image.ashx?id=2986801&use=l&cat=p&typeid=i","cat":295246},{"id":283136,"n":"Kinder Surprise  Père Noel x4 - 80g","p":5.37,"u":"67,13 €/KG","img":"https://fd16-photos.leclercdrive.fr/image.ashx?id=2981373&use=l&cat=p&typeid=i","cat":327592},{"id":283138,"n":"Kinder Surprise  Bonhomme de neige x4 - 80g","p":5.37,"u":"67,13 €/KG","img":"https://fd16-photos.leclercdrive.fr/image.ashx?id=2987196&use=l&cat=p&typeid=i","cat":327592},{"id":283154,"n":"Chocolat Kinder Géant Père Noel - 300g","p":6.75,"u":"22,50 €/KG","img":"https://fd16-photos.leclercdrive.fr/image.ashx?id=2981367&use=l&cat=p&typeid=i","cat":327592},{"id":283155,"n":"Chocolat Kinder Géant Bonhomme de neige - 300g","p":6.75,"u":"22,50 €/KG","img":"https://fd16-photos.leclercdrive.fr/image.ashx?id=2998808&use=l&cat=p&typeid=i","cat":327592},{"id":283267,"n":"Recharge de lames Gillette  Skinguard- Peau sensible - x6","p":22.0,"img":"https://fd16-photos.leclercdrive.fr/image.ashx?id=2988698&use=l&cat=p&typeid=i","cat":284616},{"id":283287,"n":"Rasoirs jetables Venus Base Simply Venus 3 - x6","p":8.28,"img":"https://fd16-photos.leclercdrive.fr/image.ashx?id=2988710&use=l&cat=p&typeid=i","cat":325352},{"id":283542,"n":"Œuf Maxi Kinder surprise Playmobil - 100g","p":5.67,"u":"56,70 €/KG","img":"https://fd16-photos.leclercdrive.fr/image.ashx?id=2940516&use=l&cat=p&typeid=i","cat":284958},{"id":283546,"n":"Peluche Kinder Ecureuil - 133g","p":13.94,"u":"104,81 €/KG","img":"https://fd16-photos.leclercdrive.fr/image.ashx?id=2995890&use=l&cat=p&typeid=i","cat":327789},{"id":283547,"n":"Peluche Kinder Dragon - 133g","p":13.94,"u":"104,81 €/KG","img":"https://fd16-photos.leclercdrive.fr/image.ashx?id=2995893&use=l&cat=p&typeid=i","cat":327789},{"id":283554,"n":"Thon en morceaux Eco+ 280g","p":2.09,"u":"7,46 €/KG","img":"https://fd16-photos.leclercdrive.fr/image.ashx?id=2987656&use=l&cat=p&typeid=i","cat":303867},{"id":284087,"n":"Déodorant stick Nivea Men Black & White Invisible - 50ml","p":4.67,"u":"93,40 €/L","img":"https://fd16-photos.leclercdrive.fr/image.ashx?id=2990928&use=l&cat=p&typeid=i","cat":284596},{"id":284126,"n":"Bonbons Tic Tac Acidulé Pomme acidulée x100 - 49g","p":1.96,"u":"40,00 €/KG","img":"https://fd16-photos.leclercdrive.fr/image.ashx?id=2995055&use=l&cat=p&typeid=i","cat":304256},{"id":284287,"n":"Capsules lave-vaisselle Fairy Platinium plus - x88 1.365kg","p":21.93,"u":"16,07 €/KG","img":"https://fd16-photos.leclercdrive.fr/image.ashx?id=2992353&use=l&cat=p&typeid=i","cat":284656},{"id":284288,"n":"Capsules lave-vaisselle Fairy Platinium+ citron - x88 1.365kg","p":21.93,"u":"16,07 €/KG","img":"https://fd16-photos.leclercdrive.fr/image.ashx?id=2992356&use=l&cat=p&typeid=i","cat":284656},{"id":284290,"n":"Capsules lave-vaisselle Fairy Platinium+ citron- x116 1.567kg","p":21.97,"u":"14,02 €/KG","img":"https://fd16-photos.leclercdrive.fr/image.ashx?id=2992359&use=l&cat=p&typeid=i","cat":284656},{"id":284521,"n":"Solution lentilles Primoplast 380ml","p":2.79,"u":"73,42 €/L","img":"https://fd16-photos.leclercdrive.fr/image.ashx?id=3007410&use=l&cat=p&typeid=i","cat":284630},{"id":284524,"n":"Shampooing Le Petit Marseillais Huile de Jojoba Bio - 250ml","p":2.49,"u":"9,96 €/L","img":"https://fd16-photos.leclercdrive.fr/image.ashx?id=2993436&use=l&cat=p&typeid=i","cat":284606},{"id":284527,"n":"Shampoing bébé Démêlant Le Petit Marseillais Pêche 300ml","p":3.52,"u":"11,73 €/L","img":"https://fd16-photos.leclercdrive.fr/image.ashx?id=2993439&use=l&cat=p&typeid=i","cat":284606},{"id":284639,"n":"Gel douche Sanex Protection - 400ml","p":4.12,"u":"10,30 €/L","img":"https://fd16-photos.leclercdrive.fr/image.ashx?id=2997373&use=l&cat=p&typeid=i","cat":284594},{"id":284657,"n":"Gel douche Sanex Derma Care Revitalisant - 425ml","p":5.17,"u":"12,16 €/L","img":"https://fd16-photos.leclercdrive.fr/image.ashx?id=2997367&use=l&cat=p&typeid=i","cat":284594},{"id":284735,"n":"Recharge gel douche Sanex Protection - 450ml","p":4.05,"u":"9,00 €/L","img":"https://fd16-photos.leclercdrive.fr/image.ashx?id=2994581&use=l&cat=p&typeid=i","cat":284594},{"id":284948,"n":"Sac noel Kinder Sac vert \"Oh Oh Oh!\" - 223g","p":8.97,"u":"40,22 €/KG","img":"https://fd16-photos.leclercdrive.fr/image.ashx?id=2995896&use=l&cat=p&typeid=i","cat":327592},{"id":284957,"n":"AOP Bourgogne Chardonnay Vignerons réunis de Vire - 75cl","p":7.85,"u":"10,47 €/L","img":"https://fd16-photos.leclercdrive.fr/image.ashx?id=2995256&use=l&cat=p&typeid=i","cat":289557},{"id":285020,"n":"Bûche signature Eskiss Vanille pistache 480g","p":5.59,"u":"11,65 €/KG","img":"https://fd16-photos.leclercdrive.fr/image.ashx?id=2994912&use=l&cat=p&typeid=i","cat":284266},{"id":285201,"n":"Calendrier de l'avent Justin Bridou - 320g","p":24.99,"u":"78,09 €/KG","img":"https://fd16-photos.leclercdrive.fr/image.ashx?id=2996968&use=l&cat=p&typeid=i","cat":316006},{"id":285419,"n":"Lessive liquide Mir Fraîcheur - 1.35L - x37 lavages","p":8.55,"u":"6,24 €/L","img":"https://fd16-photos.leclercdrive.fr/image.ashx?id=2996614&use=l&cat=p&typeid=i","cat":284640},{"id":285429,"n":"Lessive liquide Dash 2en1 Ambre & orchidée - 1.8L x40","p":14.13,"u":"7,85 €/L","img":"https://fd16-photos.leclercdrive.fr/image.ashx?id=2997319&use=l&cat=p&typeid=i","cat":284640},{"id":285430,"n":"Lessive capsules Dash 2en1 Souffle précieux - 726g","p":14.85,"u":"20,45 €/KG","img":"https://fd16-photos.leclercdrive.fr/image.ashx?id=2997325&use=l&cat=p&typeid=i","cat":284641},{"id":285432,"n":"Lessive capsules Dash 2en1 Jasmin & rose de mai 726g x38","p":15.39,"u":"21,20 €/KG","img":"https://fd16-photos.leclercdrive.fr/image.ashx?id=2997328&use=l&cat=p&typeid=i","cat":284641},{"id":285635,"n":"Shampooing douche Carré Homme Sensitive - 250ml","p":1.15,"u":"4,60 €/L","img":"https://fd16-photos.leclercdrive.fr/image.ashx?id=2997706&use=l&cat=p&typeid=i","cat":284621},{"id":285685,"n":"Eponge grattante Mamison Multi-usages - x9","p":2.6,"img":"https://fd16-photos.leclercdrive.fr/image.ashx?id=2997745&use=l&cat=p&typeid=i","cat":284667},{"id":285687,"n":"Sérum physiologique Mots D'enfants - 500ml","p":2.99,"u":"5,98 €/L","img":"https://fd16-photos.leclercdrive.fr/image.ashx?id=2997748&use=l&cat=p&typeid=i","cat":289435},{"id":285704,"n":"Gel douche Manava Délice gourmand - 250ml","p":1.29,"u":"5,16 €/L","img":"https://fd16-photos.leclercdrive.fr/image.ashx?id=2997844&use=l&cat=p&typeid=i","cat":284594},{"id":285705,"n":"Gel douche Manava Douceur d'hiver - 250ml","p":1.29,"u":"5,16 €/L","img":"https://fd16-photos.leclercdrive.fr/image.ashx?id=2997847&use=l&cat=p&typeid=i","cat":284594},{"id":285942,"n":"Boule de Noël vanille caramel Erhard - 490g","p":11.99,"u":"24,47 €/KG","img":"https://fd16-photos.leclercdrive.fr/image.ashx?id=2998979&use=l&cat=p&typeid=i","cat":284266},{"id":286243,"n":"Bûche glacée Nestlé Chocolat  Blanc vanille caramel 540g","p":6.3,"u":"11,67 €/KG","img":"https://fd16-photos.leclercdrive.fr/image.ashx?id=3000045&use=l&cat=p&typeid=i","cat":284266},{"id":286252,"n":"Bûche glacée Nestlé Signature Chocolat blanc spéculoos 503g","p":7.99,"u":"15,88 €/KG","img":"https://fd16-photos.leclercdrive.fr/image.ashx?id=3000713&use=l&cat=p&typeid=i","cat":284266},{"id":286256,"n":"Bûche glacée Nestlé Signature Passion framboise 491g","p":7.99,"u":"16,27 €/KG","img":"https://fd16-photos.leclercdrive.fr/image.ashx?id=3000701&use=l&cat=p&typeid=i","cat":284266},{"id":286259,"n":"Bûche glacée Nestlé Signature Vanille bourbon caramel 489g","p":7.99,"u":"16,34 €/KG","img":"https://fd16-photos.leclercdrive.fr/image.ashx?id=3000695&use=l&cat=p&typeid=i","cat":284266},{"id":286261,"n":"Bûche glacée Nestlé Signature Façon rocher praline 511g","p":7.99,"u":"15,64 €/KG","img":"https://fd16-photos.leclercdrive.fr/image.ashx?id=3000704&use=l&cat=p&typeid=i","cat":284266},{"id":286273,"n":"Noix de Saint-Jacques  Gimbert Océan - 250g","p":13.68,"u":"54,72 €/KG","img":"https://fd16-photos.leclercdrive.fr/image.ashx?id=3000249&use=l&cat=p&typeid=i","cat":319787},{"id":286306,"n":"Pavés de saumon sauvage  Gimbert Océan 400g","p":13.19,"u":"32,98 €/KG","img":"https://fd16-photos.leclercdrive.fr/image.ashx?id=3008746&use=l&cat=p&typeid=i","cat":319786},{"id":286497,"n":"Biscuit roses de Reims Fossier x6 - 300g","p":4.59,"u":"15,30 €/KG","img":"https://fd16-photos.leclercdrive.fr/image.ashx?id=3002854&use=l&cat=p&typeid=i","cat":284490},{"id":286645,"n":"Chips Lay's Gourmet Wavy herbes - 120g","p":2.25,"u":"18,75 €/KG","img":"https://fd16-photos.leclercdrive.fr/image.ashx?id=3003185&use=l&cat=p&typeid=i","cat":284447},{"id":286649,"n":"Chips Lay's Gourmet Truffe - 120g","p":2.25,"u":"18,75 €/KG","img":"https://fd16-photos.leclercdrive.fr/image.ashx?id=3003179&use=l&cat=p&typeid=i","cat":284447},{"id":286650,"n":"Chips Lay's Gourmet 120g","p":2.25,"u":"18,75 €/KG","img":"https://fd16-photos.leclercdrive.fr/image.ashx?id=3003188&use=l&cat=p&typeid=i","cat":284447},{"id":286651,"n":"Stick dentaire Plénima Petit chien - x8 440g","p":3.65,"u":"8,30 €/KG","img":"https://fd16-photos.leclercdrive.fr/image.ashx?id=3000938&use=l&cat=p&typeid=i","cat":294527},{"id":287558,"n":"Déodorant Axe Supreme black 48h fraîcheur 2x200ml","p":6.97,"pp":4.88,"u":"12,20 €/L","img":"https://fd16-photos.leclercdrive.fr/image.ashx?id=3006202&use=l&cat=p&typeid=i","cat":284618},{"id":287560,"n":"Déodorant Axe Supreme Dark Temptation 2x200ml","p":6.97,"pp":4.88,"u":"12,20 €/L","img":"https://fd16-photos.leclercdrive.fr/image.ashx?id=3006205&use=l&cat=p&typeid=i","cat":284618},{"id":287563,"n":"Déodorant Axe Supreme  Ice Cool 2x200ml","p":6.97,"pp":4.88,"u":"12,20 €/L","img":"https://fd16-photos.leclercdrive.fr/image.ashx?id=3006208&use=l&cat=p&typeid=i","cat":284618},{"id":287564,"n":"Déodorant Axe Supreme Provocation 2x200ml","p":6.97,"pp":4.88,"u":"12,20 €/L","img":"https://fd16-photos.leclercdrive.fr/image.ashx?id=3006211&use=l&cat=p&typeid=i","cat":284618},{"id":287566,"n":"Déodorant Axe Supreme  Apollo 2x200ml","p":6.97,"pp":4.88,"u":"12,20 €/L","img":"https://fd16-photos.leclercdrive.fr/image.ashx?id=3006214&use=l&cat=p&typeid=i","cat":284618},{"id":287632,"n":"Lait fermenté Kéfir Lactel  Citron - 480ml","p":1.95,"u":"4,06 €/L","img":"https://fd16-photos.leclercdrive.fr/image.ashx?id=3008167&use=l&cat=p&typeid=i","cat":285609}]}