{"id":"135601-135601","dt":"2025-12-15","p":[{"id":2,"n":"Haricots verts Notre Jardin Extra fins - 345g","p":2.23,"u":"6,46 €/KG","img":"https://fd13-photos.leclercdrive.fr/image.ashx?id=2988021&use=l&cat=p&typeid=i","cat":312606},{"id":3,"n":"Haricots verts Notre Jardin Très fins - 220g","p":0.86,"u":"3,91 €/KG","img":"https://fd13-photos.leclercdrive.fr/image.ashx?id=2987991&use=l&cat=p&typeid=i","cat":312606},{"id":4,"n":"Haricots verts Notre Jardin Très fins - 440g","p":1.15,"u":"2,61 €/KG","img":"https://fd13-photos.leclercdrive.fr/image.ashx?id=2468822&use=l&cat=p&typeid=i","cat":312606},{"id":5,"n":"Haricots verts Notre Jardin Extra fins - 440g","p":1.2,"u":"2,73 €/KG","img":"https://fd13-photos.leclercdrive.fr/image.ashx?id=2291393&use=l&cat=p&typeid=i","cat":312606},{"id":6,"n":"Haricots verts Notre Jardin Extra fins - 220g","p":0.88,"u":"4,00 €/KG","img":"https://fd13-photos.leclercdrive.fr/image.ashx?id=2371548&use=l&cat=p&typeid=i","cat":312606},{"id":7,"n":"Haricots beurre Notre Jardin Très fins - 220g","p":1.11,"u":"5,05 €/KG","img":"https://fd13-photos.leclercdrive.fr/image.ashx?id=2988027&use=l&cat=p&typeid=i","cat":312606},{"id":8,"n":"Haricots beurre Notre Jardin Très fins - 440g","p":1.55,"u":"3,52 €/KG","img":"https://fd13-photos.leclercdrive.fr/image.ashx?id=2988030&use=l&cat=p&typeid=i","cat":312606},{"id":9,"n":"Petits pois Notre Jardin A l'étuvée - Extra fins - 280g","p":0.9,"u":"3,21 €/KG","img":"https://fd13-photos.leclercdrive.fr/image.ashx?id=2398758&use=l&cat=p&typeid=i","cat":312607},{"id":10,"n":"Petits pois Notre Jardin A l'étuvée - Très fins - 280g","p":0.89,"u":"3,18 €/KG","img":"https://fd13-photos.leclercdrive.fr/image.ashx?id=2987958&use=l&cat=p&typeid=i","cat":312607},{"id":12,"n":"Petits pois carottes extra-fins Notre Jardin à l'étuvée 260g","p":0.99,"u":"3,74 €/KG","img":"https://fd13-photos.leclercdrive.fr/image.ashx?id=2987964&use=l&cat=p&typeid=i","cat":312607},{"id":13,"n":"Petits pois carottes Très fins Notre Jardin -A l'étuvée -530g","p":1.33,"u":"2,51 €/KG","img":"https://fd13-photos.leclercdrive.fr/image.ashx?id=2698156&use=l&cat=p&typeid=i","cat":312607},{"id":14,"n":"Carottes Notre Jardin Extra-fines - 265g","p":0.85,"u":"3,21 €/KG","img":"https://fd13-photos.leclercdrive.fr/image.ashx?id=1993149&use=l&cat=p&typeid=i","cat":312607},{"id":15,"n":"Champignons Paris Notre Jardin Entiers - 230g","p":1.47,"u":"6,39 €/KG","img":"https://fd13-photos.leclercdrive.fr/image.ashx?id=2553890&use=l&cat=p&typeid=i","cat":312610},{"id":16,"n":"Champignons Paris Notre Jardin Pieds et morceaux - 230g","p":1.49,"u":"6,48 €/KG","img":"https://fd13-photos.leclercdrive.fr/image.ashx?id=2553896&use=l&cat=p&typeid=i","cat":312610},{"id":17,"n":"Champignons Paris Notre Jardin Emincés - 230g","p":1.07,"u":"4,65 €/KG","img":"https://fd13-photos.leclercdrive.fr/image.ashx?id=2551960&use=l&cat=p&typeid=i","cat":312610},{"id":19,"n":"Flageolets verts Notre Jardin Extra fins - 265g","p":0.99,"u":"3,74 €/KG","img":"https://fd13-photos.leclercdrive.fr/image.ashx?id=1993161&use=l&cat=p&typeid=i","cat":312606},{"id":20,"n":"Macédoine légumes Notre Jardin 265g","p":0.71,"u":"2,68 €/KG","img":"https://fd13-photos.leclercdrive.fr/image.ashx?id=2375953&use=l&cat=p&typeid=i","cat":312612},{"id":21,"n":"Macédoine légumes Notre Jardin - 530g","p":1.22,"u":"2,30 €/KG","img":"https://fd13-photos.leclercdrive.fr/image.ashx?id=2526276&use=l&cat=p&typeid=i","cat":312612},{"id":22,"n":"Garniture de 4 légumes  Notre Jardin - 510g","p":1.74,"u":"3,41 €/KG","img":"https://fd13-photos.leclercdrive.fr/image.ashx?id=2526279&use=l&cat=p&typeid=i","cat":312612},{"id":26,"n":"Pois chiches Notre Jardin 265g","p":0.75,"u":"2,83 €/KG","img":"https://fd13-photos.leclercdrive.fr/image.ashx?id=2988009&use=l&cat=p&typeid=i","cat":312609},{"id":27,"n":"Lentilles préparées Notre  Jardin - 265g","p":0.66,"u":"2,49 €/KG","img":"https://fd13-photos.leclercdrive.fr/image.ashx?id=2987985&use=l&cat=p&typeid=i","cat":312609},{"id":28,"n":"Lentilles Préparées Notre  Jardin - 530g","p":1.15,"u":"2,17 €/KG","img":"https://fd13-photos.leclercdrive.fr/image.ashx?id=2448965&use=l&cat=p&typeid=i","cat":312609},{"id":29,"n":"Haricots rouges Notre Jardin 250g","p":0.84,"u":"3,36 €/KG","img":"https://fd13-photos.leclercdrive.fr/image.ashx?id=2988024&use=l&cat=p&typeid=i","cat":312606},{"id":30,"n":"Pommes de terre Notre Jardin 530g","p":1.29,"u":"2,43 €/KG","img":"https://fd13-photos.leclercdrive.fr/image.ashx?id=2696250&use=l&cat=p&typeid=i","cat":312612},{"id":36,"n":"Epinards hâchés Notre Jardin 795g","p":1.65,"u":"2,08 €/KG","img":"https://fd13-photos.leclercdrive.fr/image.ashx?id=2468807&use=l&cat=p&typeid=i","cat":312612},{"id":37,"n":"Epinards hâchés Notre Jardin 395g","p":1.09,"u":"2,76 €/KG","img":"https://fd13-photos.leclercdrive.fr/image.ashx?id=2468810&use=l&cat=p&typeid=i","cat":312612},{"id":38,"n":"Epinards branches  Notre Jardin 265g","p":1.15,"u":"4,34 €/KG","img":"https://fd13-photos.leclercdrive.fr/image.ashx?id=2691024&use=l&cat=p&typeid=i","cat":312612},{"id":39,"n":"Epinards branches Notre Jardin 530g","p":1.69,"u":"3,19 €/KG","img":"https://fd13-photos.leclercdrive.fr/image.ashx?id=2398773&use=l&cat=p&typeid=i","cat":312612},{"id":40,"n":"Coeurs de palmiers Notre Jardin Extra tendres - 500g","p":3.99,"u":"7,98 €/KG","img":"https://fd13-photos.leclercdrive.fr/image.ashx?id=2072698&use=l&cat=p&typeid=i","cat":312611},{"id":41,"n":"Choux Bruxelles Notre Jardin 530g","p":1.95,"u":"3,68 €/KG","img":"https://fd13-photos.leclercdrive.fr/image.ashx?id=2072428&use=l&cat=p&typeid=i","cat":312612},{"id":42,"n":"Haricots Mungo Notre Jardin 180g","p":1.0,"u":"5,56 €/KG","img":"https://fd13-photos.leclercdrive.fr/image.ashx?id=2072431&use=l&cat=p&typeid=i","cat":312611},{"id":43,"n":"Asperges blanches miniatures Notre Jardin - 110g","p":1.55,"u":"14,09 €/KG","img":"https://fd13-photos.leclercdrive.fr/image.ashx?id=2049019&use=l&cat=p&typeid=i","cat":312611},{"id":44,"n":"Maïs Notre Jardin Tendre - 285g","p":0.96,"u":"3,37 €/KG","img":"https://fd13-photos.leclercdrive.fr/image.ashx?id=3005658&use=l&cat=p&typeid=i","cat":312611},{"id":47,"n":"Filets de thon Saupiquet Huile d'olive - 115g","p":2.38,"u":"20,70 €/KG","img":"https://fd13-photos.leclercdrive.fr/image.ashx?id=2846373&use=l&cat=p&typeid=i","cat":303867},{"id":50,"n":"Miettes de thon Pêche Océan Huile de tournesol - 160g","p":1.7,"u":"10,63 €/KG","img":"https://fd13-photos.leclercdrive.fr/image.ashx?id=2941369&use=l&cat=p&typeid=i","cat":303867},{"id":51,"n":"Miettes de thon Pêche Océan Tomate - 160g","p":1.13,"u":"7,06 €/KG","img":"https://fd13-photos.leclercdrive.fr/image.ashx?id=2941378&use=l&cat=p&typeid=i","cat":303867},{"id":52,"n":"Miettes de thon Pêche Océan Tomate - 3x80g","p":1.56,"u":"6,50 €/KG","img":"https://fd13-photos.leclercdrive.fr/image.ashx?id=2941363&use=l&cat=p&typeid=i","cat":303867},{"id":58,"n":"Filets maquereaux Pêche Océan Arômates et Muscadet 176g","p":1.46,"u":"8,30 €/KG","img":"https://fd13-photos.leclercdrive.fr/image.ashx?id=2476948&use=l&cat=p&typeid=i","cat":303868},{"id":59,"n":"Maquereaux Pêche Océan Moutarde de Dijon - 169g","p":1.59,"u":"9,41 €/KG","img":"https://fd13-photos.leclercdrive.fr/image.ashx?id=2488350&use=l&cat=p&typeid=i","cat":303868},{"id":67,"n":"Terrine de canard Côté Table 180g","p":1.56,"u":"8,67 €/KG","img":"https://fd13-photos.leclercdrive.fr/image.ashx?id=2436645&use=l&cat=p&typeid=i","cat":305149},{"id":68,"n":"Cassoulet Côté Table Saucisses et saucissons - 420g","p":1.15,"u":"2,74 €/KG","img":"https://fd13-photos.leclercdrive.fr/image.ashx?id=2977099&use=l&cat=p&typeid=i","cat":284440},{"id":72,"n":"Lentilles cuisinées Raynal Et Roquelaure - 820g","p":2.02,"u":"2,46 €/KG","img":"https://fd13-photos.leclercdrive.fr/image.ashx?id=2928393&use=l&cat=p&typeid=i","cat":312609},{"id":74,"n":"Choucroute Côté Table garnie 800g","p":2.79,"u":"3,49 €/KG","img":"https://fd13-photos.leclercdrive.fr/image.ashx?id=2977111&use=l&cat=p&typeid=i","cat":284441},{"id":75,"n":"Choucroute Côté Table garnie 400g","p":1.72,"u":"4,30 €/KG","img":"https://fd13-photos.leclercdrive.fr/image.ashx?id=2977114&use=l&cat=p&typeid=i","cat":284441},{"id":78,"n":"Saucisses lentilles Côté Table 840g","p":1.99,"u":"2,37 €/KG","img":"https://fd13-photos.leclercdrive.fr/image.ashx?id=2977102&use=l&cat=p&typeid=i","cat":284441},{"id":79,"n":"Saucisses lentilles Côté Table 420g","p":1.13,"u":"2,69 €/KG","img":"https://fd13-photos.leclercdrive.fr/image.ashx?id=2977105&use=l&cat=p&typeid=i","cat":284441},{"id":92,"n":"Chips Pom'lisse Nature - 6x30g","p":1.36,"u":"7,56 €/KG","img":"https://fd13-photos.leclercdrive.fr/image.ashx?id=2498593&use=l&cat=p&typeid=i","cat":284447},{"id":97,"n":"Pétales salées Tokapi Soufflés - 75g","p":0.71,"u":"9,47 €/KG","img":"https://fd13-photos.leclercdrive.fr/image.ashx?id=2751874&use=l&cat=p&typeid=i","cat":284449},{"id":104,"n":"Mélange Grillé et salé Tokapi Cacahuètes et noisettes - 120g","p":1.42,"u":"11,83 €/KG","img":"https://fd13-photos.leclercdrive.fr/image.ashx?id=2794100&use=l&cat=p&typeid=i","cat":284448},{"id":105,"n":"Cacahuètes grillées Tokapi Salées - 250g","p":0.85,"u":"3,40 €/KG","img":"https://fd13-photos.leclercdrive.fr/image.ashx?id=2795529&use=l&cat=p&typeid=i","cat":284448},{"id":108,"n":"Noix de cajou grillées Tokapi Salées - 400g","p":4.78,"u":"11,95 €/KG","img":"https://fd13-photos.leclercdrive.fr/image.ashx?id=2793985&use=l&cat=p&typeid=i","cat":284448},{"id":113,"n":"Crackers Tuc Nature Original - 100g","p":0.56,"u":"5,60 €/KG","img":"https://fd13-photos.leclercdrive.fr/image.ashx?id=3002195&use=l&cat=p&typeid=i","cat":297000},{"id":117,"n":"Huile Isio 4 Lesieur 1L","p":3.42,"u":"3,42 €/L","img":"https://fd13-photos.leclercdrive.fr/image.ashx?id=2916018&use=l&cat=p&typeid=i","cat":284453},{"id":118,"n":"Huile d'olive Puget 1L","p":11.91,"u":"11,91 €/L","img":"https://fd13-photos.leclercdrive.fr/image.ashx?id=2917750&use=l&cat=p&typeid=i","cat":284453},{"id":121,"n":"Huile Fleur de colza Lesieur  1L","p":2.78,"u":"2,78 €/L","img":"https://fd13-photos.leclercdrive.fr/image.ashx?id=2916848&use=l&cat=p&typeid=i","cat":284453},{"id":122,"n":"Huile de friture Rustica Sans odeur - 2L","p":4.45,"u":"2,23 €/L","img":"https://fd13-photos.leclercdrive.fr/image.ashx?id=2916662&use=l&cat=p&typeid=i","cat":284453},{"id":123,"n":"Huile végétale  Rustica Mélange 4 huiles  - 1L","p":2.65,"u":"2,65 €/L","img":"https://fd13-photos.leclercdrive.fr/image.ashx?id=2538134&use=l&cat=p&typeid=i","cat":284453},{"id":124,"n":"Huile d'olive Rustica Vierge extra - 1L","p":8.99,"u":"8,99 €/L","img":"https://fd13-photos.leclercdrive.fr/image.ashx?id=2898011&use=l&cat=p&typeid=i","cat":284453},{"id":125,"n":"Huile de tournesol Rustica  1L","p":1.99,"u":"1,99 €/L","img":"https://fd13-photos.leclercdrive.fr/image.ashx?id=2900319&use=l&cat=p&typeid=i","cat":284453},{"id":126,"n":"Huile de tournesol Rustica 3L","p":5.89,"u":"1,96 €/L","img":"https://fd13-photos.leclercdrive.fr/image.ashx?id=2900322&use=l&cat=p&typeid=i","cat":284453},{"id":127,"n":"Huile de colza Rustica  1L","p":1.75,"u":"1,75 €/L","img":"https://fd13-photos.leclercdrive.fr/image.ashx?id=2500797&use=l&cat=p&typeid=i","cat":284453},{"id":128,"n":"Vinaigre de vin Rustica 75cl","p":0.99,"u":"1,32 €/L","img":"https://fd13-photos.leclercdrive.fr/image.ashx?id=1061150&use=l&cat=p&typeid=i","cat":298543},{"id":129,"n":"Vinaigre de cidre Rustica  75cl","p":0.87,"u":"1,16 €/L","img":"https://fd13-photos.leclercdrive.fr/image.ashx?id=2657190&use=l&cat=p&typeid=i","cat":298543},{"id":130,"n":"Vinaigrette Rustica  Moutarde - 50cl","p":0.89,"u":"1,78 €/L","img":"https://fd13-photos.leclercdrive.fr/image.ashx?id=1950144&use=l&cat=p&typeid=i","cat":284456},{"id":131,"n":"Jus de citron Rustica Sicile - 2x125ml - 250ml","p":1.08,"u":"4,32 €/L","img":"https://fd13-photos.leclercdrive.fr/image.ashx?id=2974786&use=l&cat=p&typeid=i","cat":288383},{"id":137,"n":"Gros sel de Camargue NRT Sachet -1kg","p":1.2,"u":"1,20 €/KG","img":"https://fd13-photos.leclercdrive.fr/image.ashx?id=2819956&use=l&cat=p&typeid=i","cat":284457},{"id":147,"n":"Olives vertes Rustica  Dénoyautées - 160g","p":0.92,"u":"5,75 €/KG","img":"https://fd13-photos.leclercdrive.fr/image.ashx?id=2499070&use=l&cat=p&typeid=i","cat":284458},{"id":156,"n":"Moutarde de Dijon Rustica  Fine et forte Verre whisky-280g","p":1.94,"u":"6,93 €/KG","img":"https://fd13-photos.leclercdrive.fr/image.ashx?id=2954337&use=l&cat=p&typeid=i","cat":288850},{"id":157,"n":"Moutarde de Dijon AMORA Fine & Forte - 265g","p":1.49,"u":"5,62 €/KG","img":"https://fd13-photos.leclercdrive.fr/image.ashx?id=3004870&use=l&cat=p&typeid=i","cat":288850},{"id":160,"n":"Mayonnaise Lesieur Huile de colza - 175g","p":0.78,"u":"4,46 €/KG","img":"https://fd13-photos.leclercdrive.fr/image.ashx?id=2917702&use=l&cat=p&typeid=i","cat":298295},{"id":169,"n":"Sauce Pesto Panzani Basilic - 200g","p":1.64,"u":"8,20 €/KG","img":"https://fd13-photos.leclercdrive.fr/image.ashx?id=2989093&use=l&cat=p&typeid=i","cat":287599},{"id":172,"n":"Purée de tomates Turini 720ml","p":1.43,"u":"1,99 €/L","img":"https://fd13-photos.leclercdrive.fr/image.ashx?id=2680539&use=l&cat=p&typeid=i","cat":288384},{"id":173,"n":"Pulpe de tomate Notre Jardin En dés - 3x383g","p":2.06,"u":"1,81 €/KG","img":"https://fd13-photos.leclercdrive.fr/image.ashx?id=2826918&use=l&cat=p&typeid=i","cat":288384},{"id":175,"n":"Sauce bolognaise Turini 420g","p":1.45,"u":"3,45 €/KG","img":"https://fd13-photos.leclercdrive.fr/image.ashx?id=2634860&use=l&cat=p&typeid=i","cat":287599},{"id":177,"n":"Sauce Tomate Turini 2x190g","p":1.39,"u":"3,66 €/KG","img":"https://fd13-photos.leclercdrive.fr/image.ashx?id=2668117&use=l&cat=p&typeid=i","cat":288384},{"id":178,"n":"Sauce Napolitaine Turini 420g","p":0.88,"u":"2,10 €/KG","img":"https://fd13-photos.leclercdrive.fr/image.ashx?id=2441893&use=l&cat=p&typeid=i","cat":287599},{"id":185,"n":"Pâtes Barilla Pipe Rigate - 500g","p":0.99,"u":"1,98 €/KG","img":"https://fd13-photos.leclercdrive.fr/image.ashx?id=2392209&use=l&cat=p&typeid=i","cat":284427},{"id":186,"n":"Pâtes Barilla Penne rigate - 500g","p":0.99,"u":"1,98 €/KG","img":"https://fd13-photos.leclercdrive.fr/image.ashx?id=2392203&use=l&cat=p&typeid=i","cat":284427},{"id":187,"n":"Pâtes Barilla Fusilli - 500g","p":1.02,"u":"2,04 €/KG","img":"https://fd13-photos.leclercdrive.fr/image.ashx?id=2392212&use=l&cat=p&typeid=i","cat":284427},{"id":190,"n":"Pâtes Barilla piccolini Mini penne rigate - 500g","p":1.11,"u":"2,22 €/KG","img":"https://fd13-photos.leclercdrive.fr/image.ashx?id=2737588&use=l&cat=p&typeid=i","cat":284427},{"id":191,"n":"Pâtes Collezione Barilla Lasagne aux œufs - 500g","p":2.0,"u":"4,00 €/KG","img":"https://fd13-photos.leclercdrive.fr/image.ashx?id=2990997&use=l&cat=p&typeid=i","cat":284427},{"id":192,"n":"Pâtes Barilla Penne rigate - 1kg","p":1.92,"u":"1,92 €/KG","img":"https://fd13-photos.leclercdrive.fr/image.ashx?id=2392191&use=l&cat=p&typeid=i","cat":284427},{"id":193,"n":"Pâtes vermicelles Panzani  500g","p":1.24,"u":"2,48 €/KG","img":"https://fd13-photos.leclercdrive.fr/image.ashx?id=2896072&use=l&cat=p&typeid=i","cat":284427},{"id":194,"n":"Pâtes Coquillettes Panzani 500g","p":0.91,"u":"1,82 €/KG","img":"https://fd13-photos.leclercdrive.fr/image.ashx?id=2870200&use=l&cat=p&typeid=i","cat":284427},{"id":195,"n":"Pâtes macaroni Panzani 500g","p":0.97,"u":"1,94 €/KG","img":"https://fd13-photos.leclercdrive.fr/image.ashx?id=2884297&use=l&cat=p&typeid=i","cat":284427},{"id":196,"n":"Pâtes nouilles fines Panzani 500g","p":1.11,"u":"2,22 €/KG","img":"https://fd13-photos.leclercdrive.fr/image.ashx?id=2876005&use=l&cat=p&typeid=i","cat":284427},{"id":197,"n":"Pâtes Torti Panzani 500g","p":0.78,"u":"1,56 €/KG","img":"https://fd13-photos.leclercdrive.fr/image.ashx?id=2869552&use=l&cat=p&typeid=i","cat":284427},{"id":198,"n":"Pâtes Spaghetti Panzani 500g","p":0.87,"u":"1,74 €/KG","img":"https://fd13-photos.leclercdrive.fr/image.ashx?id=2876023&use=l&cat=p&typeid=i","cat":284427},{"id":199,"n":"Pâtes Tagliatelle Panzani Créatives - 500G","p":1.5,"u":"3,00 €/KG","img":"https://fd13-photos.leclercdrive.fr/image.ashx?id=2902936&use=l&cat=p&typeid=i","cat":284427},{"id":200,"n":"Pâtes lasagnes Turini  500g","p":1.29,"u":"2,58 €/KG","img":"https://fd13-photos.leclercdrive.fr/image.ashx?id=2980779&use=l&cat=p&typeid=i","cat":284427},{"id":203,"n":"Pâtes Torsades Turini 500g","p":0.65,"u":"1,30 €/KG","img":"https://fd13-photos.leclercdrive.fr/image.ashx?id=2980420&use=l&cat=p&typeid=i","cat":284427},{"id":204,"n":"Pâtes Coquillettes Turini 500g","p":0.75,"u":"1,50 €/KG","img":"https://fd13-photos.leclercdrive.fr/image.ashx?id=2980402&use=l&cat=p&typeid=i","cat":284427},{"id":205,"n":"Pâtes Macaroni Turini 500g","p":0.75,"u":"1,50 €/KG","img":"https://fd13-photos.leclercdrive.fr/image.ashx?id=2980411&use=l&cat=p&typeid=i","cat":284427},{"id":206,"n":"Spaghetti Turini 500g","p":0.69,"u":"1,38 €/KG","img":"https://fd13-photos.leclercdrive.fr/image.ashx?id=2664328&use=l&cat=p&typeid=i","cat":284427},{"id":208,"n":"Pâtes gansettes Turini 500g","p":0.98,"u":"1,96 €/KG","img":"https://fd13-photos.leclercdrive.fr/image.ashx?id=2607422&use=l&cat=p&typeid=i","cat":284427},{"id":210,"n":"Pâtes cheveux d'anges Turini 500g","p":0.85,"u":"1,70 €/KG","img":"https://fd13-photos.leclercdrive.fr/image.ashx?id=2669690&use=l&cat=p&typeid=i","cat":284427},{"id":211,"n":"Pâtes Tagliatelles Turini 500g","p":1.29,"u":"2,58 €/KG","img":"https://fd13-photos.leclercdrive.fr/image.ashx?id=2669693&use=l&cat=p&typeid=i","cat":284427},{"id":217,"n":"Riz Thaï Comptoir du Grain Sélection Riz long - 1kg","p":2.2,"u":"2,20 €/KG","img":"https://fd13-photos.leclercdrive.fr/image.ashx?id=2657084&use=l&cat=p&typeid=i","cat":284428},{"id":218,"n":"Riz Basmati Comptoir du Grain Sélection Riz long - 1kg","p":2.55,"u":"2,55 €/KG","img":"https://fd13-photos.leclercdrive.fr/image.ashx?id=2549373&use=l&cat=p&typeid=i","cat":284428},{"id":219,"n":"Riz long Comptoir du Grain Sachet cuisson rapide x5 - 1kg","p":1.74,"u":"1,74 €/KG","img":"https://fd13-photos.leclercdrive.fr/image.ashx?id=1759876&use=l&cat=p&typeid=i","cat":284428},{"id":220,"n":"Couscous moyen Regia 1kg","p":1.99,"u":"1,99 €/KG","img":"https://fd13-photos.leclercdrive.fr/image.ashx?id=2874856&use=l&cat=p&typeid=i","cat":284429},{"id":221,"n":"Couscous Ferrero fin Graine nature - 1kg","p":2.7,"u":"2,70 €/KG","img":"https://fd13-photos.leclercdrive.fr/image.ashx?id=2862215&use=l&cat=p&typeid=i","cat":284429},{"id":224,"n":"Purée pomme de terre Pom'lisse Nature - 4x125g - 500g","p":1.85,"u":"3,70 €/KG","img":"https://fd13-photos.leclercdrive.fr/image.ashx?id=2929861&use=l&cat=p&typeid=i","cat":284431},{"id":225,"n":"Couscous Comptoir du Grain Grain moyen - 1kg","p":1.44,"u":"1,44 €/KG","img":"https://fd13-photos.leclercdrive.fr/image.ashx?id=3012794&use=l&cat=p&typeid=i","cat":284429},{"id":229,"n":"Blé précuit Comptoir du Grain Cuisson rapide 10 min - 500g","p":1.54,"u":"3,08 €/KG","img":"https://fd13-photos.leclercdrive.fr/image.ashx?id=3012818&use=l&cat=p&typeid=i","cat":284429},{"id":230,"n":"Pois cassés Notre Jardin 500g","p":1.05,"u":"2,10 €/KG","img":"https://fd13-photos.leclercdrive.fr/image.ashx?id=2141079&use=l&cat=p&typeid=i","cat":284430},{"id":231,"n":"Lentilles vertes Notre Jardin 500g","p":1.63,"u":"3,26 €/KG","img":"https://fd13-photos.leclercdrive.fr/image.ashx?id=2049010&use=l&cat=p&typeid=i","cat":284430},{"id":238,"n":"Soupe Velouté Régal Soupe Tomates - 1L","p":1.09,"u":"1,09 €/L","img":"https://fd13-photos.leclercdrive.fr/image.ashx?id=2800234&use=l&cat=p&typeid=i","cat":284462},{"id":239,"n":"Soupe Velouté Régal Soupe 10 légumes - 1L","p":1.19,"u":"1,19 €/L","img":"https://fd13-photos.leclercdrive.fr/image.ashx?id=2983781&use=l&cat=p&typeid=i","cat":284462},{"id":240,"n":"Soupe Régal Soupe Poireaux Pommes de terre - 1L","p":1.19,"u":"1,19 €/L","img":"https://fd13-photos.leclercdrive.fr/image.ashx?id=2607356&use=l&cat=p&typeid=i","cat":284462},{"id":241,"n":"Soupe Mouliné Régal Soupe 10 légumes variés - 1L","p":1.08,"u":"1,08 €/L","img":"https://fd13-photos.leclercdrive.fr/image.ashx?id=2607353&use=l&cat=p&typeid=i","cat":284462},{"id":242,"n":"Soupe Velouté Régal Soupe Potiron - 1L","p":1.35,"u":"1,35 €/L","img":"https://fd13-photos.leclercdrive.fr/image.ashx?id=2983787&use=l&cat=p&typeid=i","cat":284462},{"id":255,"n":"Arôme Saveur Maggi 250g","p":1.79,"u":"7,16 €/KG","img":"https://fd13-photos.leclercdrive.fr/image.ashx?id=2671960&use=l&cat=p&typeid=i","cat":288379},{"id":259,"n":"Assaisonnement Liquide KNORR Viandox - 160ml","p":1.46,"pp":1.02,"u":"6,38 €/L","img":"https://fd13-photos.leclercdrive.fr/image.ashx?id=2705215&use=l&cat=p&typeid=i","cat":288383},{"id":267,"n":"Biscuits Petit Ecolier LU Chocolat au lait - 120g","p":2.06,"u":"17,17 €/KG","img":"https://fd13-photos.leclercdrive.fr/image.ashx?id=3014404&use=l&cat=p&typeid=i","cat":284488},{"id":270,"n":"Biscuits Petit Ecolier LU Chocolat noir - 150g","p":1.72,"u":"11,47 €/KG","img":"https://fd13-photos.leclercdrive.fr/image.ashx?id=2944359&use=l&cat=p&typeid=i","cat":284488},{"id":274,"n":"Biscuits Pocket Prince Chocolat - 400g","p":2.2,"u":"5,50 €/KG","img":"https://fd13-photos.leclercdrive.fr/image.ashx?id=3002207&use=l&cat=p&typeid=i","cat":284488},{"id":278,"n":"Biscuits La Barquette Lulu LU Chocolat noisettes - 2x120g","p":1.98,"u":"8,25 €/KG","img":"https://fd13-photos.leclercdrive.fr/image.ashx?id=2135740&use=l&cat=p&typeid=i","cat":284488},{"id":280,"n":"Biscuits Petits cœurs LU Chocolat - 180g","p":2.26,"u":"12,56 €/KG","img":"https://fd13-photos.leclercdrive.fr/image.ashx?id=3002024&use=l&cat=p&typeid=i","cat":284488},{"id":281,"n":"Gâteaux moelleux Lulu LU Coqueline Chocolat - 165g","p":1.59,"u":"9,64 €/KG","img":"https://fd13-photos.leclercdrive.fr/image.ashx?id=3001946&use=l&cat=p&typeid=i","cat":284495},{"id":283,"n":"Biscuit Petit beurre P'tit Déli Chocolat au lait pocket - 250g","p":2.25,"u":"9,00 €/KG","img":"https://fd13-photos.leclercdrive.fr/image.ashx?id=2919589&use=l&cat=p&typeid=i","cat":284488},{"id":284,"n":"Biscuits P'tit Déli ronds Chocolat lait 200g","p":1.22,"u":"6,10 €/KG","img":"https://fd13-photos.leclercdrive.fr/image.ashx?id=2884210&use=l&cat=p&typeid=i","cat":284488},{"id":286,"n":"Biscuits barquette P'tit Déli Chocolat et noisette x18 - 120g","p":0.89,"u":"7,42 €/KG","img":"https://fd13-photos.leclercdrive.fr/image.ashx?id=2705065&use=l&cat=p&typeid=i","cat":284488},{"id":288,"n":"Gaufrettes P'tit Déli  Enrobées chocolat 150g","p":1.59,"u":"10,60 €/KG","img":"https://fd13-photos.leclercdrive.fr/image.ashx?id=2965416&use=l&cat=p&typeid=i","cat":284488},{"id":289,"n":"Mini goûters P'tit Déli Chocolat 168g","p":1.37,"u":"8,15 €/KG","img":"https://fd13-photos.leclercdrive.fr/image.ashx?id=2321941&use=l&cat=p&typeid=i","cat":284488},{"id":290,"n":"Biscuits P'tit Déli Bâtonnets Chocolat 150g","p":1.19,"u":"7,93 €/KG","img":"https://fd13-photos.leclercdrive.fr/image.ashx?id=2470189&use=l&cat=p&typeid=i","cat":284488},{"id":291,"n":"Goûter Moelleux P'tit Déli  Lait et cacao x10 420g","p":2.81,"u":"6,69 €/KG","img":"https://fd13-photos.leclercdrive.fr/image.ashx?id=2610684&use=l&cat=p&typeid=i","cat":284495},{"id":292,"n":"Biscuits fourrés P'tit Déli Coeur fondant chocolat - 225g","p":1.24,"u":"5,51 €/KG","img":"https://fd13-photos.leclercdrive.fr/image.ashx?id=2932393&use=l&cat=p&typeid=i","cat":284488},{"id":296,"n":"Biscuits La Barquette Lulu LU Fraise - 2x120g","p":1.98,"u":"8,25 €/KG","img":"https://fd13-photos.leclercdrive.fr/image.ashx?id=3001952&use=l&cat=p&typeid=i","cat":284489},{"id":297,"n":"Biscuits La Barquette Lulu LU Framboise - 2x120g","p":2.01,"u":"16,75 €/KG","img":"https://fd13-photos.leclercdrive.fr/image.ashx?id=2904631&use=l&cat=p&typeid=i","cat":284489},{"id":298,"n":"Gâteaux moelleux Lulu LU Coqueline Fraise - 165g","p":1.34,"u":"8,12 €/KG","img":"https://fd13-photos.leclercdrive.fr/image.ashx?id=2977252&use=l&cat=p&typeid=i","cat":284495},{"id":304,"n":"Génoises fourrées P'tit Déli - 150g","p":1.38,"u":"9,20 €/KG","img":"https://fd13-photos.leclercdrive.fr/image.ashx?id=2470192&use=l&cat=p&typeid=i","cat":284489},{"id":310,"n":"Biscuits boudoirs P'tit Déli Aux oeufs - 175g","p":1.38,"u":"7,89 €/KG","img":"https://fd13-photos.leclercdrive.fr/image.ashx?id=1947342&use=l&cat=p&typeid=i","cat":284487},{"id":313,"n":"Biscuits palmiers P'tit Déli 100g","p":0.59,"u":"5,90 €/KG","img":"https://fd13-photos.leclercdrive.fr/image.ashx?id=2940896&use=l&cat=p&typeid=i","cat":284487},{"id":314,"n":"Biscuits langue chat P'tit Déli 200g","p":1.28,"u":"6,40 €/KG","img":"https://fd13-photos.leclercdrive.fr/image.ashx?id=1875827&use=l&cat=p&typeid=i","cat":284487},{"id":315,"n":"Biscuits cigarettes P'tit Déli Fines 180g","p":0.94,"u":"5,22 €/KG","img":"https://fd13-photos.leclercdrive.fr/image.ashx?id=2907039&use=l&cat=p&typeid=i","cat":284487},{"id":316,"n":"Palets bretons P'tit Déli 125g","p":0.97,"u":"7,76 €/KG","img":"https://fd13-photos.leclercdrive.fr/image.ashx?id=2809650&use=l&cat=p&typeid=i","cat":284487},{"id":321,"n":"Cake fruits Brossard 500g","p":4.05,"u":"8,10 €/KG","img":"https://fd13-photos.leclercdrive.fr/image.ashx?id=2983105&use=l&cat=p&typeid=i","cat":284493},{"id":322,"n":"Cake anglais Brossard 400g","p":2.8,"u":"7,00 €/KG","img":"https://fd13-photos.leclercdrive.fr/image.ashx?id=2456795&use=l&cat=p&typeid=i","cat":284493},{"id":323,"n":"Gâteaux Mini roulés Pépito Chocolat - 150g","p":1.71,"u":"11,40 €/KG","img":"https://fd13-photos.leclercdrive.fr/image.ashx?id=2331898&use=l&cat=p&typeid=i","cat":284495},{"id":325,"n":"Galettes Bretonnes P'tit Déli Pur beurre - 125g","p":0.73,"u":"5,84 €/KG","img":"https://fd13-photos.leclercdrive.fr/image.ashx?id=2847943&use=l&cat=p&typeid=i","cat":284487},{"id":327,"n":"Biscuits P'tit Déli Cookies Chocolat nougatine 200g","p":1.35,"u":"6,75 €/KG","img":"https://fd13-photos.leclercdrive.fr/image.ashx?id=2900022&use=l&cat=p&typeid=i","cat":325066},{"id":328,"n":"Biscuits Cookies P'tit Déli Chocolat pépite chocolat - 200g","p":1.35,"u":"6,75 €/KG","img":"https://fd13-photos.leclercdrive.fr/image.ashx?id=2900025&use=l&cat=p&typeid=i","cat":325066},{"id":329,"n":"Biscuits Bastogne LU Originale - 260g","p":1.5,"u":"5,77 €/KG","img":"https://fd13-photos.leclercdrive.fr/image.ashx?id=2346765&use=l&cat=p&typeid=i","cat":284487},{"id":332,"n":"Biscuits petit déjeuner Belvita Céréales & Lait - 400g","p":2.67,"u":"6,68 €/KG","img":"https://fd13-photos.leclercdrive.fr/image.ashx?id=2959841&use=l&cat=p&typeid=i","cat":284491},{"id":345,"n":"Pain de mie Harrys - Nature Longue conservation - 250g","p":0.79,"u":"3,16 €/KG","img":"https://fd13-photos.leclercdrive.fr/image.ashx?id=2507976&use=l&cat=p&typeid=i","cat":284477},{"id":349,"n":"Pain de mie nature Epi d'Or Classique - 500g","p":1.19,"u":"2,38 €/KG","img":"https://fd13-photos.leclercdrive.fr/image.ashx?id=2615582&use=l&cat=p&typeid=i","cat":284477},{"id":350,"n":"Pain de mie nature Epi d'Or Grandes tranches - 550g","p":1.09,"u":"1,98 €/KG","img":"https://fd13-photos.leclercdrive.fr/image.ashx?id=2860700&use=l&cat=p&typeid=i","cat":284477},{"id":352,"n":"Pain de mie nature Epi d'Or  Extra-moelleux - 500g","p":0.95,"u":"1,90 €/KG","img":"https://fd13-photos.leclercdrive.fr/image.ashx?id=2860697&use=l&cat=p&typeid=i","cat":284477},{"id":360,"n":"Pains au lait Epi d'Or Pépites chocolat - 350g","p":2.29,"u":"6,54 €/KG","img":"https://fd13-photos.leclercdrive.fr/image.ashx?id=2867895&use=l&cat=p&typeid=i","cat":293505},{"id":361,"n":"Brioche tranchée Epi d'Or Nature - 500g","p":1.65,"u":"3,30 €/KG","img":"https://fd13-photos.leclercdrive.fr/image.ashx?id=2860694&use=l&cat=p&typeid=i","cat":284478},{"id":362,"n":"Briochettes Epi d'Or Nature x12 - 480g","p":1.49,"u":"3,10 €/KG","img":"https://fd13-photos.leclercdrive.fr/image.ashx?id=2860709&use=l&cat=p&typeid=i","cat":284478},{"id":363,"n":"Pains au lait Epi d'Or x10 - 350g","p":1.19,"u":"3,40 €/KG","img":"https://fd13-photos.leclercdrive.fr/image.ashx?id=2860688&use=l&cat=p&typeid=i","cat":293505},{"id":364,"n":"Pains au chocolat Epi d'Or x8 - 360g","p":1.89,"u":"5,25 €/KG","img":"https://fd13-photos.leclercdrive.fr/image.ashx?id=2860691&use=l&cat=p&typeid=i","cat":296366},{"id":367,"n":"Barre patissière P'tit Déli 800g","p":2.2,"u":"2,75 €/KG","img":"https://fd13-photos.leclercdrive.fr/image.ashx?id=2074379&use=l&cat=p&typeid=i","cat":294776},{"id":368,"n":"Madeleine P'tit Déli coquilles Sachet 1kg","p":3.4,"u":"3,40 €/KG","img":"https://fd13-photos.leclercdrive.fr/image.ashx?id=2999493&use=l&cat=p&typeid=i","cat":284492},{"id":369,"n":"Marbré P'tit Déli 300g","p":1.89,"u":"6,30 €/KG","img":"https://fd13-photos.leclercdrive.fr/image.ashx?id=2562698&use=l&cat=p&typeid=i","cat":294776},{"id":373,"n":"Biscottes Plaine Vie Heudebert  Sans sel - 300g","p":1.61,"u":"5,37 €/KG","img":"https://fd13-photos.leclercdrive.fr/image.ashx?id=2870572&use=l&cat=p&typeid=i","cat":284479},{"id":375,"n":"Biscottes fourrées Cracotte LU  Framboise - 200g","p":1.53,"u":"7,65 €/KG","img":"https://fd13-photos.leclercdrive.fr/image.ashx?id=2873844&use=l&cat=p&typeid=i","cat":284479},{"id":376,"n":"Biscottes Cracotte LU  Froment - 250g","p":1.47,"u":"5,88 €/KG","img":"https://fd13-photos.leclercdrive.fr/image.ashx?id=3002006&use=l&cat=p&typeid=i","cat":284479},{"id":377,"n":"Biscottes Cracotte LU Gourmande - 250g","p":1.59,"u":"6,36 €/KG","img":"https://fd13-photos.leclercdrive.fr/image.ashx?id=3002009&use=l&cat=p&typeid=i","cat":284479},{"id":378,"n":"Biscottes Cracotte LU  Céréales complètes - 250g","p":1.59,"u":"6,36 €/KG","img":"https://fd13-photos.leclercdrive.fr/image.ashx?id=3002012&use=l&cat=p&typeid=i","cat":284479},{"id":379,"n":"Biscottes fourrées Cracotte Lu Chocolat - 200g","p":1.57,"u":"7,85 €/KG","img":"https://fd13-photos.leclercdrive.fr/image.ashx?id=2849704&use=l&cat=p&typeid=i","cat":284479},{"id":382,"n":"Biscottes Epi d'Or 6 céréales x36 - 300g","p":1.22,"u":"4,07 €/KG","img":"https://fd13-photos.leclercdrive.fr/image.ashx?id=2532832&use=l&cat=p&typeid=i","cat":284479},{"id":384,"n":"Biscottes Epi d'Or froment x36 - 300g","p":1.37,"u":"4,57 €/KG","img":"https://fd13-photos.leclercdrive.fr/image.ashx?id=2634854&use=l&cat=p&typeid=i","cat":284479},{"id":388,"n":"Tartines craquantes Epi d'Or  Froment - 250g","p":1.05,"u":"4,20 €/KG","img":"https://fd13-photos.leclercdrive.fr/image.ashx?id=2856121&use=l&cat=p&typeid=i","cat":284479},{"id":399,"n":"Café moulu Plantation Intense et aromatique - 2x250g","p":6.8,"u":"13,60 €/KG","img":"https://fd13-photos.leclercdrive.fr/image.ashx?id=2607398&use=l&cat=p&typeid=i","cat":284750},{"id":401,"n":"Café moulu Plantation  Brésil - 2x250g","p":7.19,"u":"14,38 €/KG","img":"https://fd13-photos.leclercdrive.fr/image.ashx?id=2824247&use=l&cat=p&typeid=i","cat":284750},{"id":402,"n":"Café moulu Plantation  Tradition - 4x250g","p":9.62,"u":"9,62 €/KG","img":"https://fd13-photos.leclercdrive.fr/image.ashx?id=2856408&use=l&cat=p&typeid=i","cat":284750},{"id":405,"n":"Café Soluble Nescafé Spécial Filtre Original - 200g","p":7.9,"u":"39,50 €/KG","img":"https://fd13-photos.leclercdrive.fr/image.ashx?id=2837154&use=l&cat=p&typeid=i","cat":284843},{"id":406,"n":"Café soluble Nescafé Capuccino - x10 - 140g","p":2.83,"u":"20,21 €/KG","img":"https://fd13-photos.leclercdrive.fr/image.ashx?id=2729929&use=l&cat=p&typeid=i","cat":284843},{"id":407,"n":"Café et Chicorée Soluble Ricoré Lait - 400g","p":6.1,"u":"15,25 €/KG","img":"https://fd13-photos.leclercdrive.fr/image.ashx?id=2979617&use=l&cat=p&typeid=i","cat":284843},{"id":435,"n":"Infusion Tiséa Tilleul Menthe - x25","p":1.05,"u":"26,25 €/KG","img":"https://fd13-photos.leclercdrive.fr/image.ashx?id=2481748&use=l&cat=p&typeid=i","cat":293234},{"id":436,"n":"Infusion Tiséa Verveine - x25","p":0.92,"u":"23,00 €/KG","img":"https://fd13-photos.leclercdrive.fr/image.ashx?id=2441099&use=l&cat=p&typeid=i","cat":293234},{"id":444,"n":"Lait en poudre Régilait Demi écrémé - 300g","p":2.43,"u":"8,10 €/KG","img":"https://fd13-photos.leclercdrive.fr/image.ashx?id=2110077&use=l&cat=p&typeid=i","cat":299162},{"id":445,"n":"Lait concentré Régilait 4x170g","p":3.03,"u":"4,46 €/KG","img":"https://fd13-photos.leclercdrive.fr/image.ashx?id=2645474&use=l&cat=p&typeid=i","cat":299162},{"id":446,"n":"Lait en poudre Délisse Ecrémé - 300g","p":2.1,"u":"7,00 €/KG","img":"https://fd13-photos.leclercdrive.fr/image.ashx?id=2545467&use=l&cat=p&typeid=i","cat":299162},{"id":451,"n":"Confiture Bonne Maman Abricots - 370g","p":1.64,"u":"4,43 €/KG","img":"https://fd13-photos.leclercdrive.fr/image.ashx?id=3001275&use=l&cat=p&typeid=i","cat":284480},{"id":452,"n":"Confiture Bonne Maman Mûres 370g","p":2.56,"u":"6,92 €/KG","img":"https://fd13-photos.leclercdrive.fr/image.ashx?id=2348379&use=l&cat=p&typeid=i","cat":284480},{"id":453,"n":"Confiture extra figues NRT De Provence - 315g","p":2.6,"u":"8,25 €/KG","img":"https://fd13-photos.leclercdrive.fr/image.ashx?id=2699801&use=l&cat=p&typeid=i","cat":284480},{"id":456,"n":"Céréales Golden Grahams Nestlé 375g","p":2.15,"u":"5,73 €/KG","img":"https://fd13-photos.leclercdrive.fr/image.ashx?id=2979830&use=l&cat=p&typeid=i","cat":309513},{"id":459,"n":"Céréales All-Bran Kellogg's Fibre plus - 500g","p":2.95,"u":"5,90 €/KG","img":"https://fd13-photos.leclercdrive.fr/image.ashx?id=2643893&use=l&cat=p&typeid=i","cat":309512},{"id":473,"n":"Céréales Lion Nestlé Caramel et Chocolat - 400g","p":2.62,"u":"6,55 €/KG","img":"https://fd13-photos.leclercdrive.fr/image.ashx?id=2927453&use=l&cat=p&typeid=i","cat":309513},{"id":474,"n":"Céréales Cookie Crisp Nestlé 375g","p":2.43,"u":"6,48 €/KG","img":"https://fd13-photos.leclercdrive.fr/image.ashx?id=2926443&use=l&cat=p&typeid=i","cat":309513},{"id":475,"n":"Céréales Chokella Nestlé Choco Noisette - 350g","p":2.35,"u":"6,71 €/KG","img":"https://fd13-photos.leclercdrive.fr/image.ashx?id=2844766&use=l&cat=p&typeid=i","cat":309513},{"id":491,"n":"Levure boulangère Francine 30g","p":1.16,"u":"38,67 €/KG","img":"https://fd13-photos.leclercdrive.fr/image.ashx?id=2210083&use=l&cat=p&typeid=i","cat":294686},{"id":492,"n":"Farine fluide Tablier Blanc Sans grumeaux - 1kg","p":0.85,"u":"0,85 €/KG","img":"https://fd13-photos.leclercdrive.fr/image.ashx?id=2832631&use=l&cat=p&typeid=i","cat":284503},{"id":494,"n":"Levure boulangère Alsa Briochin - x5 - 27.5g","p":0.81,"u":"28,93 €/KG","img":"https://fd13-photos.leclercdrive.fr/image.ashx?id=3007906&use=l&cat=p&typeid=i","cat":294686},{"id":495,"n":"Sucre vanilliné Tablier Blanc x10 - 75g","p":0.73,"u":"9,73 €/KG","img":"https://fd13-photos.leclercdrive.fr/image.ashx?id=2487434&use=l&cat=p&typeid=i","cat":284504},{"id":496,"n":"Sucre Vanillé des Isles Alsa x7 - 52.5g","p":2.41,"u":"46,35 €/KG","img":"https://fd13-photos.leclercdrive.fr/image.ashx?id=2965867&use=l&cat=p&typeid=i","cat":294686},{"id":497,"n":"Sucre Vanillé Alsa x12 - 90g","p":2.02,"u":"22,44 €/KG","img":"https://fd13-photos.leclercdrive.fr/image.ashx?id=3004459&use=l&cat=p&typeid=i","cat":294686},{"id":528,"n":"Bonbons Copains Copines Cola acide - 275 g","p":1.53,"u":"5,56 €/KG","img":"https://fd13-photos.leclercdrive.fr/image.ashx?id=2934658&use=l&cat=p&typeid=i","cat":304250},{"id":529,"n":"Bonbons Copains Copines Chocours 200g","p":1.25,"u":"6,25 €/KG","img":"https://fd13-photos.leclercdrive.fr/image.ashx?id=2934649&use=l&cat=p&typeid=i","cat":304250},{"id":546,"n":"Eau minérale naturelle Des Alpes - 6x50cl","p":1.98,"u":"0,66 €/L","img":"https://fd13-photos.leclercdrive.fr/image.ashx?id=2423499&use=l&cat=p&typeid=i","cat":284535},{"id":547,"n":"Eau de source de Montagne 5L","p":0.86,"u":"0,17 €/L","img":"https://fd13-photos.leclercdrive.fr/image.ashx?id=2699420&use=l&cat=p&typeid=i","cat":284535},{"id":591,"n":"Sirop Frucci Citron - 75cl","p":1.69,"u":"2,25 €/L","img":"https://fd13-photos.leclercdrive.fr/image.ashx?id=2842214&use=l&cat=p&typeid=i","cat":295020},{"id":592,"n":"Sirop Frucci Grenadine - 75cl","p":1.99,"u":"2,65 €/L","img":"https://fd13-photos.leclercdrive.fr/image.ashx?id=2842220&use=l&cat=p&typeid=i","cat":295020},{"id":593,"n":"Sirop Frucci Pêche - 75cl","p":2.39,"u":"3,19 €/L","img":"https://fd13-photos.leclercdrive.fr/image.ashx?id=2842226&use=l&cat=p&typeid=i","cat":295020},{"id":594,"n":"Sirop Frucci Framboise - 75cl","p":3.52,"u":"4,69 €/L","img":"https://fd13-photos.leclercdrive.fr/image.ashx?id=2909867&use=l&cat=p&typeid=i","cat":295020},{"id":595,"n":"Sirop Frucci Fraise - 75cl","p":2.69,"u":"3,59 €/L","img":"https://fd13-photos.leclercdrive.fr/image.ashx?id=2842232&use=l&cat=p&typeid=i","cat":295020},{"id":596,"n":"Sirop Frucci Cassis - 75cl","p":2.93,"u":"3,91 €/L","img":"https://fd13-photos.leclercdrive.fr/image.ashx?id=2842238&use=l&cat=p&typeid=i","cat":295020},{"id":598,"n":"100% Pur jus de tomate Jafaden bouteille plastique -1L","p":2.05,"u":"2,05 €/L","img":"https://fd13-photos.leclercdrive.fr/image.ashx?id=2955647&use=l&cat=p&typeid=i","cat":284523},{"id":612,"n":"100% Pur jus d'orange Jafaden Sans pulpe - 1L","p":2.22,"u":"2,22 €/L","img":"https://fd13-photos.leclercdrive.fr/image.ashx?id=2955620&use=l&cat=p&typeid=i","cat":284521},{"id":613,"n":"Jus d'orange Jafaden A base de concentré - 6x20cl","p":1.99,"u":"1,66 €/L","img":"https://fd13-photos.leclercdrive.fr/image.ashx?id=2751871&use=l&cat=p&typeid=i","cat":284524},{"id":614,"n":"Jus d'orange Jafaden A base de concentré - 1L","p":1.3,"u":"1,30 €/L","img":"https://fd13-photos.leclercdrive.fr/image.ashx?id=2842459&use=l&cat=p&typeid=i","cat":284521},{"id":617,"n":"100% Pur jus d'orange Jafaden  Sans pulpe - 1,5L","p":2.65,"u":"1,77 €/L","img":"https://fd13-photos.leclercdrive.fr/image.ashx?id=2842468&use=l&cat=p&typeid=i","cat":284521},{"id":618,"n":"Nectar d'orange Jafaden Avec pulpe - 1L","p":1.69,"u":"1,69 €/L","img":"https://fd13-photos.leclercdrive.fr/image.ashx?id=2955638&use=l&cat=p&typeid=i","cat":284521},{"id":619,"n":"Nectar orange Jafaden 2L","p":2.59,"u":"1,30 €/L","img":"https://fd13-photos.leclercdrive.fr/image.ashx?id=2955644&use=l&cat=p&typeid=i","cat":284521},{"id":621,"n":"100% Pur jus d'orange Jafaden  Sans pulpe - 2L","p":3.49,"u":"1,75 €/L","img":"https://fd13-photos.leclercdrive.fr/image.ashx?id=2842456&use=l&cat=p&typeid=i","cat":284521},{"id":624,"n":"Pur Jus de pommes NRT De Bretagne - 1L","p":2.51,"u":"2,51 €/L","img":"https://fd13-photos.leclercdrive.fr/image.ashx?id=2590463&use=l&cat=p&typeid=i","cat":284522},{"id":625,"n":"Pur jus raisin Jafaden 1L","p":1.55,"u":"1,55 €/L","img":"https://fd13-photos.leclercdrive.fr/image.ashx?id=2955626&use=l&cat=p&typeid=i","cat":284915},{"id":627,"n":"Jus pamplemousse rose Jafaden A base de concentré - 1L","p":1.55,"u":"1,55 €/L","img":"https://fd13-photos.leclercdrive.fr/image.ashx?id=2520005&use=l&cat=p&typeid=i","cat":284914},{"id":630,"n":"Nectar Jafaden Orange banane - 2L","p":3.09,"u":"1,55 €/L","img":"https://fd13-photos.leclercdrive.fr/image.ashx?id=2956017&use=l&cat=p&typeid=i","cat":284915},{"id":632,"n":"Jus ananas Jafaden A base de concentré 1L","p":1.75,"u":"1,75 €/L","img":"https://fd13-photos.leclercdrive.fr/image.ashx?id=2919592&use=l&cat=p&typeid=i","cat":284916},{"id":633,"n":"Jus d'ananas Jafaden Briquettes - 6x20cl","p":2.7,"u":"2,25 €/L","img":"https://fd13-photos.leclercdrive.fr/image.ashx?id=2869775&use=l&cat=p&typeid=i","cat":284524},{"id":638,"n":"Jus multifruits Jafaden 1L","p":1.89,"u":"1,89 €/L","img":"https://fd13-photos.leclercdrive.fr/image.ashx?id=2916659&use=l&cat=p&typeid=i","cat":285435},{"id":655,"n":"Soda Jean's Cola Bouteille - 1,5L","p":0.82,"u":"0,55 €/L","img":"https://fd13-photos.leclercdrive.fr/image.ashx?id=2637826&use=l&cat=p&typeid=i","cat":284530},{"id":656,"n":"Soda Jean's Cola Canette - 6x33cl","p":2.26,"u":"1,14 €/L","img":"https://fd13-photos.leclercdrive.fr/image.ashx?id=2637829&use=l&cat=p&typeid=i","cat":284530},{"id":657,"n":"Soda Jean's Cola allégé Bouteille - 1,5L","p":0.87,"u":"0,58 €/L","img":"https://fd13-photos.leclercdrive.fr/image.ashx?id=2637832&use=l&cat=p&typeid=i","cat":284530},{"id":668,"n":"Limonade artisanale NRT 1L","p":2.75,"u":"2,75 €/L","img":"https://fd13-photos.leclercdrive.fr/image.ashx?id=2791066&use=l&cat=p&typeid=i","cat":284531},{"id":673,"n":"Soda Gini Citron - 1,5L","p":1.83,"u":"1,22 €/L","img":"https://fd13-photos.leclercdrive.fr/image.ashx?id=2654677&use=l&cat=p&typeid=i","cat":284532},{"id":682,"n":"Soda Pulp'Orange Bouteille - 1,5L","p":1.47,"u":"0,98 €/L","img":"https://fd13-photos.leclercdrive.fr/image.ashx?id=2922382&use=l&cat=p&typeid=i","cat":284532},{"id":683,"n":"Soda Pulp'Orange rouge Bouteille - 1,5L","p":1.59,"u":"1,06 €/L","img":"https://fd13-photos.leclercdrive.fr/image.ashx?id=2922394&use=l&cat=p&typeid=i","cat":284532},{"id":689,"n":"Thé glacé Fresh Tea Pêche - Canette -  6x33cl","p":2.49,"u":"1,26 €/L","img":"https://fd13-photos.leclercdrive.fr/image.ashx?id=2622239&use=l&cat=p&typeid=i","cat":295019},{"id":700,"n":"Bière blonde 1664 5,5° - 4x50cl canettes","p":4.8,"u":"2,40 €/L","img":"https://fd13-photos.leclercdrive.fr/image.ashx?id=2793536&use=l&cat=p&typeid=i","cat":334853},{"id":720,"n":"Bière brune Guinness Canette - 50cl","p":1.83,"u":"3,66 €/L","img":"https://fd13-photos.leclercdrive.fr/image.ashx?id=2579080&use=l&cat=p&typeid=i","cat":334853},{"id":726,"n":"Bière blonde Amsterdam  Maximator 11.6% vol. - 50cl","p":1.79,"u":"3,58 €/L","img":"https://fd13-photos.leclercdrive.fr/image.ashx?id=2190897&use=l&cat=p&typeid=i","cat":334853},{"id":731,"n":"Bière blonde forte Falsbourg Canette - 8%vol. - 50cl","p":0.98,"u":"1,96 €/L","img":"https://fd13-photos.leclercdrive.fr/image.ashx?id=2637838&use=l&cat=p&typeid=i","cat":334853},{"id":737,"n":"Rhum blanc Lagoa 40%vol - 70cl","p":10.01,"u":"14,30 €/L","img":"https://fd13-photos.leclercdrive.fr/image.ashx?id=2966469&use=l&cat=p&typeid=i","cat":284550},{"id":741,"n":"IGP Pays d'Oc Chardonnay Blanc Vieux Carion 13% vol -75 cl","p":2.75,"u":"3,67 €/L","img":"https://fd13-photos.leclercdrive.fr/image.ashx?id=2677660&use=l&cat=p&typeid=i","cat":289557},{"id":742,"n":"AOP Cabernet d'Anjou vin rosé Les Caractères - BIB 3L - 11%","p":13.49,"u":"4,50 €/L","img":"https://fd13-photos.leclercdrive.fr/image.ashx?id=2940902&use=l&cat=p&typeid=i","cat":289560},{"id":744,"n":"Cidre bouché Les Goelleries Breton brut 5%vol. - 75cl","p":1.99,"u":"2,65 €/L","img":"https://fd13-photos.leclercdrive.fr/image.ashx?id=2842184&use=l&cat=p&typeid=i","cat":334880},{"id":749,"n":"Camembert Les Croisés 20%MG - 250g","p":1.68,"u":"6,72 €/KG","img":"https://fd13-photos.leclercdrive.fr/image.ashx?id=2974759&use=l&cat=p&typeid=i","cat":314033},{"id":750,"n":"Camembert de Pays Les Croisés 21% mg - 250 gr","p":1.75,"u":"7,00 €/KG","img":"https://fd13-photos.leclercdrive.fr/image.ashx?id=2974795&use=l&cat=p&typeid=i","cat":314033},{"id":751,"n":"Coulommiers Les Croisés Tendre/Onctueux - 24%mg - 350g","p":2.15,"u":"6,14 €/KG","img":"https://fd13-photos.leclercdrive.fr/image.ashx?id=2974768&use=l&cat=p&typeid=i","cat":314033},{"id":752,"n":"Petit Brie Les Croisés 32% matière grasse - 500g","p":4.31,"u":"8,62 €/KG","img":"https://fd13-photos.leclercdrive.fr/image.ashx?id=2974792&use=l&cat=p&typeid=i","cat":314033},{"id":753,"n":"Pointe de Brie Les Croisés 32% mg - 200g","p":1.45,"u":"7,25 €/KG","img":"https://fd13-photos.leclercdrive.fr/image.ashx?id=2974771&use=l&cat=p&typeid=i","cat":314033},{"id":754,"n":"Fromage Les Croisés Coeur Crème Lait pasteurisé 33%mg - 300g","p":2.29,"u":"7,63 €/KG","img":"https://fd13-photos.leclercdrive.fr/image.ashx?id=2625068&use=l&cat=p&typeid=i","cat":314033},{"id":757,"n":"Fromage Comté Entremont 32 %mg - 350g","p":5.21,"u":"14,89 €/KG","img":"https://fd13-photos.leclercdrive.fr/image.ashx?id=2983147&use=l&cat=p&typeid=i","cat":314034},{"id":758,"n":"Bloc de fromage Leerdammer L'Original - 350g","p":4.3,"u":"12,29 €/KG","img":"https://fd13-photos.leclercdrive.fr/image.ashx?id=2507587&use=l&cat=p&typeid=i","cat":314034},{"id":760,"n":"Emmental fromage bloc Les Croisés - 250g","p":2.24,"u":"8,96 €/KG","img":"https://fd13-photos.leclercdrive.fr/image.ashx?id=2897757&use=l&cat=p&typeid=i","cat":314034},{"id":764,"n":"Fromage Bleu Les Croisés Lait pasteurisé 31% mg - 250g","p":2.29,"u":"9,16 €/KG","img":"https://fd13-photos.leclercdrive.fr/image.ashx?id=2642100&use=l&cat=p&typeid=i","cat":314032},{"id":765,"n":"Société Crème  Crème de fromage brebis - 100g","p":2.1,"u":"21,00 €/KG","img":"https://fd13-photos.leclercdrive.fr/image.ashx?id=2729317&use=l&cat=p&typeid=i","cat":314029},{"id":768,"n":"Fromage de chèvre Les Croisés Lait pasteurisé 22%mg - 180g","p":2.29,"u":"12,72 €/KG","img":"https://fd13-photos.leclercdrive.fr/image.ashx?id=2048615&use=l&cat=p&typeid=i","cat":314031},{"id":769,"n":"Fromage de Brebis Les Croisés -Tranche - 200g","p":2.21,"u":"11,05 €/KG","img":"https://fd13-photos.leclercdrive.fr/image.ashx?id=2237499&use=l&cat=p&typeid=i","cat":314031},{"id":782,"n":"Fromage Les Croisés Lait pasteurisé 28% MG - 200g","p":1.84,"u":"9,20 €/KG","img":"https://fd13-photos.leclercdrive.fr/image.ashx?id=2791701&use=l&cat=p&typeid=i","cat":314034},{"id":785,"n":"Rondelé ail et fines herbes 125g","p":1.54,"u":"12,32 €/KG","img":"https://fd13-photos.leclercdrive.fr/image.ashx?id=2967756&use=l&cat=p&typeid=i","cat":314029},{"id":786,"n":"Chaussée aux Moines 450g","p":4.02,"u":"8,93 €/KG","img":"https://fd13-photos.leclercdrive.fr/image.ashx?id=2771166&use=l&cat=p&typeid=i","cat":329184},{"id":787,"n":"Fromage L'Ortolan  Fromagerie Milleret - 250g","p":2.55,"u":"10,20 €/KG","img":"https://fd13-photos.leclercdrive.fr/image.ashx?id=2450913&use=l&cat=p&typeid=i","cat":314033},{"id":795,"n":"Fromage Brique Les Croisés Lait pasteurisé 60%mg - 200g","p":1.74,"u":"8,70 €/KG","img":"https://fd13-photos.leclercdrive.fr/image.ashx?id=2615804&use=l&cat=p&typeid=i","cat":314033},{"id":796,"n":"Fromage raclette Les Croisés Tranchette lait pasteurisé 400g","p":3.89,"u":"9,73 €/KG","img":"https://fd13-photos.leclercdrive.fr/image.ashx?id=2791704&use=l&cat=p&typeid=i","cat":314037},{"id":800,"n":"Mozzarella Les Croisés - 125g","p":0.93,"u":"7,44 €/KG","img":"https://fd13-photos.leclercdrive.fr/image.ashx?id=2129990&use=l&cat=p&typeid=i","cat":314026},{"id":806,"n":"Emmental fromage rapé Les Croisés - 500g","p":3.99,"u":"7,98 €/KG","img":"https://fd13-photos.leclercdrive.fr/image.ashx?id=2832903&use=l&cat=p&typeid=i","cat":314035},{"id":807,"n":"Emmental fromage rapé Les Croisés - 200g","p":1.65,"u":"8,25 €/KG","img":"https://fd13-photos.leclercdrive.fr/image.ashx?id=2949409&use=l&cat=p&typeid=i","cat":314035},{"id":808,"n":"Emmental fromage rapé Les Croisés - 100g","p":1.1,"u":"11,00 €/KG","img":"https://fd13-photos.leclercdrive.fr/image.ashx?id=2893283&use=l&cat=p&typeid=i","cat":314035},{"id":809,"n":"Râpé Parmigiano Reggiano AOP Les Croisés - 60g","p":1.1,"u":"18,33 €/KG","img":"https://fd13-photos.leclercdrive.fr/image.ashx?id=2903944&use=l&cat=p&typeid=i","cat":314035},{"id":810,"n":"Râpé Grana Padano AOP Les Croisés - 100g","p":1.5,"u":"15,00 €/KG","img":"https://fd13-photos.leclercdrive.fr/image.ashx?id=2903935&use=l&cat=p&typeid=i","cat":314035},{"id":816,"n":"Yaourts Délisse Nature - 16x125g","p":2.25,"u":"1,13 €/KG","img":"https://fd13-photos.leclercdrive.fr/image.ashx?id=2930045&use=l&cat=p&typeid=i","cat":284409},{"id":817,"n":"Yaourts Délisse Nature - 12x125g","p":1.85,"u":"1,23 €/KG","img":"https://fd13-photos.leclercdrive.fr/image.ashx?id=2922485&use=l&cat=p&typeid=i","cat":284409},{"id":818,"n":"Yaourts brassés Délisse  Nature - 8x125g","p":1.65,"u":"1,65 €/KG","img":"https://fd13-photos.leclercdrive.fr/image.ashx?id=2742611&use=l&cat=p&typeid=i","cat":284409},{"id":819,"n":"Yaourts brassés Délisse Nature - 16x125g","p":2.99,"u":"1,50 €/KG","img":"https://fd13-photos.leclercdrive.fr/image.ashx?id=3003049&use=l&cat=p&typeid=i","cat":284409},{"id":821,"n":"Yaourts sucrés Délisse Nature - 16x125g","p":2.74,"u":"1,37 €/KG","img":"https://fd13-photos.leclercdrive.fr/image.ashx?id=2591485&use=l&cat=p&typeid=i","cat":284409},{"id":822,"n":"Yaourts à la Grecque Délisse Nature - 4x150g","p":1.29,"u":"2,15 €/KG","img":"https://fd13-photos.leclercdrive.fr/image.ashx?id=2699405&use=l&cat=p&typeid=i","cat":314999},{"id":834,"n":"Yaourts La Laitière Fruits pâtissiers - 12x125g","p":4.51,"u":"3,01 €/KG","img":"https://fd13-photos.leclercdrive.fr/image.ashx?id=2578684&use=l&cat=p&typeid=i","cat":314999},{"id":841,"n":"Yaourts brassés Délisse Panaché de fruits - 16x125g","p":3.26,"u":"1,63 €/KG","img":"https://fd13-photos.leclercdrive.fr/image.ashx?id=2494211&use=l&cat=p&typeid=i","cat":284410},{"id":842,"n":"Yaourts aux fruits Délisse Panaché de fruits - 16x125g","p":3.78,"u":"1,89 €/KG","img":"https://fd13-photos.leclercdrive.fr/image.ashx?id=2609544&use=l&cat=p&typeid=i","cat":284410},{"id":855,"n":"Yaourts brassés Déli'light  Nature - 0% MG - 8x125g","p":2.13,"u":"2,13 €/KG","img":"https://fd13-photos.leclercdrive.fr/image.ashx?id=2865041&use=l&cat=p&typeid=i","cat":315000},{"id":856,"n":"Yaourts Fruits 0% Déli'light Fruits panachés - 16x125g","p":3.82,"u":"1,91 €/KG","img":"https://fd13-photos.leclercdrive.fr/image.ashx?id=2387313&use=l&cat=p&typeid=i","cat":315000},{"id":872,"n":"Actifidus Delisse Nature - 12x125g","p":2.23,"u":"1,49 €/KG","img":"https://fd13-photos.leclercdrive.fr/image.ashx?id=2452666&use=l&cat=p&typeid=i","cat":315000},{"id":879,"n":"Fromage blanc sous mousse  Gervita nature - 4x100g","p":1.88,"u":"4,70 €/KG","img":"https://fd13-photos.leclercdrive.fr/image.ashx?id=2746157&use=l&cat=p&typeid=i","cat":284409},{"id":887,"n":"Fromage frais Délisse Fruits panachés 22%mg - 12x50g","p":1.45,"u":"2,42 €/KG","img":"https://fd13-photos.leclercdrive.fr/image.ashx?id=2922491&use=l&cat=p&typeid=i","cat":284414},{"id":890,"n":"Fromage frais Délisse Nature 3,8% MG - 12x60g","p":1.64,"u":"2,28 €/KG","img":"https://fd13-photos.leclercdrive.fr/image.ashx?id=1951840&use=l&cat=p&typeid=i","cat":284409},{"id":892,"n":"Fromage frais Duodélisse Nature - 8x100g","p":2.79,"u":"3,49 €/KG","img":"https://fd13-photos.leclercdrive.fr/image.ashx?id=2387316&use=l&cat=p&typeid=i","cat":284409},{"id":894,"n":"Fromage blanc Délisse Nature 0% MG - 8x100g","p":1.79,"u":"2,24 €/KG","img":"https://fd13-photos.leclercdrive.fr/image.ashx?id=2898817&use=l&cat=p&typeid=i","cat":315000},{"id":895,"n":"Fromage blanc Délisse Nature - 3,1% MG - 8x100g","p":1.79,"u":"2,24 €/KG","img":"https://fd13-photos.leclercdrive.fr/image.ashx?id=3012791&use=l&cat=p&typeid=i","cat":284409},{"id":897,"n":"Fromage blanc Délisse Nature 3.1% MG - 1kg","p":1.97,"u":"1,97 €/KG","img":"https://fd13-photos.leclercdrive.fr/image.ashx?id=3012788&use=l&cat=p&typeid=i","cat":284409},{"id":909,"n":"Crème dessert Danette Chocolat et lait - 6x70g","p":1.62,"u":"3,86 €/KG","img":"https://fd13-photos.leclercdrive.fr/image.ashx?id=1984855&use=l&cat=p&typeid=i","cat":285041},{"id":918,"n":"Crème dessert Délisse Café - 4x125g","p":0.95,"u":"1,90 €/KG","img":"https://fd13-photos.leclercdrive.fr/image.ashx?id=2441048&use=l&cat=p&typeid=i","cat":285041},{"id":919,"n":"Crème dessert Délisse Caramel - 4x125g","p":0.91,"u":"1,82 €/KG","img":"https://fd13-photos.leclercdrive.fr/image.ashx?id=2854204&use=l&cat=p&typeid=i","cat":285041},{"id":920,"n":"Crème dessert Délisse Chocolat - 4x125g","p":0.95,"u":"1,90 €/KG","img":"https://fd13-photos.leclercdrive.fr/image.ashx?id=2854207&use=l&cat=p&typeid=i","cat":285041},{"id":921,"n":"Crème dessert Délisse Vanille - 4x125g","p":0.89,"u":"1,78 €/KG","img":"https://fd13-photos.leclercdrive.fr/image.ashx?id=2854210&use=l&cat=p&typeid=i","cat":285041},{"id":922,"n":"Crème dessert Délisse Praliné - 4x125g","p":0.95,"u":"1,90 €/KG","img":"https://fd13-photos.leclercdrive.fr/image.ashx?id=2441066&use=l&cat=p&typeid=i","cat":285041},{"id":923,"n":"Crème dessert Délisse Panaché - 12x125g","p":2.83,"u":"1,89 €/KG","img":"https://fd13-photos.leclercdrive.fr/image.ashx?id=2465211&use=l&cat=p&typeid=i","cat":285041},{"id":924,"n":"Petit pot de crème Délisse Chocolat - 4x100g","p":1.88,"u":"4,70 €/KG","img":"https://fd13-photos.leclercdrive.fr/image.ashx?id=2544967&use=l&cat=p&typeid=i","cat":285041},{"id":925,"n":"Petit pot de crème Délisse Vanille - 4x100g","p":1.74,"u":"4,35 €/KG","img":"https://fd13-photos.leclercdrive.fr/image.ashx?id=2556508&use=l&cat=p&typeid=i","cat":285041},{"id":927,"n":"Petit pot de crème Délisse Caramel - 4x100g","p":1.85,"u":"4,63 €/KG","img":"https://fd13-photos.leclercdrive.fr/image.ashx?id=2556511&use=l&cat=p&typeid=i","cat":285041},{"id":931,"n":"Dessert Liégeois Délisse Café - 4x100g","p":0.99,"u":"2,48 €/KG","img":"https://fd13-photos.leclercdrive.fr/image.ashx?id=2630881&use=l&cat=p&typeid=i","cat":285042},{"id":932,"n":"Dessert Liégeois Délisse Chocolat - 4x100g","p":1.1,"u":"2,75 €/KG","img":"https://fd13-photos.leclercdrive.fr/image.ashx?id=2636233&use=l&cat=p&typeid=i","cat":285042},{"id":933,"n":"Dessert Liégeois Délisse Chocolat Café - 8x100g","p":2.19,"u":"2,74 €/KG","img":"https://fd13-photos.leclercdrive.fr/image.ashx?id=2630884&use=l&cat=p&typeid=i","cat":285042},{"id":934,"n":"Dessert Liégeois Délisse Chocolat - 12x100g","p":3.14,"u":"2,62 €/KG","img":"https://fd13-photos.leclercdrive.fr/image.ashx?id=2630878&use=l&cat=p&typeid=i","cat":285042},{"id":935,"n":"Dessert Liégeois Délisse Vanille Caramel - 8x100g","p":1.98,"u":"2,48 €/KG","img":"https://fd13-photos.leclercdrive.fr/image.ashx?id=2636236&use=l&cat=p&typeid=i","cat":285042},{"id":936,"n":"Riz au lait Délisse  Vanille - 4x115g","p":1.35,"u":"2,93 €/KG","img":"https://fd13-photos.leclercdrive.fr/image.ashx?id=2489107&use=l&cat=p&typeid=i","cat":284418},{"id":937,"n":"Riz au lait Délisse Rhum Raisin - 4x115g","p":1.69,"u":"3,67 €/KG","img":"https://fd13-photos.leclercdrive.fr/image.ashx?id=2595089&use=l&cat=p&typeid=i","cat":284418},{"id":938,"n":"Gâteaux de semoule Délisse 4x100g","p":2.16,"u":"5,40 €/KG","img":"https://fd13-photos.leclercdrive.fr/image.ashx?id=2544964&use=l&cat=p&typeid=i","cat":284418},{"id":939,"n":"Semoule au lait Délisse Vanille - 4x115g","p":1.08,"u":"2,35 €/KG","img":"https://fd13-photos.leclercdrive.fr/image.ashx?id=2558377&use=l&cat=p&typeid=i","cat":284418},{"id":940,"n":"Gâteaux de riz Délisse 4x100g","p":1.49,"u":"3,73 €/KG","img":"https://fd13-photos.leclercdrive.fr/image.ashx?id=2898820&use=l&cat=p&typeid=i","cat":284418},{"id":941,"n":"Mousse liégeoise Viennois  Chocolat - 8x90g","p":3.11,"u":"4,32 €/KG","img":"https://fd13-photos.leclercdrive.fr/image.ashx?id=2855043&use=l&cat=p&typeid=i","cat":284417},{"id":942,"n":"Mousse à la liégeoise Délisse Vanille - 8x80g","p":2.62,"u":"4,09 €/KG","img":"https://fd13-photos.leclercdrive.fr/image.ashx?id=3009487&use=l&cat=p&typeid=i","cat":284417},{"id":943,"n":"Mousse Délisse Chocolat noir - 4x60g","p":1.15,"u":"4,79 €/KG","img":"https://fd13-photos.leclercdrive.fr/image.ashx?id=3009493&use=l&cat=p&typeid=i","cat":284417},{"id":944,"n":"Mousse au chocolat Délisse Chocolat au lait - 4x60g","p":1.15,"u":"4,79 €/KG","img":"https://fd13-photos.leclercdrive.fr/image.ashx?id=3009496&use=l&cat=p&typeid=i","cat":284417},{"id":945,"n":"Mousse chocolat Délisse Noir et lait coulis - 8x60g","p":2.25,"u":"4,69 €/KG","img":"https://fd13-photos.leclercdrive.fr/image.ashx?id=3009499&use=l&cat=p&typeid=i","cat":284417},{"id":946,"n":"Mousse Délisse Café - 4x60g","p":1.48,"u":"6,17 €/KG","img":"https://fd13-photos.leclercdrive.fr/image.ashx?id=3009505&use=l&cat=p&typeid=i","cat":284417},{"id":954,"n":"Flan aux oeufs Délisse 4x100g","p":2.91,"u":"7,28 €/KG","img":"https://fd13-photos.leclercdrive.fr/image.ashx?id=2460479&use=l&cat=p&typeid=i","cat":284419},{"id":955,"n":"Ile flottante Délisse Crème anglaise - 4x100g","p":1.89,"u":"4,73 €/KG","img":"https://fd13-photos.leclercdrive.fr/image.ashx?id=2860706&use=l&cat=p&typeid=i","cat":284419},{"id":959,"n":"Flan Délisse Vanille Caramel - 4x100g","p":0.79,"u":"1,98 €/KG","img":"https://fd13-photos.leclercdrive.fr/image.ashx?id=2851640&use=l&cat=p&typeid=i","cat":284420},{"id":960,"n":"Flan Délisse Vanille Caramel - 16x100g","p":2.52,"u":"1,58 €/KG","img":"https://fd13-photos.leclercdrive.fr/image.ashx?id=2858977&use=l&cat=p&typeid=i","cat":284420},{"id":964,"n":"Lait demi-écrémé Délisse UHT Bouteille -  1L","p":1.05,"u":"1,05 €/L","img":"https://fd13-photos.leclercdrive.fr/image.ashx?id=2981831&use=l&cat=p&typeid=i","cat":284377},{"id":967,"n":"Lait écrémé Délisse UHT - Bouteille : 1L","p":0.99,"u":"0,99 €/L","img":"https://fd13-photos.leclercdrive.fr/image.ashx?id=2617189&use=l&cat=p&typeid=i","cat":284949},{"id":970,"n":"Boisson lactée au cacao Cacolac Bouteilles - 8x20cl","p":12.32,"u":"7,70 €/L","img":"https://fd13-photos.leclercdrive.fr/image.ashx?id=2762085&use=l&cat=p&typeid=i","cat":295246},{"id":972,"n":"Matin Léger de Lactel Bouteille Sans lactose 1.2% mg - 50cl","p":1.14,"u":"2,28 €/L","img":"https://fd13-photos.leclercdrive.fr/image.ashx?id=2883561&use=l&cat=p&typeid=i","cat":317169},{"id":973,"n":"Lait chèvre demi-écrémé Lactel UHT Bouteille - 1L","p":2.5,"u":"2,50 €/L","img":"https://fd13-photos.leclercdrive.fr/image.ashx?id=3005035&use=l&cat=p&typeid=i","cat":295251},{"id":974,"n":"Lait bio Bio Village Bouteille  Demi-écrémé UHT -  1L","p":1.08,"u":"1,08 €/L","img":"https://fd13-photos.leclercdrive.fr/image.ashx?id=2981900&use=l&cat=p&typeid=i","cat":284377},{"id":984,"n":"Beurre Extra fin Les Croisés Doux - 82% MG - 250g","p":2.9,"u":"11,60 €/KG","img":"https://fd13-photos.leclercdrive.fr/image.ashx?id=2839873&use=l&cat=p&typeid=i","cat":284379},{"id":985,"n":"Beurre de Bretagne Les Croisés Doux - 82% MG - 500g","p":4.89,"u":"9,78 €/KG","img":"https://fd13-photos.leclercdrive.fr/image.ashx?id=2777982&use=l&cat=p&typeid=i","cat":284379},{"id":988,"n":"Beurre Les Croisés 80% MG  Demi-sel Extra fin - 250g","p":2.39,"u":"9,56 €/KG","img":"https://fd13-photos.leclercdrive.fr/image.ashx?id=2777949&use=l&cat=p&typeid=i","cat":284379},{"id":990,"n":"Beurre Tendre Les Croisés Doux - 82% MG - 250g","p":2.29,"u":"9,16 €/KG","img":"https://fd13-photos.leclercdrive.fr/image.ashx?id=2839890&use=l&cat=p&typeid=i","cat":284379},{"id":991,"n":"Beurre de Bretagne Les Croisés Demi-sel - 80% MG - 500g","p":4.89,"u":"9,78 €/KG","img":"https://fd13-photos.leclercdrive.fr/image.ashx?id=2943602&use=l&cat=p&typeid=i","cat":284379},{"id":1003,"n":"Crème UHT Elle & Vire Fluide Entière - 30% MG - 1L","p":5.05,"u":"5,05 €/L","img":"https://fd13-photos.leclercdrive.fr/image.ashx?id=3008554&use=l&cat=p&typeid=i","cat":284381},{"id":1004,"n":"Crème UHT Elle&Vire Semi-Ep. Si Légère - 4% MG - 3x20cl","p":2.49,"u":"4,15 €/L","img":"https://fd13-photos.leclercdrive.fr/image.ashx?id=2985282&use=l&cat=p&typeid=i","cat":284381},{"id":1005,"n":"Crème Chantilly sucrée Délisse Entière sous pression - 250g","p":2.23,"u":"8,92 €/KG","img":"https://fd13-photos.leclercdrive.fr/image.ashx?id=3002512&use=l&cat=p&typeid=i","cat":284382},{"id":1006,"n":"Crème Chantilly sucrée Délisse Allégée sous pression - 250g","p":1.85,"u":"7,40 €/KG","img":"https://fd13-photos.leclercdrive.fr/image.ashx?id=3002515&use=l&cat=p&typeid=i","cat":284382},{"id":1008,"n":"Crème entière fluide Délisse 30%mg - 3x20cl","p":2.65,"u":"4,42 €/L","img":"https://fd13-photos.leclercdrive.fr/image.ashx?id=2509977&use=l&cat=p&typeid=i","cat":284381},{"id":1009,"n":"Crème légère semi-épaisse   Délisse 18%mg - 3x20cl","p":2.11,"u":"3,52 €/L","img":"https://fd13-photos.leclercdrive.fr/image.ashx?id=3002554&use=l&cat=p&typeid=i","cat":284381},{"id":1010,"n":"Crème entière d'Isigny AOP NRT 40cl","p":2.99,"u":"7,48 €/L","img":"https://fd13-photos.leclercdrive.fr/image.ashx?id=2771022&use=l&cat=p&typeid=i","cat":284381},{"id":1011,"n":"Crème fraîche légère Délisse Epaisse - 15% MG - 20cl","p":0.7,"u":"3,50 €/L","img":"https://fd13-photos.leclercdrive.fr/image.ashx?id=1974248&use=l&cat=p&typeid=i","cat":284381},{"id":1012,"n":"Crème fraîche légère Délisse Epaisse - 15% MG  - 50cl","p":1.55,"u":"3,10 €/L","img":"https://fd13-photos.leclercdrive.fr/image.ashx?id=3002539&use=l&cat=p&typeid=i","cat":284381},{"id":1013,"n":"Crème fraîche entière Délisse Epaisse - 30% MG - 20cl","p":0.84,"u":"4,20 €/L","img":"https://fd13-photos.leclercdrive.fr/image.ashx?id=2013155&use=l&cat=p&typeid=i","cat":284381},{"id":1014,"n":"Crème fraîche entière Délisse Epaisse - 30% MG- 50cl","p":1.95,"u":"3,90 €/L","img":"https://fd13-photos.leclercdrive.fr/image.ashx?id=3002524&use=l&cat=p&typeid=i","cat":284381},{"id":1019,"n":"Jambon Italien Saint Azay x6 - 100g","p":1.75,"u":"17,50 €/KG","img":"https://fd13-photos.leclercdrive.fr/image.ashx?id=2466871&use=l&cat=p&typeid=i","cat":316007},{"id":1021,"n":"Rosette de lyon Saint Azay 10 tranches - 100g","p":2.99,"u":"29,90 €/KG","img":"https://fd13-photos.leclercdrive.fr/image.ashx?id=2114415&use=l&cat=p&typeid=i","cat":316007},{"id":1022,"n":"Bacon Saint Azay x15 - 150g","p":1.92,"u":"12,80 €/KG","img":"https://fd13-photos.leclercdrive.fr/image.ashx?id=2974957&use=l&cat=p&typeid=i","cat":316007},{"id":1027,"n":"Plateau charcuteries Alsace NRT 200g","p":2.04,"u":"10,20 €/KG","img":"https://fd13-photos.leclercdrive.fr/image.ashx?id=2991479&use=l&cat=p&typeid=i","cat":316012},{"id":1029,"n":"Mini saucissons secs Saint Azay Nature - 75g","p":1.27,"u":"16,93 €/KG","img":"https://fd13-photos.leclercdrive.fr/image.ashx?id=2437073&use=l&cat=p&typeid=i","cat":316006},{"id":1030,"n":"Mini Saucissons secs Saint Azay Aux noix - 75g","p":1.27,"u":"16,93 €/KG","img":"https://fd13-photos.leclercdrive.fr/image.ashx?id=2437076&use=l&cat=p&typeid=i","cat":316006},{"id":1032,"n":"Saucisse sèche Saint Azay Qualité supérieure - 300g","p":3.46,"u":"11,53 €/KG","img":"https://fd13-photos.leclercdrive.fr/image.ashx?id=2859152&use=l&cat=p&typeid=i","cat":316006},{"id":1033,"n":"Chorizo Doux Saint Azay 225g","p":1.88,"u":"8,36 €/KG","img":"https://fd13-photos.leclercdrive.fr/image.ashx?id=2293375&use=l&cat=p&typeid=i","cat":316006},{"id":1034,"n":"Chorizo Fort Saint Azay 225g","p":1.89,"u":"8,40 €/KG","img":"https://fd13-photos.leclercdrive.fr/image.ashx?id=2293378&use=l&cat=p&typeid=i","cat":316006},{"id":1035,"n":"Chorizo Extra Fort Saint Azay 225g","p":1.89,"u":"8,40 €/KG","img":"https://fd13-photos.leclercdrive.fr/image.ashx?id=2753466&use=l&cat=p&typeid=i","cat":316006},{"id":1058,"n":"Jambon serrano IGP Saint Azay 6 tranches - 100g","p":1.69,"u":"16,90 €/KG","img":"https://fd13-photos.leclercdrive.fr/image.ashx?id=2850422&use=l&cat=p&typeid=i","cat":316007},{"id":1069,"n":"Saucisses de Montbéliard IGP NRT - 250g","p":3.19,"u":"12,76 €/KG","img":"https://fd13-photos.leclercdrive.fr/image.ashx?id=2652918&use=l&cat=p&typeid=i","cat":316012},{"id":1070,"n":"Saucisse de Morteau NRT IGP - 350g","p":5.41,"u":"15,46 €/KG","img":"https://fd13-photos.leclercdrive.fr/image.ashx?id=2991464&use=l&cat=p&typeid=i","cat":316012},{"id":1071,"n":"Coppa italienne Saint Azay 10 tranches 100 g","p":1.98,"u":"19,80 €/KG","img":"https://fd13-photos.leclercdrive.fr/image.ashx?id=2665844&use=l&cat=p&typeid=i","cat":316007},{"id":1081,"n":"Véritables Knacks d'Alsace NRT X4 - 260g","p":2.79,"u":"10,73 €/KG","img":"https://fd13-photos.leclercdrive.fr/image.ashx?id=2991488&use=l&cat=p&typeid=i","cat":316012},{"id":1103,"n":"Foie gras de canard entier Pierre de Chaumeyrac - 180g","p":11.31,"u":"62,83 €/KG","img":"https://fd13-photos.leclercdrive.fr/image.ashx?id=2025500&use=l&cat=p&typeid=i","cat":316008},{"id":1104,"n":"Foie gras canard IGP Périgord Entier NRT - 300g","p":23.9,"u":"79,67 €/KG","img":"https://fd13-photos.leclercdrive.fr/image.ashx?id=2995661&use=l&cat=p&typeid=i","cat":316008},{"id":1105,"n":"Carottes râpées Menu Fraîcheur  Assaisonnées - 500g","p":0.99,"u":"1,98 €/KG","img":"https://fd13-photos.leclercdrive.fr/image.ashx?id=2850811&use=l&cat=p&typeid=i","cat":333657},{"id":1107,"n":"Taboulé Menu Fraîcheur A l'orientale - 300g","p":0.99,"u":"3,30 €/KG","img":"https://fd13-photos.leclercdrive.fr/image.ashx?id=2816546&use=l&cat=p&typeid=i","cat":333657},{"id":1108,"n":"Taboulé Menu Fraîcheur A l'orientale - 500g","p":1.39,"u":"2,78 €/KG","img":"https://fd13-photos.leclercdrive.fr/image.ashx?id=2816549&use=l&cat=p&typeid=i","cat":333657},{"id":1119,"n":"Sandwich Côté Snack Rosette - 125g","p":0.99,"u":"7,92 €/KG","img":"https://fd13-photos.leclercdrive.fr/image.ashx?id=1904651&use=l&cat=p&typeid=i","cat":333658},{"id":1120,"n":"Sandwich Côté Snack Jambon beurre - 125g","p":0.99,"u":"7,92 €/KG","img":"https://fd13-photos.leclercdrive.fr/image.ashx?id=2619707&use=l&cat=p&typeid=i","cat":333658},{"id":1121,"n":"Sandwich Côté Snack Jambon emmental - 145g","p":1.19,"u":"8,21 €/KG","img":"https://fd13-photos.leclercdrive.fr/image.ashx?id=2609547&use=l&cat=p&typeid=i","cat":333658},{"id":1122,"n":"Sandwich Côté Snack Jambon fumé oeuf mimosa - 145g","p":1.69,"u":"13,52 €/KG","img":"https://fd13-photos.leclercdrive.fr/image.ashx?id=2609550&use=l&cat=p&typeid=i","cat":333658},{"id":1123,"n":"Sandwich Côté Snack Thon crudités - 145g","p":1.19,"u":"8,21 €/KG","img":"https://fd13-photos.leclercdrive.fr/image.ashx?id=2604969&use=l&cat=p&typeid=i","cat":333658},{"id":1124,"n":"Sandwich Côté Snack Poulet crudités - 145g","p":1.19,"u":"8,21 €/KG","img":"https://fd13-photos.leclercdrive.fr/image.ashx?id=2898239&use=l&cat=p&typeid=i","cat":333658},{"id":1125,"n":"Cordons bleus Côté Croc Dinde - 200g","p":1.95,"u":"9,75 €/KG","img":"https://fd13-photos.leclercdrive.fr/image.ashx?id=2915113&use=l&cat=p&typeid=i","cat":333683},{"id":1126,"n":"Nuggets de poulet Côté Croc x10 - 200g","p":1.52,"u":"7,60 €/KG","img":"https://fd13-photos.leclercdrive.fr/image.ashx?id=2883312&use=l&cat=p&typeid=i","cat":333684},{"id":1127,"n":"Croque Fromage Père Dodu  x2 - 200g","p":1.9,"u":"9,50 €/KG","img":"https://fd13-photos.leclercdrive.fr/image.ashx?id=2956981&use=l&cat=p&typeid=i","cat":333683},{"id":1131,"n":"Escalope Bolognaise Père Dodu  Poulet x2 - 200g","p":2.61,"u":"13,05 €/KG","img":"https://fd13-photos.leclercdrive.fr/image.ashx?id=2956978&use=l&cat=p&typeid=i","cat":333683},{"id":1133,"n":"Nuggets de Poulet Père Dodu  x10 - 200g","p":2.28,"u":"11,40 €/KG","img":"https://fd13-photos.leclercdrive.fr/image.ashx?id=2956972&use=l&cat=p&typeid=i","cat":333684},{"id":1134,"n":"Nuggets de Fromage Père Dodu  x10 - 180g","p":2.4,"u":"13,33 €/KG","img":"https://fd13-photos.leclercdrive.fr/image.ashx?id=2956990&use=l&cat=p&typeid=i","cat":333684},{"id":1135,"n":"Pizza fraîche Turini Jambon fromage - 450g","p":2.39,"u":"5,31 €/KG","img":"https://fd13-photos.leclercdrive.fr/image.ashx?id=2709719&use=l&cat=p&typeid=i","cat":333679},{"id":1136,"n":"Pizza fraîche Turini 4 fromages - 450g","p":2.49,"u":"5,53 €/KG","img":"https://fd13-photos.leclercdrive.fr/image.ashx?id=2967639&use=l&cat=p&typeid=i","cat":333679},{"id":1142,"n":"Ravioli Lustucru Selection  Boeuf - 300g","p":1.8,"u":"6,00 €/KG","img":"https://fd13-photos.leclercdrive.fr/image.ashx?id=2938659&use=l&cat=p&typeid=i","cat":333682},{"id":1144,"n":"Ravioli jambon Turini 300g","p":2.06,"u":"6,87 €/KG","img":"https://fd13-photos.leclercdrive.fr/image.ashx?id=2777997&use=l&cat=p&typeid=i","cat":333682},{"id":1145,"n":"Ravioli 4 fromages Turini 300g","p":1.49,"u":"4,97 €/KG","img":"https://fd13-photos.leclercdrive.fr/image.ashx?id=2989643&use=l&cat=p&typeid=i","cat":333682},{"id":1149,"n":"Pâte à pizza Tablier Blanc 260g","p":1.05,"u":"4,04 €/KG","img":"https://fd13-photos.leclercdrive.fr/image.ashx?id=2041773&use=l&cat=p&typeid=i","cat":333681},{"id":1150,"n":"Pâte sablée Tablier Blanc 230g","p":1.09,"u":"4,74 €/KG","img":"https://fd13-photos.leclercdrive.fr/image.ashx?id=2635898&use=l&cat=p&typeid=i","cat":333681},{"id":1151,"n":"Pâte feuilletée Tablier Blanc Au beurre - 230g","p":1.25,"u":"5,43 €/KG","img":"https://fd13-photos.leclercdrive.fr/image.ashx?id=2635895&use=l&cat=p&typeid=i","cat":333681},{"id":1152,"n":"Pâte feuilletée Tablier Blanc Prête à dérouler - 230g","p":0.74,"u":"3,22 €/KG","img":"https://fd13-photos.leclercdrive.fr/image.ashx?id=2635889&use=l&cat=p&typeid=i","cat":333681},{"id":1154,"n":"Lardons de saumon fumé Ronde des Mers - 90g","p":3.6,"u":"40,00 €/KG","img":"https://fd13-photos.leclercdrive.fr/image.ashx?id=2449975&use=l&cat=p&typeid=i","cat":285188},{"id":1163,"n":"Mini blinis Ronde des Mers x16 - 135g","p":0.99,"u":"7,33 €/KG","img":"https://fd13-photos.leclercdrive.fr/image.ashx?id=2079526&use=l&cat=p&typeid=i","cat":285191},{"id":1165,"n":"Bâtonnets Surimi Pêche Océan MSC - x30 - 500g","p":2.74,"u":"5,48 €/KG","img":"https://fd13-photos.leclercdrive.fr/image.ashx?id=2953227&use=l&cat=p&typeid=i","cat":285189},{"id":1166,"n":"Miettes de surimi Pêche Océan MSC - 180g","p":1.64,"u":"9,11 €/KG","img":"https://fd13-photos.leclercdrive.fr/image.ashx?id=2981861&use=l&cat=p&typeid=i","cat":285189},{"id":1167,"n":"Oeufs de lompe Ronde des mers Noir - MSC - 100g","p":2.6,"u":"26,00 €/KG","img":"https://fd13-photos.leclercdrive.fr/image.ashx?id=1511089&use=l&cat=p&typeid=i","cat":285191},{"id":1168,"n":"Filets de hareng Pêche Océan MSC - Doux - 200g","p":1.75,"u":"8,75 €/KG","img":"https://fd13-photos.leclercdrive.fr/image.ashx?id=2992489&use=l&cat=p&typeid=i","cat":285190},{"id":1169,"n":"Filets d'anchois Pêche Océan À l'huile d'olive - 105g","p":2.45,"u":"23,33 €/KG","img":"https://fd13-photos.leclercdrive.fr/image.ashx?id=2992504&use=l&cat=p&typeid=i","cat":285190},{"id":1178,"n":"Pizza Cuite sur pierre Volpone  Bolognaise - 400g","p":1.96,"u":"4,90 €/KG","img":"https://fd13-photos.leclercdrive.fr/image.ashx?id=2815208&use=l&cat=p&typeid=i","cat":284256},{"id":1179,"n":"Pizza Royale Turini Cuite au feu de bois - 440g","p":2.19,"u":"4,98 €/KG","img":"https://fd13-photos.leclercdrive.fr/image.ashx?id=2815199&use=l&cat=p&typeid=i","cat":284256},{"id":1180,"n":"Quiche Lorraine Côté Table 400g","p":2.45,"u":"6,13 €/KG","img":"https://fd13-photos.leclercdrive.fr/image.ashx?id=2869778&use=l&cat=p&typeid=i","cat":284257},{"id":1181,"n":"Tarte aux poireaux Côté Table - 400g","p":2.48,"u":"6,20 €/KG","img":"https://fd13-photos.leclercdrive.fr/image.ashx?id=2791710&use=l&cat=p&typeid=i","cat":284257},{"id":1182,"n":"Crêpes Côté Table Jambon fromage x6 - 300g","p":2.02,"u":"6,73 €/KG","img":"https://fd13-photos.leclercdrive.fr/image.ashx?id=2932402&use=l&cat=p&typeid=i","cat":319776},{"id":1183,"n":"Crêpes Côté Table Jambon fromage x20 1kg","p":3.94,"u":"3,94 €/KG","img":"https://fd13-photos.leclercdrive.fr/image.ashx?id=2932405&use=l&cat=p&typeid=i","cat":319776},{"id":1185,"n":"Steaks hachés Charal Pur Bœuf 15% MG 10x100g - 1kg","p":14.85,"u":"14,85 €/KG","img":"https://fd13-photos.leclercdrive.fr/image.ashx?id=2659300&use=l&cat=p&typeid=i","cat":319778},{"id":1186,"n":"Haché Extra Moelleux Charal 10x100g - 1kg","p":12.94,"u":"12,94 €/KG","img":"https://fd13-photos.leclercdrive.fr/image.ashx?id=2731735&use=l&cat=p&typeid=i","cat":319778},{"id":1187,"n":"Haché à l'oignon Charal 10x100g - 1kg","p":9.3,"u":"9,30 €/KG","img":"https://fd13-photos.leclercdrive.fr/image.ashx?id=2741940&use=l&cat=p&typeid=i","cat":319778},{"id":1191,"n":"Poisson Bordelaise Pêche Océan MSC - 400g","p":2.8,"u":"7,00 €/KG","img":"https://fd13-photos.leclercdrive.fr/image.ashx?id=2930081&use=l&cat=p&typeid=i","cat":319788},{"id":1192,"n":"Colin d'Alaska MSC Pêche Océan À l'oseille x2 - 400g","p":3.19,"u":"7,98 €/KG","img":"https://fd13-photos.leclercdrive.fr/image.ashx?id=2930099&use=l&cat=p&typeid=i","cat":319786},{"id":1193,"n":"Pané colin d'Alaska Pêche Océan x15 bâtonnets - MSC - 450g","p":2.37,"u":"5,27 €/KG","img":"https://fd13-photos.leclercdrive.fr/image.ashx?id=2558368&use=l&cat=p&typeid=i","cat":319788},{"id":1194,"n":"Calamars Pêche Océan A la romaine 40/60 - 500g","p":4.2,"u":"8,40 €/KG","img":"https://fd13-photos.leclercdrive.fr/image.ashx?id=2216298&use=l&cat=p&typeid=i","cat":319788},{"id":1197,"n":"Paëlla royale Côté Table Fruits de mer poulet 1kg","p":5.62,"u":"5,62 €/KG","img":"https://fd13-photos.leclercdrive.fr/image.ashx?id=2663353&use=l&cat=p&typeid=i","cat":284254},{"id":1211,"n":"Choux fleurs Notre Jardin Fleurettes 1kg","p":1.67,"u":"1,67 €/KG","img":"https://fd13-photos.leclercdrive.fr/image.ashx?id=2900019&use=l&cat=p&typeid=i","cat":319805},{"id":1214,"n":"Haricots verts Notre jardin Très fins 1kg","p":1.39,"u":"1,39 €/KG","img":"https://fd13-photos.leclercdrive.fr/image.ashx?id=2900040&use=l&cat=p&typeid=i","cat":319805},{"id":1216,"n":"Courgettes Notre Jardin Rondelles 1kg","p":1.29,"u":"1,29 €/KG","img":"https://fd13-photos.leclercdrive.fr/image.ashx?id=2873099&use=l&cat=p&typeid=i","cat":319805},{"id":1217,"n":"Epinards Notre Jardin Branches - 1kg","p":1.24,"u":"1,24 €/KG","img":"https://fd13-photos.leclercdrive.fr/image.ashx?id=2873069&use=l&cat=p&typeid=i","cat":319805},{"id":1218,"n":"Epinards Notre Jardin Hâchés - 1kg","p":1.29,"u":"1,29 €/KG","img":"https://fd13-photos.leclercdrive.fr/image.ashx?id=2900034&use=l&cat=p&typeid=i","cat":319805},{"id":1219,"n":"Epinards Notre Jardin Hachés A la crème fraîche - 1kg","p":1.68,"u":"1,68 €/KG","img":"https://fd13-photos.leclercdrive.fr/image.ashx?id=2916656&use=l&cat=p&typeid=i","cat":319805},{"id":1223,"n":"Champignons Paris Notre jardin Emincés 1kg","p":1.96,"u":"1,96 €/KG","img":"https://fd13-photos.leclercdrive.fr/image.ashx?id=2873027&use=l&cat=p&typeid=i","cat":319805},{"id":1225,"n":"Légumes Notre Jardin Pour ratatouille 1kg","p":2.32,"u":"2,32 €/KG","img":"https://fd13-photos.leclercdrive.fr/image.ashx?id=2900058&use=l&cat=p&typeid=i","cat":319823},{"id":1226,"n":"Légumes potage Notre Jardin 1kg","p":1.28,"u":"1,28 €/KG","img":"https://fd13-photos.leclercdrive.fr/image.ashx?id=2916647&use=l&cat=p&typeid=i","cat":319805},{"id":1227,"n":"Poêlée de légumes Notre Jardin Méridionale - 1kg","p":2.82,"u":"2,82 €/KG","img":"https://fd13-photos.leclercdrive.fr/image.ashx?id=2803948&use=l&cat=p&typeid=i","cat":319823},{"id":1228,"n":"Poêlée de légumes Notre jardin Champêtre - 1kg","p":2.99,"u":"2,99 €/KG","img":"https://fd13-photos.leclercdrive.fr/image.ashx?id=2832867&use=l&cat=p&typeid=i","cat":319823},{"id":1229,"n":"Poêlée de légumes Notre Jardin Bretonne - 1kg","p":2.82,"u":"2,82 €/KG","img":"https://fd13-photos.leclercdrive.fr/image.ashx?id=2803951&use=l&cat=p&typeid=i","cat":319823},{"id":1238,"n":"Pommes rissolées Pom'lisse 1kg","p":1.06,"u":"1,06 €/KG","img":"https://fd13-photos.leclercdrive.fr/image.ashx?id=2704597&use=l&cat=p&typeid=i","cat":319792},{"id":1239,"n":"Frites allumettes Pom'lisse 1kg","p":1.47,"u":"1,47 €/KG","img":"https://fd13-photos.leclercdrive.fr/image.ashx?id=2699381&use=l&cat=p&typeid=i","cat":319791},{"id":1240,"n":"Frites Pom'lisse 2.5 kg","p":3.21,"u":"1,28 €/KG","img":"https://fd13-photos.leclercdrive.fr/image.ashx?id=2699387&use=l&cat=p&typeid=i","cat":319791},{"id":1245,"n":"Pommes noisettes Pom'lisse 1kg","p":1.64,"u":"1,64 €/KG","img":"https://fd13-photos.leclercdrive.fr/image.ashx?id=2958314&use=l&cat=p&typeid=i","cat":319792},{"id":1246,"n":"Pommes dauphine Pom'lisse 500g","p":1.49,"u":"2,98 €/KG","img":"https://fd13-photos.leclercdrive.fr/image.ashx?id=2851571&use=l&cat=p&typeid=i","cat":319792},{"id":1247,"n":"Pom'rustic Pom'Lisse Sachet 750 gr","p":1.12,"u":"1,49 €/KG","img":"https://fd13-photos.leclercdrive.fr/image.ashx?id=2851574&use=l&cat=p&typeid=i","cat":319792},{"id":1248,"n":"Frites Pom'lisse 1kg","p":1.47,"u":"1,47 €/KG","img":"https://fd13-photos.leclercdrive.fr/image.ashx?id=2699648&use=l&cat=p&typeid=i","cat":319791},{"id":1251,"n":"Crème glacée Eskiss Vanille de Madagascar - 494g","p":1.56,"u":"3,16 €/KG","img":"https://fd13-photos.leclercdrive.fr/image.ashx?id=2982592&use=l&cat=p&typeid=i","cat":284263},{"id":1309,"n":"Lessive Epsil gel main express Tube 250ml","p":1.55,"u":"6,20 €/L","img":"https://fd13-photos.leclercdrive.fr/image.ashx?id=2838906&use=l&cat=p&typeid=i","cat":284643},{"id":1335,"n":"Liquide vaisselle Visior Citron - 750ml","p":1.2,"u":"1,60 €/L","img":"https://fd13-photos.leclercdrive.fr/image.ashx?id=2930849&use=l&cat=p&typeid=i","cat":284655},{"id":1336,"n":"Liquide vaisselle Visior Ultra Peaux sensibles 500ml","p":0.64,"u":"1,28 €/L","img":"https://fd13-photos.leclercdrive.fr/image.ashx?id=2951116&use=l&cat=p&typeid=i","cat":284655},{"id":1346,"n":"Eponges Mamison végétales Super absorbantes x3","p":1.17,"u":"0,39 €/P","img":"https://fd13-photos.leclercdrive.fr/image.ashx?id=2458052&use=l&cat=p&typeid=i","cat":284667},{"id":1358,"n":"Nettoyant Gel avec javel Clair 1L","p":1.09,"u":"1,09 €/L","img":"https://fd13-photos.leclercdrive.fr/image.ashx?id=2705062&use=l&cat=p&typeid=i","cat":284907},{"id":1359,"n":"Pastilles javel Clair x48 - 150g","p":1.65,"u":"11,00 €/KG","img":"https://fd13-photos.leclercdrive.fr/image.ashx?id=2631426&use=l&cat=p&typeid=i","cat":284661},{"id":1360,"n":"Eau de Javel Clair Parfum Eucalyptus - 2L","p":0.72,"u":"0,36 €/L","img":"https://fd13-photos.leclercdrive.fr/image.ashx?id=2949173&use=l&cat=p&typeid=i","cat":284661},{"id":1376,"n":"Lingettes nettoyantes Clair Sols muguet larges x15","p":1.14,"img":"https://fd13-photos.leclercdrive.fr/image.ashx?id=2593815&use=l&cat=p&typeid=i","cat":325364},{"id":1381,"n":"Dépoussiérant Clair meuble Cire 300ml","p":1.33,"u":"4,43 €/L","img":"https://fd13-photos.leclercdrive.fr/image.ashx?id=2819256&use=l&cat=p&typeid=i","cat":325364},{"id":1386,"n":"Nettoyant four Clair 500ml","p":1.53,"u":"3,06 €/L","img":"https://fd13-photos.leclercdrive.fr/image.ashx?id=2858824&use=l&cat=p&typeid=i","cat":325363},{"id":1392,"n":"Blocs wc eau bleue Syphon x2 80g","p":1.12,"u":"14,00 €/KG","img":"https://fd13-photos.leclercdrive.fr/image.ashx?id=2302537&use=l&cat=p&typeid=i","cat":284662},{"id":1398,"n":"Recharge diffuseur électrique Insectivor anti-moustiques - x1","p":2.1,"img":"https://fd13-photos.leclercdrive.fr/image.ashx?id=1938546&use=l&cat=p&typeid=i","cat":298368},{"id":1400,"n":"Papier aluminium Elembal 20m","p":2.6,"img":"https://fd13-photos.leclercdrive.fr/image.ashx?id=2756846&use=l&cat=p&typeid=i","cat":334134},{"id":1401,"n":"Barquettes aluminium Elembal x10 0.5L","p":2.56,"img":"https://fd13-photos.leclercdrive.fr/image.ashx?id=2455093&use=l&cat=p&typeid=i","cat":334134},{"id":1402,"n":"Barquettes aluminium Elembal Plates 1L","p":4.4,"img":"https://fd13-photos.leclercdrive.fr/image.ashx?id=2455105&use=l&cat=p&typeid=i","cat":334134},{"id":1403,"n":"Barquettes aluminium Elembal Profondes x10 1L","p":4.3,"img":"https://fd13-photos.leclercdrive.fr/image.ashx?id=2455102&use=l&cat=p&typeid=i","cat":334134},{"id":1404,"n":"Barquettes aluminium Elembal x5 1,5L","p":2.77,"img":"https://fd13-photos.leclercdrive.fr/image.ashx?id=2455096&use=l&cat=p&typeid=i","cat":334134},{"id":1405,"n":"Barquettes aluminium Elembal x5 2L","p":3.46,"img":"https://fd13-photos.leclercdrive.fr/image.ashx?id=2455099&use=l&cat=p&typeid=i","cat":334134},{"id":1407,"n":"Film étirable Elembal 30m","p":1.2,"img":"https://fd13-photos.leclercdrive.fr/image.ashx?id=2431191&use=l&cat=p&typeid=i","cat":334134},{"id":1412,"n":"Sacs congélation Elembal Grand modèle x25","p":1.08,"img":"https://fd13-photos.leclercdrive.fr/image.ashx?id=2169147&use=l&cat=p&typeid=i","cat":334134},{"id":1413,"n":"Sacs congélation Elembal Petit modèle x50","p":1.1,"img":"https://fd13-photos.leclercdrive.fr/image.ashx?id=2158155&use=l&cat=p&typeid=i","cat":334134},{"id":1414,"n":"Sacs poubelle 30L Elembal à liens classiques - x25","p":1.26,"u":"0,05 €/P","img":"https://fd13-photos.leclercdrive.fr/image.ashx?id=2958699&use=l&cat=p&typeid=i","cat":285168},{"id":1415,"n":"Sacs poubelle 130L Elembal à liens classiques - x10","p":4.65,"u":"0,47 €/P","img":"https://fd13-photos.leclercdrive.fr/image.ashx?id=2791743&use=l&cat=p&typeid=i","cat":285168},{"id":1416,"n":"Sacs poubelle 100L Elembal Poignées coulissantes - x10","p":1.62,"u":"0,16 €/P","img":"https://fd13-photos.leclercdrive.fr/image.ashx?id=2791731&use=l&cat=p&typeid=i","cat":285168},{"id":1417,"n":"Sacs poubelle 100L Elembal à liens classiques - x10","p":1.54,"u":"0,15 €/P","img":"https://fd13-photos.leclercdrive.fr/image.ashx?id=2791734&use=l&cat=p&typeid=i","cat":285168},{"id":1418,"n":"Sacs poubelle 50L Elembal à liens classiques - x15","p":2.19,"u":"0,15 €/P","img":"https://fd13-photos.leclercdrive.fr/image.ashx?id=2958693&use=l&cat=p&typeid=i","cat":285168},{"id":1419,"n":"Sacs poubelle Elembal 20L x20","p":1.2,"u":"0,06 €/P","img":"https://fd13-photos.leclercdrive.fr/image.ashx?id=2791728&use=l&cat=p&typeid=i","cat":285168},{"id":1420,"n":"Sacs poubelle Elembal 20L A poignées - x30","p":2.09,"u":"0,07 €/P","img":"https://fd13-photos.leclercdrive.fr/image.ashx?id=2791674&use=l&cat=p&typeid=i","cat":285168},{"id":1421,"n":"Sacs poubelle Elembal 30L A poignées - x20","p":2.49,"u":"0,12 €/P","img":"https://fd13-photos.leclercdrive.fr/image.ashx?id=2791677&use=l&cat=p&typeid=i","cat":285168},{"id":1423,"n":"Sacs poubelle 50L Elembal Poignées coulissantes - x15","p":2.3,"u":"0,15 €/P","img":"https://fd13-photos.leclercdrive.fr/image.ashx?id=2958696&use=l&cat=p&typeid=i","cat":285168},{"id":1427,"n":"Gel douche Manava Pétales d'Orient - 250ml","p":1.15,"u":"4,60 €/L","img":"https://fd13-photos.leclercdrive.fr/image.ashx?id=2494214&use=l&cat=p&typeid=i","cat":284594},{"id":1428,"n":"Lait de douche Manava Coeur de vanille - 250ml","p":0.93,"u":"3,72 €/L","img":"https://fd13-photos.leclercdrive.fr/image.ashx?id=2456141&use=l&cat=p&typeid=i","cat":284594},{"id":1429,"n":"Gel douche Manava Boisé - 250ml","p":1.15,"u":"4,60 €/L","img":"https://fd13-photos.leclercdrive.fr/image.ashx?id=2809653&use=l&cat=p&typeid=i","cat":284594},{"id":1433,"n":"Recharge savon mains Manava Crème perles d'oranger - 250ml","p":0.68,"u":"2,72 €/L","img":"https://fd13-photos.leclercdrive.fr/image.ashx?id=2935483&use=l&cat=p&typeid=i","cat":284597},{"id":1435,"n":"Recharge savon mains Manava Crème Amande - 250ml","p":0.56,"u":"2,24 €/L","img":"https://fd13-photos.leclercdrive.fr/image.ashx?id=2935474&use=l&cat=p&typeid=i","cat":284597},{"id":1436,"n":"Lait de douche Manava Amande douce - 250ml","p":0.94,"u":"3,76 €/L","img":"https://fd13-photos.leclercdrive.fr/image.ashx?id=2771346&use=l&cat=p&typeid=i","cat":284594},{"id":1437,"n":"Lait de douche Manava Lait de coco - 250ml","p":0.93,"u":"3,72 €/L","img":"https://fd13-photos.leclercdrive.fr/image.ashx?id=2443176&use=l&cat=p&typeid=i","cat":284594},{"id":1441,"n":"Cire Chaude au Sucre Pure Veet Vanille 98% naturelle 250ml","p":4.93,"u":"19,72 €/L","img":"https://fd13-photos.leclercdrive.fr/image.ashx?id=2960684&use=l&cat=p&typeid=i","cat":325351},{"id":1449,"n":"Déodorant Manava fraîcheur Vanille glacée spray 200ml","p":1.37,"u":"6,85 €/L","img":"https://fd13-photos.leclercdrive.fr/image.ashx?id=2656445&use=l&cat=p&typeid=i","cat":284595},{"id":1464,"n":"Rasoirs jetables Bic 1 Sensitive - x10","p":1.36,"u":"0,14 €/P","img":"https://fd13-photos.leclercdrive.fr/image.ashx?id=2218035&use=l&cat=p&typeid=i","cat":284616},{"id":1466,"n":"Rasoirs jetables Bic 3 lames - x8","p":2.86,"u":"0,36 €/P","img":"https://fd13-photos.leclercdrive.fr/image.ashx?id=2789014&use=l&cat=p&typeid=i","cat":284616},{"id":1473,"n":"Gel à raser Carré Homme Hydratant 200ml","p":1.69,"u":"8,45 €/L","img":"https://fd13-photos.leclercdrive.fr/image.ashx?id=2771582&use=l&cat=p&typeid=i","cat":284617},{"id":1474,"n":"Rasoirs jetables Carré Homme 2 lames - x10","p":1.48,"u":"0,15 €/P","img":"https://fd13-photos.leclercdrive.fr/image.ashx?id=2704600&use=l&cat=p&typeid=i","cat":284616},{"id":1481,"n":"Dentifrice Dentamyl Protection caries - 75ml","p":0.73,"u":"9,73 €/L","img":"https://fd13-photos.leclercdrive.fr/image.ashx?id=1195244&use=l&cat=p&typeid=i","cat":284612},{"id":1482,"n":"Dentifrice enfant Dentamyl Fraise - 3-6 ans - 50ml","p":0.89,"u":"17,80 €/L","img":"https://fd13-photos.leclercdrive.fr/image.ashx?id=2075188&use=l&cat=p&typeid=i","cat":288898},{"id":1484,"n":"Brosse à dents junior Dentamyl 1 pièce","p":0.49,"img":"https://fd13-photos.leclercdrive.fr/image.ashx?id=2790901&use=l&cat=p&typeid=i","cat":288897},{"id":1486,"n":"Brosse à dents enfant Dentamyl 2-6 ans x1","p":0.51,"img":"https://fd13-photos.leclercdrive.fr/image.ashx?id=1980485&use=l&cat=p&typeid=i","cat":288897},{"id":1487,"n":"Pansements Primoplast Multi-usages x40","p":1.15,"img":"https://fd13-photos.leclercdrive.fr/image.ashx?id=2891773&use=l&cat=p&typeid=i","cat":284630},{"id":1488,"n":"Mouchoirs blancs 4 plis Caresse Mouchoirs papier Lotion x12","p":2.28,"u":"0,19 €/P","img":"https://fd13-photos.leclercdrive.fr/image.ashx?id=2572993&use=l&cat=p&typeid=i","cat":284638},{"id":1620,"n":"Gel lavant bébé Mots d'Enfants Corps et cheveux - 250ml","p":1.49,"u":"5,96 €/L","img":"https://fd13-photos.leclercdrive.fr/image.ashx?id=3014149&use=l&cat=p&typeid=i","cat":284740},{"id":1627,"n":"Lingettes bébé Mots d'Enfants Ultra-douces - x72","p":1.75,"u":"0,02 €/P","img":"https://fd13-photos.leclercdrive.fr/image.ashx?id=2856447&use=l&cat=p&typeid=i","cat":284738},{"id":1629,"n":"Lingettes bébé Mots d'Enfants Sensitive - x63","p":1.32,"u":"0,02 €/P","img":"https://fd13-photos.leclercdrive.fr/image.ashx?id=2856462&use=l&cat=p&typeid=i","cat":284738},{"id":1637,"n":"Change + 2 slips maille Chorys Anatomiques - Homme/Femme - x20","p":15.94,"u":"0,80 €/P","img":"https://fd13-photos.leclercdrive.fr/image.ashx?id=2169153&use=l&cat=p&typeid=i","cat":284628},{"id":1640,"n":"Protection incontinence Chorys Rectangulaire - x24","p":4.62,"u":"0,19 €/P","img":"https://fd13-photos.leclercdrive.fr/image.ashx?id=2761980&use=l&cat=p&typeid=i","cat":284628},{"id":1654,"n":"Enveloppes adhésives Esquisse x50 11x22cm 80g","p":1.5,"u":"18,75 €/KG","img":"https://fd13-photos.leclercdrive.fr/image.ashx?id=2943181&use=l&cat=p&typeid=i","cat":284697},{"id":1655,"n":"Enveloppes adhésives Esquisse x100 11x22cm 80g","p":2.5,"img":"https://fd13-photos.leclercdrive.fr/image.ashx?id=2943184&use=l&cat=p&typeid=i","cat":284697},{"id":1656,"n":"Pochettes kraft Esquisse Adhésives 22.9x32.4cm x25","p":2.15,"img":"https://fd13-photos.leclercdrive.fr/image.ashx?id=1699690&use=l&cat=p&typeid=i","cat":284697},{"id":1657,"n":"Pochettes kraft Esquisse Adhésives 16.2x22.9cm x25","p":1.45,"img":"https://fd13-photos.leclercdrive.fr/image.ashx?id=1698655&use=l&cat=p&typeid=i","cat":284697},{"id":1658,"n":"Ruban adhésif Esquisse invisible + dévidoir - 25m","p":1.3,"u":"0,05 €/MT","img":"https://fd13-photos.leclercdrive.fr/image.ashx?id=2943199&use=l&cat=p&typeid=i","cat":334133},{"id":1660,"n":"Tube de colle Esquisse 2x10g","p":0.69,"u":"34,50 €/KG","img":"https://fd13-photos.leclercdrive.fr/image.ashx?id=1699684&use=l&cat=p&typeid=i","cat":334133},{"id":1661,"n":"Bâton de colle Esquisse 20g","p":0.75,"u":"37,50 €/KG","img":"https://fd13-photos.leclercdrive.fr/image.ashx?id=1699687&use=l&cat=p&typeid=i","cat":334133},{"id":1666,"n":"Feuilles blanches Esquisse A4 80g - 500 feuilles","p":3.99,"img":"https://fd13-photos.leclercdrive.fr/image.ashx?id=2943196&use=l&cat=p&typeid=i","cat":284697},{"id":1683,"n":"Piles alcalines Foxter AAA/LR3 1,5V - x4","p":0.99,"img":"https://fd13-photos.leclercdrive.fr/image.ashx?id=2162150&use=l&cat=p&typeid=i","cat":300572},{"id":1684,"n":"Piles Foxter C/LR14 1.5V - x2","p":1.99,"img":"https://fd13-photos.leclercdrive.fr/image.ashx?id=2162168&use=l&cat=p&typeid=i","cat":300572},{"id":1685,"n":"Piles alcalines Foxter D/LR20 - x2","p":2.09,"img":"https://fd13-photos.leclercdrive.fr/image.ashx?id=2162171&use=l&cat=p&typeid=i","cat":300572},{"id":1686,"n":"Pile Foxter 9V/6LR61 - x1","p":1.99,"img":"https://fd13-photos.leclercdrive.fr/image.ashx?id=2162159&use=l&cat=p&typeid=i","cat":300572},{"id":1687,"n":"Pile alcaline Foxter 3LR12 4,5V - x1","p":2.39,"img":"https://fd13-photos.leclercdrive.fr/image.ashx?id=2162177&use=l&cat=p&typeid=i","cat":300572},{"id":1729,"n":"Croquettes chiens Lydog poulet Petit chien - Poulet - 1kg","p":2.92,"u":"2,92 €/KG","img":"https://fd13-photos.leclercdrive.fr/image.ashx?id=2895762&use=l&cat=p&typeid=i","cat":294526},{"id":1730,"n":"Barquette chiens Lydog Au Saumon et Truite - 300g","p":1.45,"u":"4,83 €/KG","img":"https://fd13-photos.leclercdrive.fr/image.ashx?id=2042433&use=l&cat=p&typeid=i","cat":284673},{"id":1735,"n":"Croquettes chiens Tous Mes Amis Spécial Forme - 10kg","p":12.25,"u":"1,23 €/KG","img":"https://fd13-photos.leclercdrive.fr/image.ashx?id=1972608&use=l&cat=p&typeid=i","cat":284672},{"id":1751,"n":"Croquettes chat Purina One Adulte - Saumon/Céréales - 450g","p":2.31,"u":"5,13 €/KG","img":"https://fd13-photos.leclercdrive.fr/image.ashx?id=2683220&use=l&cat=p&typeid=i","cat":284680},{"id":1753,"n":"Croquettes chat Purina One Adulte - Saumon/Céréales -1.5kg","p":6.16,"u":"4,11 €/KG","img":"https://fd13-photos.leclercdrive.fr/image.ashx?id=2902268&use=l&cat=p&typeid=i","cat":284680},{"id":1754,"n":"Croquettes chat Purina One Adulte - Poulet/Céréales - 3kg","p":11.35,"u":"3,78 €/KG","img":"https://fd13-photos.leclercdrive.fr/image.ashx?id=2432007&use=l&cat=p&typeid=i","cat":284680},{"id":1755,"n":"Bouchées chiens Lydog Adulte - Boeuf - 4kg","p":7.49,"u":"1,87 €/KG","img":"https://fd13-photos.leclercdrive.fr/image.ashx?id=2907162&use=l&cat=p&typeid=i","cat":284672},{"id":1756,"n":"Emincés en sauce Tous mes amis pour chats -  800g","p":1.45,"u":"1,81 €/KG","img":"https://fd13-photos.leclercdrive.fr/image.ashx?id=2606798&use=l&cat=p&typeid=i","cat":285601},{"id":1759,"n":"Croquettes chat Tous mes amis Boeuf Poulet Foie - 400g","p":1.19,"u":"2,98 €/KG","img":"https://fd13-photos.leclercdrive.fr/image.ashx?id=2301379&use=l&cat=p&typeid=i","cat":284680},{"id":1761,"n":"Croquettes chat Tous mes amis Saumon thon lég.verts - 400g","p":0.81,"u":"2,03 €/KG","img":"https://fd13-photos.leclercdrive.fr/image.ashx?id=2301382&use=l&cat=p&typeid=i","cat":284680},{"id":1762,"n":"Croquettes chat Tous mes amis Poulet légumes - 4kg","p":5.76,"u":"1,44 €/KG","img":"https://fd13-photos.leclercdrive.fr/image.ashx?id=2301406&use=l&cat=p&typeid=i","cat":284680},{"id":1763,"n":"Croquettes chat Tous mes amis Boeuf Poulet Légumes - 2kg","p":2.79,"u":"1,40 €/KG","img":"https://fd13-photos.leclercdrive.fr/image.ashx?id=2739724&use=l&cat=p&typeid=i","cat":284680},{"id":1764,"n":"Croquettes chat Tous mes amis Poulet dinde canard olive - 2kg","p":3.62,"u":"1,81 €/KG","img":"https://fd13-photos.leclercdrive.fr/image.ashx?id=2301400&use=l&cat=p&typeid=i","cat":284680},{"id":1765,"n":"Croquettes chat Tous mes amis Saumon & Légumes - 2kg","p":2.79,"u":"1,40 €/KG","img":"https://fd13-photos.leclercdrive.fr/image.ashx?id=2301394&use=l&cat=p&typeid=i","cat":284680},{"id":1766,"n":"Croquettes chat Tous mes amis Chaton - 400g","p":1.05,"u":"2,63 €/KG","img":"https://fd13-photos.leclercdrive.fr/image.ashx?id=2503275&use=l&cat=p&typeid=i","cat":284680},{"id":1767,"n":"Barquette chats Tous mes amis au Boeuf - 100g","p":0.72,"u":"7,20 €/KG","img":"https://fd13-photos.leclercdrive.fr/image.ashx?id=2042418&use=l&cat=p&typeid=i","cat":285286},{"id":1769,"n":"Barquette chats Lycat au Foie et Volaille - 100g","p":0.55,"u":"5,50 €/KG","img":"https://fd13-photos.leclercdrive.fr/image.ashx?id=2042415&use=l&cat=p&typeid=i","cat":285286},{"id":1770,"n":"Barquette chats Tous mes amis au Saumon 100g","p":0.58,"u":"5,80 €/KG","img":"https://fd13-photos.leclercdrive.fr/image.ashx?id=2042412&use=l&cat=p&typeid=i","cat":285286},{"id":1771,"n":"Terrines chats Tous mes amis Délices Multi-viandes - 3x400g","p":3.22,"u":"2,68 €/KG","img":"https://fd13-photos.leclercdrive.fr/image.ashx?id=2042966&use=l&cat=p&typeid=i","cat":285601},{"id":1772,"n":"Sachet repas chat Tous mes amis Poissons en gelée - 12x100g","p":3.65,"u":"3,04 €/KG","img":"https://fd13-photos.leclercdrive.fr/image.ashx?id=2027592&use=l&cat=p&typeid=i","cat":285286},{"id":1775,"n":"Litière minérale Catsan Hygiène plus pour chat - 10L","p":5.19,"u":"0,52 €/L","img":"https://fd13-photos.leclercdrive.fr/image.ashx?id=2692677&use=l&cat=p&typeid=i","cat":284683},{"id":1776,"n":"Litière chats Eco+ 7L","p":1.2,"u":"0,17 €/L","img":"https://fd13-photos.leclercdrive.fr/image.ashx?id=2757509&use=l&cat=p&typeid=i","cat":284683},{"id":1786,"n":"Blocs WC Syphon Activ' effect Fraîcheur marine x3","p":1.22,"u":"0,41 €/P","img":"https://fd13-photos.leclercdrive.fr/image.ashx?id=2317294&use=l&cat=p&typeid=i","cat":284662},{"id":1795,"n":"Lingettes nettoyantes Clair Multi-surfaces citron x50","p":1.38,"u":"0,03 €/P","img":"https://fd13-photos.leclercdrive.fr/image.ashx?id=2835193&use=l&cat=p&typeid=i","cat":325358},{"id":1798,"n":"Eponges Multi-usages Mamison grattantes - x3","p":0.89,"u":"0,30 €/P","img":"https://fd13-photos.leclercdrive.fr/image.ashx?id=2202341&use=l&cat=p&typeid=i","cat":284667},{"id":1799,"n":"Haricots verts Notre Jardin Très fins - 3x110g","p":1.83,"u":"5,55 €/KG","img":"https://fd13-photos.leclercdrive.fr/image.ashx?id=2987994&use=l&cat=p&typeid=i","cat":312606},{"id":1800,"n":"Lingettes nettoyantes Clair Muguet x50","p":1.72,"u":"0,03 €/P","img":"https://fd13-photos.leclercdrive.fr/image.ashx?id=2835196&use=l&cat=p&typeid=i","cat":325358},{"id":1801,"n":"Boules inox Mamison x2","p":0.44,"img":"https://fd13-photos.leclercdrive.fr/image.ashx?id=555602&use=l&cat=p&typeid=i","cat":284667},{"id":1802,"n":"Insecticide Insectivor cafards Fourmis araignées 400ml","p":2.13,"u":"5,33 €/L","img":"https://fd13-photos.leclercdrive.fr/image.ashx?id=1929304&use=l&cat=p&typeid=i","cat":298368},{"id":1803,"n":"Spray désodorisant Texil Textile 500ml","p":2.61,"u":"5,22 €/L","img":"https://fd13-photos.leclercdrive.fr/image.ashx?id=2958690&use=l&cat=p&typeid=i","cat":290451},{"id":1804,"n":"Asperges vertes miniatures  Notre Jardin - 100g","p":1.49,"u":"14,90 €/KG","img":"https://fd13-photos.leclercdrive.fr/image.ashx?id=2591515&use=l&cat=p&typeid=i","cat":312611},{"id":1806,"n":"Insecticide Insectivor guêpes Mouches moustiques - 400ml","p":2.15,"u":"5,38 €/L","img":"https://fd13-photos.leclercdrive.fr/image.ashx?id=2835008&use=l&cat=p&typeid=i","cat":298368},{"id":1810,"n":"Gel nettoyant wc Syphon 750ml","p":1.03,"u":"1,37 €/L","img":"https://fd13-photos.leclercdrive.fr/image.ashx?id=2558775&use=l&cat=p&typeid=i","cat":284662},{"id":1812,"n":"Gel nettoyant wc Syphon 750ml","p":0.66,"u":"0,88 €/L","img":"https://fd13-photos.leclercdrive.fr/image.ashx?id=2067935&use=l&cat=p&typeid=i","cat":284662},{"id":1816,"n":"Déboucheur canalisations Syphon Gel 1L","p":1.39,"u":"1,39 €/L","img":"https://fd13-photos.leclercdrive.fr/image.ashx?id=2202347&use=l&cat=p&typeid=i","cat":284908},{"id":1821,"n":"Confiture Bonne Maman Figues violettes - 370g","p":1.9,"u":"5,14 €/KG","img":"https://fd13-photos.leclercdrive.fr/image.ashx?id=2547477&use=l&cat=p&typeid=i","cat":284480},{"id":1822,"n":"Confiture Bonne Maman Myrtilles - 370g","p":2.77,"u":"7,49 €/KG","img":"https://fd13-photos.leclercdrive.fr/image.ashx?id=2132361&use=l&cat=p&typeid=i","cat":284480},{"id":1825,"n":"Confiture Bonne Maman Cerises griottes - 370g","p":2.34,"u":"6,32 €/KG","img":"https://fd13-photos.leclercdrive.fr/image.ashx?id=2474981&use=l&cat=p&typeid=i","cat":284480},{"id":1826,"n":"Confiture Douceur du Verger Abricots - Allégée - 340g","p":1.14,"u":"3,35 €/KG","img":"https://fd13-photos.leclercdrive.fr/image.ashx?id=2965440&use=l&cat=p&typeid=i","cat":284480},{"id":1828,"n":"Confiture Bonne Maman Framboises - 370g","p":2.39,"u":"6,46 €/KG","img":"https://fd13-photos.leclercdrive.fr/image.ashx?id=2544807&use=l&cat=p&typeid=i","cat":284480},{"id":1833,"n":"Confiture Douceur du Verger Fraises - 340g","p":1.05,"u":"3,09 €/KG","img":"https://fd13-photos.leclercdrive.fr/image.ashx?id=2965431&use=l&cat=p&typeid=i","cat":284480},{"id":1835,"n":"Confiture Douceur du Verger Orange 340g","p":0.99,"u":"2,83 €/KG","img":"https://fd13-photos.leclercdrive.fr/image.ashx?id=2965434&use=l&cat=p&typeid=i","cat":284480},{"id":1845,"n":"Barres de céréales Frosties Kellogg's - 6x25g","p":1.89,"u":"12,60 €/KG","img":"https://fd13-photos.leclercdrive.fr/image.ashx?id=2300062&use=l&cat=p&typeid=i","cat":285869},{"id":1846,"n":"Compote Douceur du Verger Gourdes Pomme Fraise - 4x90g","p":1.39,"u":"3,86 €/KG","img":"https://fd13-photos.leclercdrive.fr/image.ashx?id=2837024&use=l&cat=p&typeid=i","cat":284508},{"id":1848,"n":"Chocolat au lait Tablette d'Or Lait Noisettes - 3x100g","p":3.64,"u":"12,13 €/KG","img":"https://fd13-photos.leclercdrive.fr/image.ashx?id=3014347&use=l&cat=p&typeid=i","cat":284497},{"id":1850,"n":"Chocolat au lait Tablette d'Or Céréales croustillantes 2x100g","p":2.01,"u":"10,05 €/KG","img":"https://fd13-photos.leclercdrive.fr/image.ashx?id=2555952&use=l&cat=p&typeid=i","cat":284497},{"id":1851,"n":"Chocolat au lait Tablette d'Or 3x100g","p":3.13,"u":"10,43 €/KG","img":"https://fd13-photos.leclercdrive.fr/image.ashx?id=2771508&use=l&cat=p&typeid=i","cat":284497},{"id":1861,"n":"Levure chimique Tablier Blanc x6 sachets","p":0.26,"u":"3,94 €/KG","img":"https://fd13-photos.leclercdrive.fr/image.ashx?id=2867892&use=l&cat=p&typeid=i","cat":294686},{"id":1863,"n":"Soja cuisine fluide Bio Bjorg - 25cl","p":1.04,"u":"4,16 €/L","img":"https://fd13-photos.leclercdrive.fr/image.ashx?id=2970921&use=l&cat=p&typeid=i","cat":316069},{"id":1864,"n":"Chocolat Tablette d'Or Noir amandes entières 200g","p":1.84,"u":"9,20 €/KG","img":"https://fd13-photos.leclercdrive.fr/image.ashx?id=1979890&use=l&cat=p&typeid=i","cat":284956},{"id":1865,"n":"Chocolat Tablette d'Or noir Ecorces d'orange 200g","p":2.45,"u":"12,25 €/KG","img":"https://fd13-photos.leclercdrive.fr/image.ashx?id=2654267&use=l&cat=p&typeid=i","cat":284956},{"id":1867,"n":"Chocolat au lait Tablette d'Or Noisettes entières - 200g","p":2.31,"u":"11,55 €/KG","img":"https://fd13-photos.leclercdrive.fr/image.ashx?id=2580889&use=l&cat=p&typeid=i","cat":284497},{"id":1868,"n":"Chocolat blanc Tablette d'Or Noisettes entières - 200g","p":2.45,"u":"12,25 €/KG","img":"https://fd13-photos.leclercdrive.fr/image.ashx?id=1961658&use=l&cat=p&typeid=i","cat":284957},{"id":1870,"n":"Tablette de chocolat Equador Noir 85% cacao - 100g","p":1.53,"u":"15,30 €/KG","img":"https://fd13-photos.leclercdrive.fr/image.ashx?id=2840734&use=l&cat=p&typeid=i","cat":284956},{"id":1871,"n":"Céréales mini-pack Kellogg's Multi-variétés - 215g","p":2.72,"u":"12,65 €/KG","img":"https://fd13-photos.leclercdrive.fr/image.ashx?id=3014467&use=l&cat=p&typeid=i","cat":309513},{"id":1873,"n":"Petits pains grillés Epi d'Or Complet - 225g","p":0.89,"u":"3,96 €/KG","img":"https://fd13-photos.leclercdrive.fr/image.ashx?id=2726491&use=l&cat=p&typeid=i","cat":284479},{"id":1874,"n":"Chocolat Tablette d'Or Noir noisettes entières 200g","p":2.05,"u":"10,25 €/KG","img":"https://fd13-photos.leclercdrive.fr/image.ashx?id=2582516&use=l&cat=p&typeid=i","cat":284956},{"id":1878,"n":"Compote Douceur du Verger Coupelle pomme pêche - 4x100g","p":1.19,"u":"2,98 €/KG","img":"https://fd13-photos.leclercdrive.fr/image.ashx?id=2663464&use=l&cat=p&typeid=i","cat":284508},{"id":1879,"n":"Compote Douceur du Verger Coupelle pomme poire - 4x100g","p":1.15,"u":"2,88 €/KG","img":"https://fd13-photos.leclercdrive.fr/image.ashx?id=2663470&use=l&cat=p&typeid=i","cat":284508},{"id":1883,"n":"Compote Douceur du Verger Gourdes Pomme Banane - 4x90g","p":1.59,"u":"4,42 €/KG","img":"https://fd13-photos.leclercdrive.fr/image.ashx?id=2837027&use=l&cat=p&typeid=i","cat":284508},{"id":1884,"n":"Compote Douceur du Verger Gourdes Pomme - 4x90g","p":0.99,"u":"2,75 €/KG","img":"https://fd13-photos.leclercdrive.fr/image.ashx?id=2837018&use=l&cat=p&typeid=i","cat":284508},{"id":1886,"n":"Petits pois Notre Jardin A l'étuvée - Extra fins - 560g","p":1.29,"u":"2,30 €/KG","img":"https://fd13-photos.leclercdrive.fr/image.ashx?id=2526267&use=l&cat=p&typeid=i","cat":312607},{"id":1887,"n":"Champignons Paris Notre Jardin Pieds et morceaux - 3x115g","p":1.99,"u":"5,77 €/KG","img":"https://fd13-photos.leclercdrive.fr/image.ashx?id=2724693&use=l&cat=p&typeid=i","cat":312610},{"id":1888,"n":"Flageolets verts Notre Jardin Extra fins - 530g","p":1.29,"u":"2,43 €/KG","img":"https://fd13-photos.leclercdrive.fr/image.ashx?id=2050612&use=l&cat=p&typeid=i","cat":312606},{"id":1889,"n":"Macédoine légumes Notre Jardin 3x130g","p":1.75,"u":"4,49 €/KG","img":"https://fd13-photos.leclercdrive.fr/image.ashx?id=2537349&use=l&cat=p&typeid=i","cat":312612},{"id":1890,"n":"Choux Bruxelles Notre Jardin 265g","p":1.29,"u":"4,87 €/KG","img":"https://fd13-photos.leclercdrive.fr/image.ashx?id=2913654&use=l&cat=p&typeid=i","cat":312612},{"id":1895,"n":"Foie de morue Connétable MSC - Fumé - 121g","p":1.92,"u":"15,87 €/KG","img":"https://fd13-photos.leclercdrive.fr/image.ashx?id=2804454&use=l&cat=p&typeid=i","cat":305147},{"id":1897,"n":"Pâté NRT Campagne porc breton - 200g","p":1.91,"u":"9,55 €/KG","img":"https://fd13-photos.leclercdrive.fr/image.ashx?id=2560494&use=l&cat=p&typeid=i","cat":305149},{"id":1898,"n":"Cassoulet Côté Table 840g","p":2.19,"u":"2,61 €/KG","img":"https://fd13-photos.leclercdrive.fr/image.ashx?id=2977096&use=l&cat=p&typeid=i","cat":284440},{"id":1901,"n":"Taboulé Côté Table Etui 730g","p":1.99,"u":"2,73 €/KG","img":"https://fd13-photos.leclercdrive.fr/image.ashx?id=2977093&use=l&cat=p&typeid=i","cat":325094},{"id":1903,"n":"Saucisses cocktail Tokapi  240g","p":1.95,"u":"8,13 €/KG","img":"https://fd13-photos.leclercdrive.fr/image.ashx?id=2943614&use=l&cat=p&typeid=i","cat":284450},{"id":1906,"n":"Huile de tournesol Lesieur  1L","p":2.68,"u":"2,68 €/L","img":"https://fd13-photos.leclercdrive.fr/image.ashx?id=2916839&use=l&cat=p&typeid=i","cat":284453},{"id":1909,"n":"Olives vertes Rustica Entières - 200g","p":1.24,"u":"6,20 €/KG","img":"https://fd13-photos.leclercdrive.fr/image.ashx?id=2499073&use=l&cat=p&typeid=i","cat":284458},{"id":1913,"n":"Pâtes Barilla Coquillettes - 500g","p":0.94,"u":"1,88 €/KG","img":"https://fd13-photos.leclercdrive.fr/image.ashx?id=2392218&use=l&cat=p&typeid=i","cat":284427},{"id":1920,"n":"Boisson végétale Bio Bjorg Soja Douceur - 1L","p":1.8,"u":"1,80 €/L","img":"https://fd13-photos.leclercdrive.fr/image.ashx?id=2967052&use=l&cat=p&typeid=i","cat":316067},{"id":1925,"n":"Petits beurre P'tit Déli x24 - 200g","p":0.95,"u":"4,75 €/KG","img":"https://fd13-photos.leclercdrive.fr/image.ashx?id=1898886&use=l&cat=p&typeid=i","cat":284487},{"id":1928,"n":"Brioche vendéenne IGP NRT Tressée - 650g","p":4.06,"u":"6,25 €/KG","img":"https://fd13-photos.leclercdrive.fr/image.ashx?id=2679789&use=l&cat=p&typeid=i","cat":284478},{"id":1930,"n":"Quatre-quart P'tit Déli De Bretagne - 800g","p":4.29,"u":"5,36 €/KG","img":"https://fd13-photos.leclercdrive.fr/image.ashx?id=1939887&use=l&cat=p&typeid=i","cat":294776},{"id":1935,"n":"Café Soluble Nescafé Sélection - 200g","p":6.15,"u":"30,75 €/KG","img":"https://fd13-photos.leclercdrive.fr/image.ashx?id=2968847&use=l&cat=p&typeid=i","cat":284843},{"id":1939,"n":"Infusion Tiséa verveine menthe x25","p":0.92,"u":"23,00 €/KG","img":"https://fd13-photos.leclercdrive.fr/image.ashx?id=2441102&use=l&cat=p&typeid=i","cat":293234},{"id":1943,"n":"Confiture Bonne Maman Fraises - 750g","p":3.51,"u":"4,68 €/KG","img":"https://fd13-photos.leclercdrive.fr/image.ashx?id=2906073&use=l&cat=p&typeid=i","cat":284480},{"id":1944,"n":"Miel Nid d'Abeille A tartiner - 250 g","p":1.91,"u":"7,64 €/KG","img":"https://fd13-photos.leclercdrive.fr/image.ashx?id=2696805&use=l&cat=p&typeid=i","cat":287643},{"id":1955,"n":"Farine de blé T45 Tablier Blanc 1kg","p":0.69,"u":"0,69 €/KG","img":"https://fd13-photos.leclercdrive.fr/image.ashx?id=2832625&use=l&cat=p&typeid=i","cat":284503},{"id":1956,"n":"Compote Douceur du Verger Coupelle pomme banane - 4x100g","p":1.24,"u":"3,10 €/KG","img":"https://fd13-photos.leclercdrive.fr/image.ashx?id=2663461&use=l&cat=p&typeid=i","cat":284508},{"id":1961,"n":"Tablette de chocolat Equador Noir 72% cacao 100g","p":1.39,"u":"13,90 €/KG","img":"https://fd13-photos.leclercdrive.fr/image.ashx?id=2822920&use=l&cat=p&typeid=i","cat":284956},{"id":1962,"n":"Tablette de Chocolat Blanc Galak - 2x100g","p":2.94,"u":"14,70 €/KG","img":"https://fd13-photos.leclercdrive.fr/image.ashx?id=2769618&use=l&cat=p&typeid=i","cat":284957},{"id":1972,"n":"Eau minérale gazeuse Perrier  Bouteilles en verre 8x20cl","p":3.35,"u":"2,09 €/L","img":"https://fd13-photos.leclercdrive.fr/image.ashx?id=2587551&use=l&cat=p&typeid=i","cat":284536},{"id":1975,"n":"Sirop Frucci Menthe - 75cl","p":1.85,"u":"2,47 €/L","img":"https://fd13-photos.leclercdrive.fr/image.ashx?id=2842208&use=l&cat=p&typeid=i","cat":295020},{"id":1980,"n":"Pur Jus d'ananas Jafaden Brique élopack 1L","p":2.09,"u":"2,09 €/L","img":"https://fd13-photos.leclercdrive.fr/image.ashx?id=2955683&use=l&cat=p&typeid=i","cat":284916},{"id":1984,"n":"Thé glacé Fresh Tea Pêche - 2L","p":1.69,"u":"0,85 €/L","img":"https://fd13-photos.leclercdrive.fr/image.ashx?id=2715281&use=l&cat=p&typeid=i","cat":295019},{"id":1990,"n":"Scotch Whisky Label 5 40%vol - 70cl","p":13.05,"u":"18,64 €/L","img":"https://fd13-photos.leclercdrive.fr/image.ashx?id=2639468&use=l&cat=p&typeid=i","cat":284547},{"id":1992,"n":"Whisky Famous grouse 40%vol. - 70cl","p":16.45,"u":"23,50 €/L","img":"https://fd13-photos.leclercdrive.fr/image.ashx?id=2745088&use=l&cat=p&typeid=i","cat":284547},{"id":1994,"n":"Whisky J&B Rare 40%vol - 70cl","p":15.59,"u":"22,27 €/L","img":"https://fd13-photos.leclercdrive.fr/image.ashx?id=2301028&use=l&cat=p&typeid=i","cat":284547},{"id":1995,"n":"Whisky Ballantine's Finest Blended Scotch 40% vol - 70cl","p":15.4,"pp":14.4,"u":"20,57 €/L","img":"https://fd13-photos.leclercdrive.fr/image.ashx?id=2981298&use=l&cat=p&typeid=i","cat":284547},{"id":1997,"n":"Whisky Clan Campbell Blended Scotch 40% vol - 70cl","p":14.15,"u":"20,21 €/L","img":"https://fd13-photos.leclercdrive.fr/image.ashx?id=2868365&use=l&cat=p&typeid=i","cat":284547},{"id":1998,"n":"Whiskey Irlandais Jameson  40% vol - 70cl","p":20.45,"u":"29,21 €/L","img":"https://fd13-photos.leclercdrive.fr/image.ashx?id=2866025&use=l&cat=p&typeid=i","cat":284547},{"id":2000,"n":"Pastis Duval 45%vol - 1L","p":16.95,"u":"16,95 €/L","img":"https://fd13-photos.leclercdrive.fr/image.ashx?id=2659656&use=l&cat=p&typeid=i","cat":284548},{"id":2001,"n":"Pastis Ricard Anisé 45% vol - 1L","p":19.89,"pp":18.89,"u":"18,89 €/L","img":"https://fd13-photos.leclercdrive.fr/image.ashx?id=2947820&use=l&cat=p&typeid=i","cat":284548},{"id":2002,"n":"Pastis de Marseille Vivalis 45%vol - 1L","p":17.02,"u":"17,02 €/L","img":"https://fd13-photos.leclercdrive.fr/image.ashx?id=2699639&use=l&cat=p&typeid=i","cat":284548},{"id":2003,"n":"Vodka premium Eristoff Original 37,5° - 70cl","p":12.95,"u":"18,50 €/L","img":"https://fd13-photos.leclercdrive.fr/image.ashx?id=2850734&use=l&cat=p&typeid=i","cat":284550},{"id":2006,"n":"Vodka Novotna  Pure grain 37.5%vol - 70cl","p":10.47,"u":"14,96 €/L","img":"https://fd13-photos.leclercdrive.fr/image.ashx?id=1654441&use=l&cat=p&typeid=i","cat":284550},{"id":2007,"n":"Rhum blanc Bacardi Carta Blanca 37,5° - 70cl","p":15.99,"u":"22,84 €/L","img":"https://fd13-photos.leclercdrive.fr/image.ashx?id=2833933&use=l&cat=p&typeid=i","cat":284550},{"id":2009,"n":"Rhum ambré Negrita 40%vol - 50cl","p":7.58,"u":"15,16 €/L","img":"https://fd13-photos.leclercdrive.fr/image.ashx?id=2785112&use=l&cat=p&typeid=i","cat":284550},{"id":2010,"n":"Rhum blanc Old Nick  40%vol - 70cl","p":10.65,"u":"15,21 €/L","img":"https://fd13-photos.leclercdrive.fr/image.ashx?id=2483747&use=l&cat=p&typeid=i","cat":284550},{"id":2012,"n":"Rhum ambré Negrita 40%vol - 1L","p":13.6,"u":"13,60 €/L","img":"https://fd13-photos.leclercdrive.fr/image.ashx?id=2519633&use=l&cat=p&typeid=i","cat":284550},{"id":2014,"n":"Cognac Hennessy v.s 40%vol 70cl","p":40.35,"u":"57,64 €/L","img":"https://fd13-photos.leclercdrive.fr/image.ashx?id=2732449&use=l&cat=p&typeid=i","cat":286032},{"id":2018,"n":"Rhum Lagoa 40%vol - 50cl","p":7.0,"u":"14,00 €/L","img":"https://fd13-photos.leclercdrive.fr/image.ashx?id=2966487&use=l&cat=p&typeid=i","cat":284550},{"id":2019,"n":"Sucre de canne Lagoa 70cl","p":1.65,"u":"2,36 €/L","img":"https://fd13-photos.leclercdrive.fr/image.ashx?id=2966475&use=l&cat=p&typeid=i","cat":284551},{"id":2021,"n":"Apéritif Suze L'Originale 15% vol - 1L","p":9.89,"u":"9,89 €/L","img":"https://fd13-photos.leclercdrive.fr/image.ashx?id=2914462&use=l&cat=p&typeid=i","cat":284913},{"id":2023,"n":"Muscat Guillaume d'Arria 15.5%vol - 75cl","p":7.52,"u":"10,03 €/L","img":"https://fd13-photos.leclercdrive.fr/image.ashx?id=742129&use=l&cat=p&typeid=i","cat":284913},{"id":2024,"n":"Rivesaltes ambré G. d'Arria 16%vol - 75cl","p":4.27,"u":"5,69 €/L","img":"https://fd13-photos.leclercdrive.fr/image.ashx?id=2974735&use=l&cat=p&typeid=i","cat":284913},{"id":2025,"n":"Muscat de Rivesaltes G. d'Arria 15.5%vol - 75cl","p":4.99,"u":"6,65 €/L","img":"https://fd13-photos.leclercdrive.fr/image.ashx?id=2974741&use=l&cat=p&typeid=i","cat":284913},{"id":2029,"n":"AOP Bordeaux rouge Malesan - 75 cl","p":4.72,"u":"6,29 €/L","img":"https://fd13-photos.leclercdrive.fr/image.ashx?id=2917432&use=l&cat=p&typeid=i","cat":289556},{"id":2044,"n":"IGP Pays d'Oc Merlot vin rouge Vieux Carion 13% vol -75 cl","p":2.25,"u":"3,00 €/L","img":"https://fd13-photos.leclercdrive.fr/image.ashx?id=2764724&use=l&cat=p&typeid=i","cat":289556},{"id":2045,"n":"IGP Pays d'Oc vin rouge Vieux Carion 12.5% vol -75 cl","p":2.25,"u":"3,00 €/L","img":"https://fd13-photos.leclercdrive.fr/image.ashx?id=2800267&use=l&cat=p&typeid=i","cat":289556},{"id":2049,"n":"IGP Pays d'Oc Gris vin rosé Rives & Terrasses - 75cl -12,5%","p":2.89,"u":"3,85 €/L","img":"https://fd13-photos.leclercdrive.fr/image.ashx?id=2671396&use=l&cat=p&typeid=i","cat":289558},{"id":2051,"n":"IGP Pays d'Oc Syrah vin rosé Vieux Carion 12.5% vol -75 cl","p":2.25,"u":"3,00 €/L","img":"https://fd13-photos.leclercdrive.fr/image.ashx?id=2892340&use=l&cat=p&typeid=i","cat":289558},{"id":2058,"n":"IGP Pays d'Oc Sauvignon Blanc Vieux Carion 12% vol -75 cl","p":2.25,"u":"3,00 €/L","img":"https://fd13-photos.leclercdrive.fr/image.ashx?id=2879937&use=l&cat=p&typeid=i","cat":289557},{"id":2072,"n":"AOP Champagne Mumm Cordon Rouge Brut 12% vol - 75cl","p":28.9,"pp":27.9,"u":"37,20 €/L","img":"https://fd13-photos.leclercdrive.fr/image.ashx?id=3011005&use=l&cat=p&typeid=i","cat":284542},{"id":2074,"n":"AOP Champagne demi-sec blanc Pol Carson - 75cl","p":17.99,"u":"23,99 €/L","img":"https://fd13-photos.leclercdrive.fr/image.ashx?id=1468962&use=l&cat=p&typeid=i","cat":284542},{"id":2075,"n":"AOP Champagne brut Pol Carson - 75cl","p":17.99,"u":"23,99 €/L","img":"https://fd13-photos.leclercdrive.fr/image.ashx?id=2909843&use=l&cat=p&typeid=i","cat":284542},{"id":2078,"n":"Pétillant Gibus pomme Sans alcool 75cl","p":2.3,"u":"3,07 €/L","img":"https://fd13-photos.leclercdrive.fr/image.ashx?id=1887586&use=l&cat=p&typeid=i","cat":289460},{"id":2079,"n":"Cidre bouché Les Goelleries Breton doux 2%vol. - 75cl","p":2.15,"u":"2,87 €/L","img":"https://fd13-photos.leclercdrive.fr/image.ashx?id=2842190&use=l&cat=p&typeid=i","cat":334880},{"id":2082,"n":"AOP Crémant d'Alsace brut Rebmann - 75 cl","p":5.95,"u":"7,93 €/L","img":"https://fd13-photos.leclercdrive.fr/image.ashx?id=2888935&use=l&cat=p&typeid=i","cat":284545},{"id":2087,"n":"Jus de pomme pétillant Champomy L'Original Pomme - 75cl","p":2.67,"u":"3,56 €/L","img":"https://fd13-photos.leclercdrive.fr/image.ashx?id=2688683&use=l&cat=p&typeid=i","cat":289460},{"id":2090,"n":"Emmental fromage bloc Les Croisés - 500g","p":4.19,"u":"8,38 €/KG","img":"https://fd13-photos.leclercdrive.fr/image.ashx?id=2897769&use=l&cat=p&typeid=i","cat":314034},{"id":2092,"n":"Bûche de chèvre Saint-Maure LEs Croisés 25% MG - 200g","p":2.06,"u":"10,30 €/KG","img":"https://fd13-photos.leclercdrive.fr/image.ashx?id=2894719&use=l&cat=p&typeid=i","cat":314031},{"id":2095,"n":"Emmental Fromage râpé Les Croisés - 3x70g","p":1.89,"u":"9,00 €/KG","img":"https://fd13-photos.leclercdrive.fr/image.ashx?id=2949406&use=l&cat=p&typeid=i","cat":314035},{"id":2104,"n":"Mousse à la liégeoise Délisse Chocolat - 8x80g","p":2.35,"u":"3,67 €/KG","img":"https://fd13-photos.leclercdrive.fr/image.ashx?id=3009490&use=l&cat=p&typeid=i","cat":284417},{"id":2111,"n":"Beurre Extra fin Les Croisés Doux - 82% MG - 250g","p":2.35,"u":"9,40 €/KG","img":"https://fd13-photos.leclercdrive.fr/image.ashx?id=2791224&use=l&cat=p&typeid=i","cat":284379},{"id":2112,"n":"Sauce Béchamel Bridélice 3x20cl","p":2.65,"u":"4,42 €/L","img":"https://fd13-photos.leclercdrive.fr/image.ashx?id=2888458&use=l&cat=p&typeid=i","cat":284382},{"id":2114,"n":"Saucisse sèche Saint Azay Qualité supérieure - 250g","p":2.99,"u":"11,96 €/KG","img":"https://fd13-photos.leclercdrive.fr/image.ashx?id=2859149&use=l&cat=p&typeid=i","cat":316006},{"id":2121,"n":"Carottes râpées Menu Fraîcheur  Assaisonnées - 300g","p":0.69,"u":"2,30 €/KG","img":"https://fd13-photos.leclercdrive.fr/image.ashx?id=2816552&use=l&cat=p&typeid=i","cat":333657},{"id":2125,"n":"Tagliatelle fraîche Turini 350g","p":1.24,"u":"3,54 €/KG","img":"https://fd13-photos.leclercdrive.fr/image.ashx?id=2846514&use=l&cat=p&typeid=i","cat":333682},{"id":2126,"n":"Pâte brisée Tablier Blanc Prête à dérouler - 230g","p":0.65,"u":"2,83 €/KG","img":"https://fd13-photos.leclercdrive.fr/image.ashx?id=2635886&use=l&cat=p&typeid=i","cat":333681},{"id":2128,"n":"Bâtonnets Surimi Pêche Océan MSC - x12 - 200g","p":1.38,"u":"6,90 €/KG","img":"https://fd13-photos.leclercdrive.fr/image.ashx?id=2981837&use=l&cat=p&typeid=i","cat":285189},{"id":2166,"n":"Piles Foxter AA/LR6 1,5V - x4","p":0.99,"u":"0,25 €/P","img":"https://fd13-photos.leclercdrive.fr/image.ashx?id=2162156&use=l&cat=p&typeid=i","cat":300572},{"id":2179,"n":"Barres céréales Special K  Kellogg's Chocolat - 6x21,5g","p":2.03,"u":"15,74 €/KG","img":"https://fd13-photos.leclercdrive.fr/image.ashx?id=3011113&use=l&cat=p&typeid=i","cat":285869},{"id":2187,"n":"Mascarpone Les Croisés - 250g","p":1.78,"u":"7,12 €/KG","img":"https://fd13-photos.leclercdrive.fr/image.ashx?id=2123620&use=l&cat=p&typeid=i","cat":314026},{"id":2192,"n":"Papier aluminium Elembal 50m","p":4.35,"img":"https://fd13-photos.leclercdrive.fr/image.ashx?id=2940899&use=l&cat=p&typeid=i","cat":334134},{"id":2193,"n":"Film étirable Elembal 2en1 20m","p":1.25,"img":"https://fd13-photos.leclercdrive.fr/image.ashx?id=2059962&use=l&cat=p&typeid=i","cat":334134},{"id":2194,"n":"Sacs congélation Elembal Moyen modèle x50","p":1.08,"img":"https://fd13-photos.leclercdrive.fr/image.ashx?id=2257205&use=l&cat=p&typeid=i","cat":334134},{"id":2195,"n":"Sacs poubelle 30L Elembal Poignées coulissantes - x20","p":2.11,"u":"0,11 €/P","img":"https://fd13-photos.leclercdrive.fr/image.ashx?id=2791740&use=l&cat=p&typeid=i","cat":285168},{"id":2198,"n":"Cassoulet La Belle Chaurienne Porc 4/4 840g","p":4.87,"u":"5,80 €/KG","img":"https://fd13-photos.leclercdrive.fr/image.ashx?id=2837355&use=l&cat=p&typeid=i","cat":284440},{"id":2200,"n":"Muffins nature Epi d'Or x4 - 250g","p":1.58,"u":"6,32 €/KG","img":"https://fd13-photos.leclercdrive.fr/image.ashx?id=2939052&use=l&cat=p&typeid=i","cat":284985},{"id":2201,"n":"Pastis 51 Anisé 45% vol - 1L","p":19.29,"u":"19,29 €/L","img":"https://fd13-photos.leclercdrive.fr/image.ashx?id=2998916&use=l&cat=p&typeid=i","cat":284548},{"id":2217,"n":"Soin dents Polident Anti-bactérien comprimés x108","p":3.67,"u":"0,03 €/P","img":"https://fd13-photos.leclercdrive.fr/image.ashx?id=2557242&use=l&cat=p&typeid=i","cat":285158},{"id":2224,"n":"Boisson lactée Candy'UP Chocolat - 6x20cl","p":2.47,"u":"2,06 €/L","img":"https://fd13-photos.leclercdrive.fr/image.ashx?id=2485635&use=l&cat=p&typeid=i","cat":295246},{"id":2228,"n":"Eau de toilette Scorpio rouge Flacon - 75ml","p":7.86,"pp":5.19,"u":"69,20 €/L","img":"https://fd13-photos.leclercdrive.fr/image.ashx?id=2329777&use=l&cat=p&typeid=i","cat":287740},{"id":2236,"n":"Sucre vanillé Vahiné 10 sachets - 75g","p":1.41,"u":"18,80 €/KG","img":"https://fd13-photos.leclercdrive.fr/image.ashx?id=2490536&use=l&cat=p&typeid=i","cat":294686},{"id":2237,"n":"Arôme Fleur d'oranger Vahiné 200ml","p":1.39,"u":"6,95 €/L","img":"https://fd13-photos.leclercdrive.fr/image.ashx?id=2983231&use=l&cat=p&typeid=i","cat":284504},{"id":2238,"n":"Arôme vanille Vahiné 200ml","p":2.04,"u":"10,20 €/L","img":"https://fd13-photos.leclercdrive.fr/image.ashx?id=2490551&use=l&cat=p&typeid=i","cat":284504},{"id":2239,"n":"Gélatine alimentaire Vahiné 9 feuilles - 17g","p":1.45,"u":"85,29 €/KG","img":"https://fd13-photos.leclercdrive.fr/image.ashx?id=2876305&use=l&cat=p&typeid=i","cat":284504},{"id":2244,"n":"Démaquillant Diadermine Yeux douceur 125 ml","p":2.19,"u":"18,25 €/L","img":"https://fd13-photos.leclercdrive.fr/image.ashx?id=2334935&use=l&cat=p&typeid=i","cat":284603},{"id":2257,"n":"Crème Hydratante Soft Nivea Visage Corps Mains - 75ml","p":1.7,"u":"24,29 €/L","img":"https://fd13-photos.leclercdrive.fr/image.ashx?id=3005215&use=l&cat=p&typeid=i","cat":325350},{"id":2259,"n":"Crème Hydratante Soft Nivea Visage Corps Mains - 200ml","p":2.99,"u":"14,95 €/L","img":"https://fd13-photos.leclercdrive.fr/image.ashx?id=3014608&use=l&cat=p&typeid=i","cat":325350},{"id":2276,"n":"Antiseptique Mercurochrome Incolore spray - 100ml","p":2.0,"u":"20,00 €/L","img":"https://fd13-photos.leclercdrive.fr/image.ashx?id=2662268&use=l&cat=p&typeid=i","cat":284630},{"id":2277,"n":"Gel lubrifiant Intimy Classic - 70ml","p":4.14,"u":"59,14 €/L","img":"https://fd13-photos.leclercdrive.fr/image.ashx?id=2927330&use=l&cat=p&typeid=i","cat":285160},{"id":2279,"n":"Eau oxygénée Mercurochrome 200ml","p":2.09,"u":"10,45 €/L","img":"https://fd13-photos.leclercdrive.fr/image.ashx?id=2663980&use=l&cat=p&typeid=i","cat":284630},{"id":2280,"n":"Compresses stériles Mercurochrome - x60","p":5.98,"u":"0,10 €/P","img":"https://fd13-photos.leclercdrive.fr/image.ashx?id=2731483&use=l&cat=p&typeid=i","cat":284630},{"id":2281,"n":"Pansements Mercurochrome Famille x50","p":3.1,"u":"0,06 €/P","img":"https://fd13-photos.leclercdrive.fr/image.ashx?id=2731471&use=l&cat=p&typeid=i","cat":284630},{"id":2282,"n":"Bandes à découper Mercurochrome 6cm x10","p":2.16,"img":"https://fd13-photos.leclercdrive.fr/image.ashx?id=2719027&use=l&cat=p&typeid=i","cat":284630},{"id":2288,"n":"Soin visage Mixa  Anti-déssèchement - 50ml","p":3.33,"u":"66,60 €/L","img":"https://fd13-photos.leclercdrive.fr/image.ashx?id=2835875&use=l&cat=p&typeid=i","cat":325345},{"id":2305,"n":"Lait Démaquillant Mixa  Anti-dessèchement - 200ml","p":2.82,"u":"14,10 €/L","img":"https://fd13-photos.leclercdrive.fr/image.ashx?id=2285390&use=l&cat=p&typeid=i","cat":284603},{"id":2317,"n":"Mousse Coiffante Franck Provost Cheveux Bouclés - 200ml","p":4.39,"u":"21,95 €/L","img":"https://fd13-photos.leclercdrive.fr/image.ashx?id=2575606&use=l&cat=p&typeid=i","cat":284609},{"id":2322,"n":"Mousse Coiffante Dop Vivelle Extra boucle - 150ml","p":3.15,"u":"21,00 €/L","img":"https://fd13-photos.leclercdrive.fr/image.ashx?id=2574823&use=l&cat=p&typeid=i","cat":284609},{"id":2324,"n":"Eau Micellaire vitaminée Mixa Peaux Sensibles - 200ml","p":2.82,"u":"14,10 €/L","img":"https://fd13-photos.leclercdrive.fr/image.ashx?id=2445334&use=l&cat=p&typeid=i","cat":284603},{"id":2336,"n":"Baume soin Après-Rasage Mennen Peaux Sensibles - 100ml","p":3.69,"u":"36,90 €/L","img":"https://fd13-photos.leclercdrive.fr/image.ashx?id=2517905&use=l&cat=p&typeid=i","cat":288147},{"id":2338,"n":"Lotion Après-Rasage Mennen Apaisante - 125ml","p":3.64,"u":"29,12 €/L","img":"https://fd13-photos.leclercdrive.fr/image.ashx?id=2469620&use=l&cat=p&typeid=i","cat":288147},{"id":2356,"n":"Lingettes Demak'up Peaux sèches sensibles x25","p":2.39,"u":"0,10 €/P","img":"https://fd13-photos.leclercdrive.fr/image.ashx?id=3014458&use=l&cat=p&typeid=i","cat":284603},{"id":2373,"n":"Activateur biologique Eparcyl  Liquide fosse septique - 500 ml","p":6.71,"u":"13,42 €/L","img":"https://fd13-photos.leclercdrive.fr/image.ashx?id=2144059&use=l&cat=p&typeid=i","cat":284908},{"id":2411,"n":"Gel nettoyant Garnier Pure Tube 150ml","p":3.38,"u":"22,53 €/L","img":"https://fd13-photos.leclercdrive.fr/image.ashx?id=2751651&use=l&cat=p&typeid=i","cat":284603},{"id":2438,"n":"Eponges Spontex grattantes Stop-graisse x2","p":1.33,"u":"0,67 €/P","img":"https://fd13-photos.leclercdrive.fr/image.ashx?id=2973078&use=l&cat=p&typeid=i","cat":284667},{"id":2441,"n":"Préservatifs Durex Love Faciles et rapides à poser x6","p":2.73,"u":"0,46 €/P","img":"https://fd13-photos.leclercdrive.fr/image.ashx?id=2963895&use=l&cat=p&typeid=i","cat":284631},{"id":2484,"n":"Dentifrice Signal Haleine Pure 75ml","p":1.28,"u":"17,07 €/L","img":"https://fd13-photos.leclercdrive.fr/image.ashx?id=1984459&use=l&cat=p&typeid=i","cat":284612},{"id":2504,"n":"Levure de bière Gerblé à saupoudrer - 150g","p":2.41,"u":"16,07 €/KG","img":"https://fd13-photos.leclercdrive.fr/image.ashx?id=2575036&use=l&cat=p&typeid=i","cat":288382},{"id":2505,"n":"Crème au chocolat GERLINEA   Repas minceur - 3x210g","p":4.55,"u":"7,22 €/KG","img":"https://fd13-photos.leclercdrive.fr/image.ashx?id=2653450&use=l&cat=p&typeid=i","cat":318652},{"id":2510,"n":"Biscuits soja figue GERBLE   - 4x4, 270g","p":1.89,"u":"7,00 €/KG","img":"https://fd13-photos.leclercdrive.fr/image.ashx?id=2812720&use=l&cat=p&typeid=i","cat":318651},{"id":2511,"n":"Biscuits diététiques Gerblé Soja Orange - 280g","p":1.48,"u":"5,29 €/KG","img":"https://fd13-photos.leclercdrive.fr/image.ashx?id=2623166&use=l&cat=p&typeid=i","cat":318651},{"id":2521,"n":"Abricots secs Couleurs Vives Moelleux - 250g","p":2.44,"u":"9,76 €/KG","img":"https://fd13-photos.leclercdrive.fr/image.ashx?id=2149670&use=l&cat=p&typeid=i","cat":284357},{"id":2524,"n":"Amandes Couleurs Vives En poudre - 125g","p":1.96,"u":"15,68 €/KG","img":"https://fd13-photos.leclercdrive.fr/image.ashx?id=2211191&use=l&cat=p&typeid=i","cat":284504},{"id":2525,"n":"Cerneaux noix Couleurs Vives 125g","p":1.78,"u":"14,83 €/KG","img":"https://fd13-photos.leclercdrive.fr/image.ashx?id=2886436&use=l&cat=p&typeid=i","cat":284357},{"id":2528,"n":"Figues sèches Couleurs Vives 500g","p":5.99,"u":"11,98 €/KG","img":"https://fd13-photos.leclercdrive.fr/image.ashx?id=1938846&use=l&cat=p&typeid=i","cat":284357},{"id":2530,"n":"Salade Notre Jardin Mâche - 125g","p":0.95,"u":"7,60 €/KG","img":"https://fd13-photos.leclercdrive.fr/image.ashx?id=2739514&use=l&cat=p&typeid=i","cat":284353},{"id":2532,"n":"Laitue Iceberg Notre Jardin 300g","p":0.89,"u":"2,97 €/KG","img":"https://fd13-photos.leclercdrive.fr/image.ashx?id=2720151&use=l&cat=p&typeid=i","cat":284353},{"id":2542,"n":"Savon mains en gel Palmolive Antibactériens - 300ml","p":1.37,"u":"4,57 €/L","img":"https://fd13-photos.leclercdrive.fr/image.ashx?id=2831068&use=l&cat=p&typeid=i","cat":284597},{"id":2568,"n":"Laque Cheveux L'Oréal Paris Fixation forte - 150ml","p":4.07,"u":"27,13 €/L","img":"https://fd13-photos.leclercdrive.fr/image.ashx?id=2576157&use=l&cat=p&typeid=i","cat":284609},{"id":2570,"n":"Spray Cheveux L'Oréal Paris Fixation Normale - 150ml","p":4.08,"u":"27,20 €/L","img":"https://fd13-photos.leclercdrive.fr/image.ashx?id=2576160&use=l&cat=p&typeid=i","cat":284609},{"id":2571,"n":"Gel Coiffant L'Oréal Paris Ultra Fixant 24H - 150ml","p":3.54,"u":"23,60 €/L","img":"https://fd13-photos.leclercdrive.fr/image.ashx?id=2576163&use=l&cat=p&typeid=i","cat":284609},{"id":2574,"n":"Gel Coiffant L'Oréal Paris Gel Ultra Fixant 24h - 150ml","p":4.23,"u":"28,20 €/L","img":"https://fd13-photos.leclercdrive.fr/image.ashx?id=2833240&use=l&cat=p&typeid=i","cat":284609},{"id":2576,"n":"Soin anti-âge L'Oréal Paris Age Perfect - 50ml","p":7.95,"u":"159,00 €/L","img":"https://fd13-photos.leclercdrive.fr/image.ashx?id=2867356&use=l&cat=p&typeid=i","cat":325345},{"id":2588,"n":"Eau minérale Thonon 6x1.5L","p":2.79,"u":"0,31 €/L","img":"https://fd13-photos.leclercdrive.fr/image.ashx?id=2915557&use=l&cat=p&typeid=i","cat":284535},{"id":2593,"n":"Eau minérale naturelle Contrex 6x50cl","p":2.17,"u":"0,72 €/L","img":"https://fd13-photos.leclercdrive.fr/image.ashx?id=2731714&use=l&cat=p&typeid=i","cat":284535},{"id":2613,"n":"Lait demi-écrémé UHT Délisse Bouteille - 6x1L","p":6.3,"u":"1,05 €/L","img":"https://fd13-photos.leclercdrive.fr/image.ashx?id=2970533&use=l&cat=p&typeid=i","cat":284377},{"id":2617,"n":"Lait Bio demi-écrémé Lactel UHT Bouteille - 6x50cl","p":5.78,"u":"1,93 €/L","img":"https://fd13-photos.leclercdrive.fr/image.ashx?id=2892766&use=l&cat=p&typeid=i","cat":284377},{"id":2618,"n":"Lait chèvre demi-écrémé Lactel UHT Bouteille - 6x1L","p":14.88,"u":"2,48 €/L","img":"https://fd13-photos.leclercdrive.fr/image.ashx?id=2873961&use=l&cat=p&typeid=i","cat":295251},{"id":2619,"n":"Lait bio Bio Village Bouteille  Demi-écrémé UHT -  6x1L","p":6.48,"u":"1,08 €/L","img":"https://fd13-photos.leclercdrive.fr/image.ashx?id=2969997&use=l&cat=p&typeid=i","cat":284377},{"id":2623,"n":"Joker Pur Jus Engagé  Multifruits - 1L","p":2.18,"u":"2,18 €/L","img":"https://fd13-photos.leclercdrive.fr/image.ashx?id=3001287&use=l&cat=p&typeid=i","cat":284917},{"id":2629,"n":"Lames Gillette GII Plus - x10","p":6.46,"u":"0,65 €/P","img":"https://fd13-photos.leclercdrive.fr/image.ashx?id=2946487&use=l&cat=p&typeid=i","cat":284616},{"id":2631,"n":"Salade Catalane Petit Navire 220g","p":2.05,"u":"9,32 €/KG","img":"https://fd13-photos.leclercdrive.fr/image.ashx?id=2796213&use=l&cat=p&typeid=i","cat":284437},{"id":2638,"n":"Eau minérale Courmayeur 6x1.5L","p":2.63,"u":"0,29 €/L","img":"https://fd13-photos.leclercdrive.fr/image.ashx?id=2964105&use=l&cat=p&typeid=i","cat":284535},{"id":2649,"n":"Eau de source de Montagne 6x1.5L","p":1.66,"u":"0,18 €/L","img":"https://fd13-photos.leclercdrive.fr/image.ashx?id=2727617&use=l&cat=p&typeid=i","cat":284535},{"id":2650,"n":"Whisky William Lawson's Finest Blend 40° - 100cl","p":17.88,"u":"17,88 €/L","img":"https://fd13-photos.leclercdrive.fr/image.ashx?id=2966134&use=l&cat=p&typeid=i","cat":284547},{"id":2684,"n":"Fromage Camembert NRT AOP  de Normandie - 250g","p":3.39,"u":"13,56 €/KG","img":"https://fd13-photos.leclercdrive.fr/image.ashx?id=2188712&use=l&cat=p&typeid=i","cat":314033},{"id":2722,"n":"Yaourts aromatisés Délisse Vanille - 8x125g","p":2.58,"u":"2,58 €/KG","img":"https://fd13-photos.leclercdrive.fr/image.ashx?id=2758707&use=l&cat=p&typeid=i","cat":286006},{"id":2729,"n":"Pistaches grillées à sec Tokapi 300g","p":3.86,"u":"12,87 €/KG","img":"https://fd13-photos.leclercdrive.fr/image.ashx?id=2795541&use=l&cat=p&typeid=i","cat":284448},{"id":2737,"n":"Eau minérale Des Alpes  6x1.5L","p":2.1,"u":"0,23 €/L","img":"https://fd13-photos.leclercdrive.fr/image.ashx?id=2768667&use=l&cat=p&typeid=i","cat":284535},{"id":2742,"n":"Eau gazeuse San Pellegrino Minérale naturelle - 6x1L","p":3.77,"u":"0,63 €/L","img":"https://fd13-photos.leclercdrive.fr/image.ashx?id=2740316&use=l&cat=p&typeid=i","cat":284536},{"id":2743,"n":"Eau gazeuse  Badoit verte finement pétillante - 6x50cl","p":2.93,"u":"0,98 €/L","img":"https://fd13-photos.leclercdrive.fr/image.ashx?id=2983081&use=l&cat=p&typeid=i","cat":284536},{"id":2749,"n":"Lait entier Délisse UHT - Bouteille : 6x1L","p":7.74,"u":"1,29 €/L","img":"https://fd13-photos.leclercdrive.fr/image.ashx?id=2970569&use=l&cat=p&typeid=i","cat":285610},{"id":2750,"n":"Lait écrémé Délisse UHT - Bouteille : 6x1L","p":5.94,"u":"0,99 €/L","img":"https://fd13-photos.leclercdrive.fr/image.ashx?id=2970578&use=l&cat=p&typeid=i","cat":284949},{"id":2758,"n":"Lait Matin Léger de Lactel Sans lactose 1.2% mg - 6x50cl","p":6.89,"u":"2,30 €/L","img":"https://fd13-photos.leclercdrive.fr/image.ashx?id=2883564&use=l&cat=p&typeid=i","cat":317169},{"id":2760,"n":"Lait vitaminé Viva Candia  1%MG Brique - 6x1L","p":6.93,"u":"1,16 €/L","img":"https://fd13-photos.leclercdrive.fr/image.ashx?id=2891511&use=l&cat=p&typeid=i","cat":317169},{"id":2776,"n":"Crème Mains Réparatrice Mixa Mains abîmées - 100ml","p":2.21,"u":"22,10 €/L","img":"https://fd13-photos.leclercdrive.fr/image.ashx?id=2276024&use=l&cat=p&typeid=i","cat":325354},{"id":2777,"n":"Crème mains protectrice Mixa Anti-dessèchement - 100ml","p":2.21,"u":"22,10 €/L","img":"https://fd13-photos.leclercdrive.fr/image.ashx?id=2299873&use=l&cat=p&typeid=i","cat":325354},{"id":2779,"n":"Whisky William Lawson's Finest Blend 40° - 70cl","p":13.01,"u":"18,59 €/L","img":"https://fd13-photos.leclercdrive.fr/image.ashx?id=2848340&use=l&cat=p&typeid=i","cat":284547},{"id":2799,"n":"Fromage frais Délisse Fruits panachés - 24x50g","p":2.88,"u":"2,40 €/KG","img":"https://fd13-photos.leclercdrive.fr/image.ashx?id=2922494&use=l&cat=p&typeid=i","cat":284414},{"id":2813,"n":"Pizza Chèvre Turini Cuite au feu de bois - 420g","p":2.39,"u":"5,69 €/KG","img":"https://fd13-photos.leclercdrive.fr/image.ashx?id=2815214&use=l&cat=p&typeid=i","cat":284256},{"id":2814,"n":"Pizza 4 fromages Turini Cuite au feu de bois - 420g","p":2.3,"u":"5,48 €/KG","img":"https://fd13-photos.leclercdrive.fr/image.ashx?id=2815211&use=l&cat=p&typeid=i","cat":284256},{"id":2845,"n":"Glace Cône Nestlé Extrême Rhum raisins x6 - 426g","p":3.52,"u":"8,26 €/KG","img":"https://fd13-photos.leclercdrive.fr/image.ashx?id=2729848&use=l&cat=p&typeid=i","cat":284264},{"id":2872,"n":"Poireau Botte 1kg","p":1.29,"u":"1,29 €/KG","img":"https://fd13-photos.leclercdrive.fr/image.ashx?id=1633169&use=l&cat=p&typeid=i","cat":284352},{"id":2873,"n":"Mélange de poivrons doux  500g","p":2.79,"u":"5,58 €/KG","img":"https://fd13-photos.leclercdrive.fr/image.ashx?id=1633178&use=l&cat=p&typeid=i","cat":284352},{"id":2896,"n":"Endive Sachet 1kg","p":2.99,"u":"2,99 €/KG","img":"https://fd13-photos.leclercdrive.fr/image.ashx?id=558004&use=l&cat=p&typeid=i","cat":284352},{"id":2921,"n":"Bananes  1kg","p":1.99,"u":"1,99 €/KG","img":"https://fd13-photos.leclercdrive.fr/image.ashx?id=1628560&use=l&cat=p&typeid=i","cat":284356},{"id":2929,"n":"Biscuits raisins GERBLE   - 4x4, 270g","p":1.81,"u":"6,70 €/KG","img":"https://fd13-photos.leclercdrive.fr/image.ashx?id=2662298&use=l&cat=p&typeid=i","cat":318651},{"id":2930,"n":"Biscuits pomme noisette GERBLE   4x4 - 230g","p":1.48,"u":"6,43 €/KG","img":"https://fd13-photos.leclercdrive.fr/image.ashx?id=2967753&use=l&cat=p&typeid=i","cat":318651},{"id":2931,"n":"Biscuit chocolat noir Gerblé  - 150g","p":1.93,"u":"12,87 €/KG","img":"https://fd13-photos.leclercdrive.fr/image.ashx?id=2664001&use=l&cat=p&typeid=i","cat":318651},{"id":2932,"n":"Biscuit miel sésame GERBLE  - 6x3,  162g","p":1.96,"u":"12,10 €/KG","img":"https://fd13-photos.leclercdrive.fr/image.ashx?id=2662277&use=l&cat=p&typeid=i","cat":318651},{"id":2933,"n":"Germe de blé Gerblé 250g","p":1.84,"u":"7,36 €/KG","img":"https://fd13-photos.leclercdrive.fr/image.ashx?id=2575060&use=l&cat=p&typeid=i","cat":288382},{"id":2934,"n":"Barres Amande GERBLE   - 6 sachets 150g","p":2.55,"u":"17,00 €/KG","img":"https://fd13-photos.leclercdrive.fr/image.ashx?id=2664088&use=l&cat=p&typeid=i","cat":318652},{"id":2935,"n":"Biscuits écorce confite GERBLE   - 4x5,  360g","p":1.61,"u":"4,47 €/KG","img":"https://fd13-photos.leclercdrive.fr/image.ashx?id=2662907&use=l&cat=p&typeid=i","cat":318651},{"id":2937,"n":"Biscuits goûter chocolat GERBLE  - 3x4,  250g","p":1.62,"u":"6,48 €/KG","img":"https://fd13-photos.leclercdrive.fr/image.ashx?id=2625181&use=l&cat=p&typeid=i","cat":318651},{"id":2938,"n":"Biscuits germe de blé GERBLE   - 5x5, 210g","p":1.24,"u":"5,90 €/KG","img":"https://fd13-photos.leclercdrive.fr/image.ashx?id=2573540&use=l&cat=p&typeid=i","cat":318651},{"id":2950,"n":"Biscuits lait chocolat GERBLE   - 5x4, 230g","p":1.57,"u":"6,83 €/KG","img":"https://fd13-photos.leclercdrive.fr/image.ashx?id=2575030&use=l&cat=p&typeid=i","cat":318651},{"id":2951,"n":"Biscuit chocolat GERLINEA  Encas minceur - 4x4, 200g","p":2.02,"u":"10,10 €/KG","img":"https://fd13-photos.leclercdrive.fr/image.ashx?id=2654770&use=l&cat=p&typeid=i","cat":318652},{"id":2965,"n":"Cereales Country Store Kellogg's - 750g","p":4.59,"u":"6,12 €/KG","img":"https://fd13-photos.leclercdrive.fr/image.ashx?id=2947805&use=l&cat=p&typeid=i","cat":309512},{"id":2968,"n":"Tablette chocolat Milka Chocolat lait/caramel - 2x100g","p":3.2,"u":"16,00 €/KG","img":"https://fd13-photos.leclercdrive.fr/image.ashx?id=3009146&use=l&cat=p&typeid=i","cat":284497},{"id":2969,"n":"Sticks et bretzels Tokapi 300g","p":1.2,"u":"4,00 €/KG","img":"https://fd13-photos.leclercdrive.fr/image.ashx?id=2431104&use=l&cat=p&typeid=i","cat":297000},{"id":2973,"n":"Chips Pom'Lisse Barbecue - 135g","p":0.98,"u":"7,26 €/KG","img":"https://fd13-photos.leclercdrive.fr/image.ashx?id=2774046&use=l&cat=p&typeid=i","cat":284447},{"id":2975,"n":"Huile arachide Lesieur 1L","p":4.09,"u":"4,09 €/L","img":"https://fd13-photos.leclercdrive.fr/image.ashx?id=2916845&use=l&cat=p&typeid=i","cat":284453},{"id":2988,"n":"Dessert fruits mixés Sojasun Framboise / Passion - 4x100g","p":1.67,"u":"4,18 €/KG","img":"https://fd13-photos.leclercdrive.fr/image.ashx?id=2355671&use=l&cat=p&typeid=i","cat":316071},{"id":2989,"n":"Yaourt Sojasun Morceaux de figues - 4x100g","p":1.7,"u":"4,25 €/KG","img":"https://fd13-photos.leclercdrive.fr/image.ashx?id=2389704&use=l&cat=p&typeid=i","cat":316071},{"id":2994,"n":"Chicorée soluble Leroux Nature - 200g","p":4.22,"u":"21,10 €/KG","img":"https://fd13-photos.leclercdrive.fr/image.ashx?id=2693512&use=l&cat=p&typeid=i","cat":284843},{"id":3000,"n":"Oeufs frais plein air Bio Bio Village - x6","p":2.09,"u":"0,35 €/P","img":"https://fd13-photos.leclercdrive.fr/image.ashx?id=1518429&use=l&cat=p&typeid=i","cat":284378},{"id":3004,"n":"yaourt aux fruits Danacol allégé 0%mg - 8x125g","p":3.79,"u":"3,79 €/KG","img":"https://fd13-photos.leclercdrive.fr/image.ashx?id=2069534&use=l&cat=p&typeid=i","cat":315000},{"id":3010,"n":"Sauce Mexicaine Tables du Monde Hot - 315g","p":1.49,"u":"4,73 €/KG","img":"https://fd13-photos.leclercdrive.fr/image.ashx?id=2476960&use=l&cat=p&typeid=i","cat":288993},{"id":3011,"n":"Sauce Mexicaine Tables du Monde Medium - 315g","p":1.49,"u":"4,73 €/KG","img":"https://fd13-photos.leclercdrive.fr/image.ashx?id=2476963&use=l&cat=p&typeid=i","cat":288993},{"id":3013,"n":"Pain de mie 7 céréales Epi d'Or Grandes tranches - 550g","p":1.19,"u":"2,16 €/KG","img":"https://fd13-photos.leclercdrive.fr/image.ashx?id=1959532&use=l&cat=p&typeid=i","cat":284477},{"id":3014,"n":"Brioche tressée Epi d'Or Pépites de chocolat - 600g","p":2.36,"u":"3,93 €/KG","img":"https://fd13-photos.leclercdrive.fr/image.ashx?id=2867898&use=l&cat=p&typeid=i","cat":284478},{"id":3028,"n":"Brioche tranchée Epi d'Or Pépites de chocolat 500g","p":2.09,"u":"4,18 €/KG","img":"https://fd13-photos.leclercdrive.fr/image.ashx?id=2867901&use=l&cat=p&typeid=i","cat":284478},{"id":3033,"n":"Pâtes fraîches Turini Fettuccini - 350g","p":1.49,"u":"4,26 €/KG","img":"https://fd13-photos.leclercdrive.fr/image.ashx?id=2882313&use=l&cat=p&typeid=i","cat":333682},{"id":3040,"n":"Beurre moulé bio Bio Village Doux - 82% MG - 250g","p":3.03,"u":"12,12 €/KG","img":"https://fd13-photos.leclercdrive.fr/image.ashx?id=2437052&use=l&cat=p&typeid=i","cat":284379},{"id":3041,"n":"Beurre moulé bio Bio Village Demi-sel - 80% MG - 250g","p":3.03,"u":"12,12 €/KG","img":"https://fd13-photos.leclercdrive.fr/image.ashx?id=2437055&use=l&cat=p&typeid=i","cat":284379},{"id":3052,"n":"Dentifrice Menthe Fluoryl Gencives Sensibles - 75ml","p":1.98,"u":"26,40 €/L","img":"https://fd13-photos.leclercdrive.fr/image.ashx?id=2473312&use=l&cat=p&typeid=i","cat":284612},{"id":3055,"n":"Gel à raser féminin Siliss Velours abricot - 200ml","p":1.69,"u":"8,45 €/L","img":"https://fd13-photos.leclercdrive.fr/image.ashx?id=2699408&use=l&cat=p&typeid=i","cat":325352},{"id":3064,"n":"Cotons Démaquillants Demak'Up Expert - Disques - x70","p":1.15,"u":"0,02 €/P","img":"https://fd13-photos.leclercdrive.fr/image.ashx?id=2970909&use=l&cat=p&typeid=i","cat":284636},{"id":3066,"n":"Tampons Doulys avec applicateur Normal - x24","p":2.47,"u":"0,10 €/P","img":"https://fd13-photos.leclercdrive.fr/image.ashx?id=2965452&use=l&cat=p&typeid=i","cat":284626},{"id":3070,"n":"Serviette hygiénique Doulys Ultra - Normal+  - x14","p":1.29,"u":"0,09 €/P","img":"https://fd13-photos.leclercdrive.fr/image.ashx?id=2838915&use=l&cat=p&typeid=i","cat":284624},{"id":3089,"n":"Sauce Béchamel Elle&Vire au Lait Entier - 33cl","p":1.99,"u":"6,03 €/L","img":"https://fd13-photos.leclercdrive.fr/image.ashx?id=2835992&use=l&cat=p&typeid=i","cat":284382},{"id":3091,"n":"Cordons bleus Maître coq Poulet - 1kg","p":6.65,"u":"6,65 €/KG","img":"https://fd13-photos.leclercdrive.fr/image.ashx?id=2762103&use=l&cat=p&typeid=i","cat":333683},{"id":3093,"n":"Cake fruits P'tit déli Tranché 300g","p":1.66,"u":"5,53 €/KG","img":"https://fd13-photos.leclercdrive.fr/image.ashx?id=2823078&use=l&cat=p&typeid=i","cat":284493},{"id":3099,"n":"Mini cakes P'tit Déli  aux fruits x10","p":2.96,"u":"9,87 €/KG","img":"https://fd13-photos.leclercdrive.fr/image.ashx?id=2047019&use=l&cat=p&typeid=i","cat":284493},{"id":3101,"n":"Biscuits fourrés Chamonix LU Orange - 250g","p":1.52,"u":"6,08 €/KG","img":"https://fd13-photos.leclercdrive.fr/image.ashx?id=2982982&use=l&cat=p&typeid=i","cat":284489},{"id":3104,"n":"Sablés P'tit Déli Fourrés Figue x16 - 165g","p":1.09,"u":"6,61 €/KG","img":"https://fd13-photos.leclercdrive.fr/image.ashx?id=2568933&use=l&cat=p&typeid=i","cat":284489},{"id":3106,"n":"Biscuits Cookies P'tit Déli Noix coco Chocolat - 200g","p":1.39,"u":"6,95 €/KG","img":"https://fd13-photos.leclercdrive.fr/image.ashx?id=2896853&use=l&cat=p&typeid=i","cat":325066},{"id":3108,"n":"Biscuits petit déjeuner Prince Céréales - 300g","p":1.88,"u":"6,27 €/KG","img":"https://fd13-photos.leclercdrive.fr/image.ashx?id=2346648&use=l&cat=p&typeid=i","cat":284491},{"id":3123,"n":"Plat bébé Blédina 8 mois  Pomme de terre poulet - 2x200g","p":2.61,"u":"6,53 €/KG","img":"https://fd13-photos.leclercdrive.fr/image.ashx?id=2975056&use=l&cat=p&typeid=i","cat":312236},{"id":3126,"n":"Compote bébé Blédina 4-6 mois Banane - 2x130g","p":1.13,"u":"4,35 €/KG","img":"https://fd13-photos.leclercdrive.fr/image.ashx?id=2951548&use=l&cat=p&typeid=i","cat":312387},{"id":3142,"n":"Café et Chicorée Soluble Ricoré  Original - 100g","p":2.75,"u":"27,50 €/KG","img":"https://fd13-photos.leclercdrive.fr/image.ashx?id=2951542&use=l&cat=p&typeid=i","cat":284843},{"id":3144,"n":"Chocolat Tablette d'Or noir Extra 47% cacao 3x100g","p":2.78,"u":"9,27 €/KG","img":"https://fd13-photos.leclercdrive.fr/image.ashx?id=2882310&use=l&cat=p&typeid=i","cat":284956},{"id":3147,"n":"Madeleines P'tit déli coquilles 500g","p":1.7,"u":"3,40 €/KG","img":"https://fd13-photos.leclercdrive.fr/image.ashx?id=2999484&use=l&cat=p&typeid=i","cat":284492},{"id":3148,"n":"Madeleines longues P'tit déli Marbrées chocolat 250g","p":1.45,"u":"5,80 €/KG","img":"https://fd13-photos.leclercdrive.fr/image.ashx?id=2646988&use=l&cat=p&typeid=i","cat":284492},{"id":3151,"n":"Café moulu Plantation  Tradition - 250g","p":2.53,"u":"10,12 €/KG","img":"https://fd13-photos.leclercdrive.fr/image.ashx?id=2580886&use=l&cat=p&typeid=i","cat":284750},{"id":3152,"n":"Café Plantation  Kenya - 250g","p":3.87,"u":"15,48 €/KG","img":"https://fd13-photos.leclercdrive.fr/image.ashx?id=2607431&use=l&cat=p&typeid=i","cat":284750},{"id":3153,"n":"Café moulu Plantation  Tradition décaféiné - 250g","p":2.95,"u":"11,80 €/KG","img":"https://fd13-photos.leclercdrive.fr/image.ashx?id=2607407&use=l&cat=p&typeid=i","cat":284750},{"id":3158,"n":"Café moulu Plantation  doux - 2x250g","p":6.88,"u":"13,76 €/KG","img":"https://fd13-photos.leclercdrive.fr/image.ashx?id=2607428&use=l&cat=p&typeid=i","cat":284750},{"id":3166,"n":"Dessert fruitier pomme Douceur du Verger 16x100g","p":2.8,"u":"1,75 €/KG","img":"https://fd13-photos.leclercdrive.fr/image.ashx?id=1956829&use=l&cat=p&typeid=i","cat":284416},{"id":3169,"n":"Tortellini iTurini Ricotta épinard - 300g","p":1.48,"u":"4,93 €/KG","img":"https://fd13-photos.leclercdrive.fr/image.ashx?id=2846556&use=l&cat=p&typeid=i","cat":333682},{"id":3171,"n":"Tortellini Turini Jambon cru - 250g","p":1.96,"u":"7,84 €/KG","img":"https://fd13-photos.leclercdrive.fr/image.ashx?id=2778039&use=l&cat=p&typeid=i","cat":333682},{"id":3186,"n":"Liquide vaisselle Visior citron 1,5L","p":2.15,"u":"1,43 €/L","img":"https://fd13-photos.leclercdrive.fr/image.ashx?id=2930852&use=l&cat=p&typeid=i","cat":284655},{"id":3192,"n":"Détachant sans javel Textil 2L","p":3.19,"u":"1,60 €/L","img":"https://fd13-photos.leclercdrive.fr/image.ashx?id=2988036&use=l&cat=p&typeid=i","cat":284651},{"id":3195,"n":"Coton Primoplast prédécoupé 100g","p":0.98,"u":"9,80 €/KG","img":"https://fd13-photos.leclercdrive.fr/image.ashx?id=2856453&use=l&cat=p&typeid=i","cat":284630},{"id":3200,"n":"Petits pains grillés Epi d'Or  Froment - 225g","p":0.87,"u":"3,87 €/KG","img":"https://fd13-photos.leclercdrive.fr/image.ashx?id=2496410&use=l&cat=p&typeid=i","cat":284479},{"id":3208,"n":"Confiture Allégée aux Fraises Andros - 350g","p":1.68,"u":"4,80 €/KG","img":"https://fd13-photos.leclercdrive.fr/image.ashx?id=2911229&use=l&cat=p&typeid=i","cat":284480},{"id":3212,"n":"Farine pour pain Francine Multi-céréales - 1,5kg","p":2.67,"u":"1,78 €/KG","img":"https://fd13-photos.leclercdrive.fr/image.ashx?id=2220611&use=l&cat=p&typeid=i","cat":284503},{"id":3215,"n":"Riz long Comptoir du Grain Etuvé - 1kg","p":1.72,"u":"1,72 €/KG","img":"https://fd13-photos.leclercdrive.fr/image.ashx?id=2076640&use=l&cat=p&typeid=i","cat":284428},{"id":3217,"n":"Riz Basmati Comptoir du Grain Sélection Riz long - 500g","p":1.35,"u":"2,70 €/KG","img":"https://fd13-photos.leclercdrive.fr/image.ashx?id=2076643&use=l&cat=p&typeid=i","cat":284428},{"id":3220,"n":"Céréales Tipiak - Blé Maïs Soja Prêt en 4 min - 400g","p":1.4,"u":"3,50 €/KG","img":"https://fd13-photos.leclercdrive.fr/image.ashx?id=2989144&use=l&cat=p&typeid=i","cat":284429},{"id":3221,"n":"Purée pomme de terre Pom'lisse Nature - 8x125g - 1kg","p":3.19,"u":"3,19 €/KG","img":"https://fd13-photos.leclercdrive.fr/image.ashx?id=2929864&use=l&cat=p&typeid=i","cat":284431},{"id":3223,"n":"Pâtes capellini Panzani 500g","p":1.11,"u":"2,22 €/KG","img":"https://fd13-photos.leclercdrive.fr/image.ashx?id=2876038&use=l&cat=p&typeid=i","cat":284427},{"id":3224,"n":"Pâtes Barilla Spaghetti n°5 - 1kg","p":1.86,"u":"1,86 €/KG","img":"https://fd13-photos.leclercdrive.fr/image.ashx?id=2481182&use=l&cat=p&typeid=i","cat":284427},{"id":3225,"n":"Pâtes Lasagnes Panzani - 500G","p":1.8,"u":"3,60 €/KG","img":"https://fd13-photos.leclercdrive.fr/image.ashx?id=2896105&use=l&cat=p&typeid=i","cat":284427},{"id":3226,"n":"Pâtes cannelloni Panzani  A farcir - 250g","p":1.07,"u":"4,28 €/KG","img":"https://fd13-photos.leclercdrive.fr/image.ashx?id=2896108&use=l&cat=p&typeid=i","cat":284427},{"id":3229,"n":"Biscuits galettes St Michel 2x130g","p":1.7,"u":"6,54 €/KG","img":"https://fd13-photos.leclercdrive.fr/image.ashx?id=2947721&use=l&cat=p&typeid=i","cat":284487},{"id":3233,"n":"Haricots verts Notre Jardin Extra fins - 220g","p":1.89,"u":"8,59 €/KG","img":"https://fd13-photos.leclercdrive.fr/image.ashx?id=2175765&use=l&cat=p&typeid=i","cat":312606},{"id":3239,"n":"Biscuit Petit beurre P'tit Déli Tablette chocolat noir - 150g","p":1.35,"u":"9,00 €/KG","img":"https://fd13-photos.leclercdrive.fr/image.ashx?id=2711641&use=l&cat=p&typeid=i","cat":284488},{"id":3240,"n":"Biscuit Petit beurre P'tit Déli Tablette lait noisette - 150g","p":1.64,"u":"10,93 €/KG","img":"https://fd13-photos.leclercdrive.fr/image.ashx?id=2523673&use=l&cat=p&typeid=i","cat":284488},{"id":3258,"n":"Champignons Paris Notre Jardin Pieds et morceaux - 460g","p":2.29,"u":"4,98 €/KG","img":"https://fd13-photos.leclercdrive.fr/image.ashx?id=2553893&use=l&cat=p&typeid=i","cat":312610},{"id":3260,"n":"Noix de Saint Jacques NRT de la baie de St-Brieuc - 300g","p":15.02,"u":"50,07 €/KG","img":"https://fd13-photos.leclercdrive.fr/image.ashx?id=2801064&use=l&cat=p&typeid=i","cat":319787},{"id":3262,"n":"Carottes Notre Jardin Extra-fines - 530g","p":1.69,"u":"3,19 €/KG","img":"https://fd13-photos.leclercdrive.fr/image.ashx?id=1993550&use=l&cat=p&typeid=i","cat":312607},{"id":3263,"n":"Champignons Paris Notre Jardin Entiers - 460g","p":2.69,"u":"5,85 €/KG","img":"https://fd13-photos.leclercdrive.fr/image.ashx?id=2553887&use=l&cat=p&typeid=i","cat":312610},{"id":3269,"n":"Coeurs de palmiers Notre Jardin Extra tendres - 220g","p":2.27,"u":"10,32 €/KG","img":"https://fd13-photos.leclercdrive.fr/image.ashx?id=2072701&use=l&cat=p&typeid=i","cat":312611},{"id":3270,"n":"Coeurs de palmiers Notre Jardin Extra tendres - 250g","p":4.74,"u":"18,96 €/KG","img":"https://fd13-photos.leclercdrive.fr/image.ashx?id=2669666&use=l&cat=p&typeid=i","cat":312611},{"id":3271,"n":"Maïs Notre Jardin Tendre - 3x140g","p":1.89,"u":"4,50 €/KG","img":"https://fd13-photos.leclercdrive.fr/image.ashx?id=2074653&use=l&cat=p&typeid=i","cat":312611},{"id":3272,"n":"Asperges blanches grosses Notre Jardin - 320g","p":3.49,"u":"10,91 €/KG","img":"https://fd13-photos.leclercdrive.fr/image.ashx?id=2049016&use=l&cat=p&typeid=i","cat":312611},{"id":3277,"n":"Chips à l'ancienne Pom'lisse Nature - 6x30g","p":1.57,"u":"8,72 €/KG","img":"https://fd13-photos.leclercdrive.fr/image.ashx?id=2657193&use=l&cat=p&typeid=i","cat":284447},{"id":3282,"n":"Moutarde Amora Mi-forte - 230g Divers coloris","p":1.9,"u":"8,26 €/KG","img":"https://fd13-photos.leclercdrive.fr/image.ashx?id=2504473&use=l&cat=p&typeid=i","cat":288850},{"id":3285,"n":"Vinaigre balsamique Rustica 50cl","p":1.57,"u":"3,14 €/L","img":"https://fd13-photos.leclercdrive.fr/image.ashx?id=2765701&use=l&cat=p&typeid=i","cat":298543},{"id":3288,"n":"Chocolats fourrés Mon Chéri  x35 - 368g","p":11.7,"u":"31,79 €/KG","img":"https://fd13-photos.leclercdrive.fr/image.ashx?id=2945002&use=l&cat=p&typeid=i","cat":327601},{"id":3292,"n":"Tomates pelées Notre Jardin Entières - 238g","p":0.85,"u":"3,57 €/KG","img":"https://fd13-photos.leclercdrive.fr/image.ashx?id=2190002&use=l&cat=p&typeid=i","cat":312608},{"id":3305,"n":"Sauce Provençale Turini 420g","p":0.97,"u":"2,31 €/KG","img":"https://fd13-photos.leclercdrive.fr/image.ashx?id=2047010&use=l&cat=p&typeid=i","cat":287599},{"id":3308,"n":"Pur jus de carotte Jafaden - 1L","p":2.29,"u":"2,29 €/L","img":"https://fd13-photos.leclercdrive.fr/image.ashx?id=2860712&use=l&cat=p&typeid=i","cat":284523},{"id":3309,"n":"Pur jus de pomme Jafaden 1L","p":1.34,"u":"1,34 €/L","img":"https://fd13-photos.leclercdrive.fr/image.ashx?id=2955632&use=l&cat=p&typeid=i","cat":284522},{"id":3310,"n":"Pur jus de pomme Bio Village Bio - 1L","p":1.49,"u":"1,49 €/L","img":"https://fd13-photos.leclercdrive.fr/image.ashx?id=2901527&use=l&cat=p&typeid=i","cat":284522},{"id":3311,"n":"Thé glacé Fresh Tea Pêche - 1,5L","p":1.25,"u":"0,83 €/L","img":"https://fd13-photos.leclercdrive.fr/image.ashx?id=2622242&use=l&cat=p&typeid=i","cat":295019},{"id":3316,"n":"Sirop Frucci Grenadine - 1L","p":2.76,"u":"2,76 €/L","img":"https://fd13-photos.leclercdrive.fr/image.ashx?id=2954073&use=l&cat=p&typeid=i","cat":295020},{"id":3322,"n":"Dentifrice Teraxyl 2en1 fraîcheur menthe - 75ml","p":1.39,"u":"18,53 €/L","img":"https://fd13-photos.leclercdrive.fr/image.ashx?id=2298025&use=l&cat=p&typeid=i","cat":284612},{"id":3338,"n":"Protège-slips Doulys Mince - Plié - x30","p":1.24,"u":"0,04 €/P","img":"https://fd13-photos.leclercdrive.fr/image.ashx?id=2824129&use=l&cat=p&typeid=i","cat":284625},{"id":3343,"n":"Vodka Poliakov 37.5%vol - 70cl","p":11.23,"u":"16,04 €/L","img":"https://fd13-photos.leclercdrive.fr/image.ashx?id=2810759&use=l&cat=p&typeid=i","cat":284550},{"id":3344,"n":"Nectar Jafaden Banane - 1L","p":2.09,"u":"2,09 €/L","img":"https://fd13-photos.leclercdrive.fr/image.ashx?id=2955701&use=l&cat=p&typeid=i","cat":284915},{"id":3345,"n":"Nectar Jafaden Poire - 1L","p":2.49,"u":"2,49 €/L","img":"https://fd13-photos.leclercdrive.fr/image.ashx?id=2955695&use=l&cat=p&typeid=i","cat":284915},{"id":3355,"n":"World Mix Haribo Sachet bonbons - 500g","p":2.79,"u":"5,58 €/KG","img":"https://fd13-photos.leclercdrive.fr/image.ashx?id=2805207&use=l&cat=p&typeid=i","cat":304250},{"id":3356,"n":"Banan's Haribo Sachet bonbons - 300g","p":1.44,"u":"4,80 €/KG","img":"https://fd13-photos.leclercdrive.fr/image.ashx?id=1739936&use=l&cat=p&typeid=i","cat":304250},{"id":3359,"n":"Compote Andros Pomme 750g","p":1.32,"u":"1,76 €/KG","img":"https://fd13-photos.leclercdrive.fr/image.ashx?id=2327716&use=l&cat=p&typeid=i","cat":284508},{"id":3361,"n":"Pâtée chats Gourmet gold Mousselines 4x85g","p":1.9,"u":"5,59 €/KG","img":"https://fd13-photos.leclercdrive.fr/image.ashx?id=2711103&use=l&cat=p&typeid=i","cat":285286},{"id":3364,"n":"Huile de douche Manava Bien être oriental 250ml","p":1.12,"u":"4,48 €/L","img":"https://fd13-photos.leclercdrive.fr/image.ashx?id=2809659&use=l&cat=p&typeid=i","cat":284594},{"id":3365,"n":"Gel douche et shampooing Carré Homme Dynamisante - 250ml","p":1.15,"u":"4,60 €/L","img":"https://fd13-photos.leclercdrive.fr/image.ashx?id=2910329&use=l&cat=p&typeid=i","cat":284619},{"id":3371,"n":"Kit Fajitas Tables du Monde 505g","p":2.79,"u":"5,52 €/KG","img":"https://fd13-photos.leclercdrive.fr/image.ashx?id=2679726&use=l&cat=p&typeid=i","cat":288993},{"id":3372,"n":"Terrines Tous Mes Amis Pour chats  3 saveurs - 3x400g","p":3.29,"u":"2,74 €/KG","img":"https://fd13-photos.leclercdrive.fr/image.ashx?id=2865050&use=l&cat=p&typeid=i","cat":285601},{"id":3373,"n":"Tortillas Tables du Monde Galettes de blé x8 320g","p":1.71,"u":"5,34 €/KG","img":"https://fd13-photos.leclercdrive.fr/image.ashx?id=2679729&use=l&cat=p&typeid=i","cat":288993},{"id":3375,"n":"Lingettes bébé Mots d'Enfants Toilettes fruits rouges - x60","p":1.7,"u":"0,03 €/P","img":"https://fd13-photos.leclercdrive.fr/image.ashx?id=2856465&use=l&cat=p&typeid=i","cat":284738},{"id":3376,"n":"Café moulu Bio Village Bio  Pérou - 250g","p":4.21,"u":"16,84 €/KG","img":"https://fd13-photos.leclercdrive.fr/image.ashx?id=2552436&use=l&cat=p&typeid=i","cat":284750},{"id":3387,"n":"Gel à raser Carré Homme Vitaminé protecteur 200ml","p":1.89,"u":"9,45 €/L","img":"https://fd13-photos.leclercdrive.fr/image.ashx?id=2704642&use=l&cat=p&typeid=i","cat":284617},{"id":3393,"n":"Dentifrice Protection Signal Caries 100ml","p":1.15,"u":"11,50 €/L","img":"https://fd13-photos.leclercdrive.fr/image.ashx?id=2961810&use=l&cat=p&typeid=i","cat":284612},{"id":3395,"n":"Dentifrice Dentamyl Aux plantes 75ml","p":0.95,"u":"12,67 €/L","img":"https://fd13-photos.leclercdrive.fr/image.ashx?id=2489104&use=l&cat=p&typeid=i","cat":284612},{"id":3396,"n":"Dentifrice Dentamyl Haleine fraîche 75ml","p":0.76,"u":"10,13 €/L","img":"https://fd13-photos.leclercdrive.fr/image.ashx?id=2489101&use=l&cat=p&typeid=i","cat":284612},{"id":3401,"n":"Serviette hygiénique Doulys Maxi - Spécial nuit - x12","p":0.95,"u":"0,08 €/P","img":"https://fd13-photos.leclercdrive.fr/image.ashx?id=2838927&use=l&cat=p&typeid=i","cat":284624},{"id":3412,"n":"Soupe de poissons Régal Soupe 1L","p":2.69,"u":"2,69 €/L","img":"https://fd13-photos.leclercdrive.fr/image.ashx?id=2607410&use=l&cat=p&typeid=i","cat":287366},{"id":3413,"n":"Asperges blanches Notre Jardin Pointes - 110g","p":2.35,"u":"21,36 €/KG","img":"https://fd13-photos.leclercdrive.fr/image.ashx?id=846591&use=l&cat=p&typeid=i","cat":312611},{"id":3416,"n":"Ratatouille Notre Jardin A la provençale - 750g","p":1.29,"u":"1,72 €/KG","img":"https://fd13-photos.leclercdrive.fr/image.ashx?id=2526291&use=l&cat=p&typeid=i","cat":312612},{"id":3421,"n":"Huile Fruit d'Or végétale 1L","p":3.66,"u":"3,66 €/L","img":"https://fd13-photos.leclercdrive.fr/image.ashx?id=2916854&use=l&cat=p&typeid=i","cat":284453},{"id":3424,"n":"Plat moussaka Côté table 850g","p":6.24,"u":"7,34 €/KG","img":"https://fd13-photos.leclercdrive.fr/image.ashx?id=2045175&use=l&cat=p&typeid=i","cat":284254},{"id":3428,"n":"Feuilletés paniers Côté Table St Jacques Fruits de mer 4x100g","p":4.49,"u":"11,23 €/KG","img":"https://fd13-photos.leclercdrive.fr/image.ashx?id=2549379&use=l&cat=p&typeid=i","cat":319776},{"id":3429,"n":"Lasagnes bolognaises Côté table 1kg","p":3.55,"u":"3,55 €/KG","img":"https://fd13-photos.leclercdrive.fr/image.ashx?id=2545628&use=l&cat=p&typeid=i","cat":284254},{"id":3441,"n":"AOP Freixenet Cava Cordon Negro Brut - 75cl","p":5.7,"u":"7,60 €/L","img":"https://fd13-photos.leclercdrive.fr/image.ashx?id=3011929&use=l&cat=p&typeid=i","cat":289461},{"id":3455,"n":"Saumon et torsades Côté Table  Sauce à l'oseille - 300g","p":2.59,"u":"8,63 €/KG","img":"https://fd13-photos.leclercdrive.fr/image.ashx?id=2809075&use=l&cat=p&typeid=i","cat":284953},{"id":3459,"n":"Petit Pois et Carottes Cassegrain 465g","p":2.61,"u":"5,61 €/KG","img":"https://fd13-photos.leclercdrive.fr/image.ashx?id=2912971&use=l&cat=p&typeid=i","cat":312607},{"id":3461,"n":"Maïs Bonduelle Sans Sucres Ajoutés 285g","p":0.99,"u":"3,47 €/KG","img":"https://fd13-photos.leclercdrive.fr/image.ashx?id=2955303&use=l&cat=p&typeid=i","cat":312611},{"id":3462,"n":"Pain précuit Epi d'Or Demi-baguette x2 - 300g","p":0.65,"u":"2,17 €/KG","img":"https://fd13-photos.leclercdrive.fr/image.ashx?id=2684814&use=l&cat=p&typeid=i","cat":325069},{"id":3508,"n":"Protège-slips Nana Fraicheur Qutodienne - Plié - x32","p":1.51,"u":"0,05 €/P","img":"https://fd13-photos.leclercdrive.fr/image.ashx?id=2986891&use=l&cat=p&typeid=i","cat":284625},{"id":3517,"n":"Bonbons Haribo Réglisse Carensac - 250g","p":1.69,"u":"6,76 €/KG","img":"https://fd13-photos.leclercdrive.fr/image.ashx?id=2982405&use=l&cat=p&typeid=i","cat":304250},{"id":3520,"n":"Boîtes chiens Lydog Terrines Viande volaille - 4x405g","p":3.48,"u":"2,15 €/KG","img":"https://fd13-photos.leclercdrive.fr/image.ashx?id=2815746&use=l&cat=p&typeid=i","cat":288578},{"id":3525,"n":"Crêpes fourrées P'tit déli Chocolat x8 - 256g","p":1.65,"u":"6,45 €/KG","img":"https://fd13-photos.leclercdrive.fr/image.ashx?id=2656335&use=l&cat=p&typeid=i","cat":284494},{"id":3528,"n":"Gel arnica Mercurochrome 75ml","p":2.72,"u":"36,27 €/L","img":"https://fd13-photos.leclercdrive.fr/image.ashx?id=2663989&use=l&cat=p&typeid=i","cat":284630},{"id":3549,"n":"IGP Pays d'Oc rosé J.P. Chenet 12.5% vol - 75cl","p":3.28,"u":"4,37 €/L","img":"https://fd13-photos.leclercdrive.fr/image.ashx?id=2985108&use=l&cat=p&typeid=i","cat":289558},{"id":3550,"n":"AOP Côtes de Provence rosé Billette Bouquet - 75cl","p":6.29,"u":"8,39 €/L","img":"https://fd13-photos.leclercdrive.fr/image.ashx?id=2625433&use=l&cat=p&typeid=i","cat":289558},{"id":3553,"n":"Whisky Chivas Regal 12 ans Blended Scotch 40% vol - 70cl","p":30.58,"pp":27.52,"u":"39,31 €/L","img":"https://fd13-photos.leclercdrive.fr/image.ashx?id=2914444&use=l&cat=p&typeid=i","cat":284547},{"id":3558,"n":"IGP Pays d'Oc rouge J-P Chenet Cabernet-Syrah 13% vol - 75 cl","p":3.21,"u":"4,28 €/L","img":"https://fd13-photos.leclercdrive.fr/image.ashx?id=2810864&use=l&cat=p&typeid=i","cat":289556},{"id":3559,"n":"IGP Pays d'Oc rouge J-P Chenet Merlot HVE - 75 cl","p":3.21,"u":"4,28 €/L","img":"https://fd13-photos.leclercdrive.fr/image.ashx?id=2837157&use=l&cat=p&typeid=i","cat":289556},{"id":3560,"n":"AOC Champagne brut blanc Pol Carson - 1,5L","p":43.85,"u":"29,23 €/L","img":"https://fd13-photos.leclercdrive.fr/image.ashx?id=2994788&use=l&cat=p&typeid=i","cat":284542},{"id":3564,"n":"Vin de l'Union Européenne  La Villageoise - 6x25cl","p":4.43,"u":"2,95 €/L","img":"https://fd13-photos.leclercdrive.fr/image.ashx?id=2731651&use=l&cat=p&typeid=i","cat":289557},{"id":3570,"n":"Concentré à diluer Pulco Citron - 70cl","p":2.2,"u":"3,14 €/L","img":"https://fd13-photos.leclercdrive.fr/image.ashx?id=2687845&use=l&cat=p&typeid=i","cat":295020},{"id":3571,"n":"Nectar Jafaden Abricot - 1L","p":2.59,"u":"2,59 €/L","img":"https://fd13-photos.leclercdrive.fr/image.ashx?id=2955713&use=l&cat=p&typeid=i","cat":284915},{"id":3575,"n":"Litière chats Tous mes Amis Végétale - 10L","p":4.39,"u":"0,44 €/L","img":"https://fd13-photos.leclercdrive.fr/image.ashx?id=2055217&use=l&cat=p&typeid=i","cat":284683},{"id":3576,"n":"Litière chats Tous mes Amis Minérale - Hygiénique - 10L","p":4.65,"u":"0,47 €/L","img":"https://fd13-photos.leclercdrive.fr/image.ashx?id=2055211&use=l&cat=p&typeid=i","cat":284683},{"id":3580,"n":"Le Haricot vert Cueilli Main Bonduelle Extra Fin 280g","p":2.38,"u":"8,50 €/KG","img":"https://fd13-photos.leclercdrive.fr/image.ashx?id=2910019&use=l&cat=p&typeid=i","cat":312606},{"id":3584,"n":"Macédoine de Légumes Bonduelle 530g","p":1.51,"u":"2,85 €/KG","img":"https://fd13-photos.leclercdrive.fr/image.ashx?id=2939235&use=l&cat=p&typeid=i","cat":312612},{"id":3588,"n":"IGP Pays d'Oc rouge Roche Mazet Cabernet Sauvignon 12.5% 75cl","p":3.0,"pp":2.25,"u":"3,00 €/L","img":"https://fd13-photos.leclercdrive.fr/image.ashx?id=2333000&use=l&cat=p&typeid=i","cat":289556},{"id":3589,"n":"IGP Pays d'Oc rouge Roche Mazet Merlot - 75cl","p":2.92,"u":"3,89 €/L","img":"https://fd13-photos.leclercdrive.fr/image.ashx?id=2332997&use=l&cat=p&typeid=i","cat":289556},{"id":3590,"n":"IGP Pays d'Oc rosé Roche Mazet Cinsault Grenache 12% vol 75cl","p":3.0,"pp":2.25,"u":"3,00 €/L","img":"https://fd13-photos.leclercdrive.fr/image.ashx?id=2341510&use=l&cat=p&typeid=i","cat":289558},{"id":3593,"n":"Vin d'Italie rouge pétillant Vilaveroni Lambrusco- 75cl","p":3.95,"u":"5,27 €/L","img":"https://fd13-photos.leclercdrive.fr/image.ashx?id=2333021&use=l&cat=p&typeid=i","cat":289556},{"id":3599,"n":"IGP Pays d'Oc rosé Listel Grain De gris 12.5% vol - 75cl","p":3.59,"u":"4,79 €/L","img":"https://fd13-photos.leclercdrive.fr/image.ashx?id=2556135&use=l&cat=p&typeid=i","cat":289558},{"id":3600,"n":"Miel Lune de Miel Tartimiel 250g","p":2.23,"u":"8,92 €/KG","img":"https://fd13-photos.leclercdrive.fr/image.ashx?id=2662610&use=l&cat=p&typeid=i","cat":287643},{"id":3604,"n":"Allume-feu Silex cubes x28 200g","p":1.11,"u":"5,55 €/KG","img":"https://fd13-photos.leclercdrive.fr/image.ashx?id=2558781&use=l&cat=p&typeid=i","cat":300578},{"id":3609,"n":"Petit Pois Cassegrain Tendres et Fondants 495g","p":2.72,"u":"5,49 €/KG","img":"https://fd13-photos.leclercdrive.fr/image.ashx?id=2912962&use=l&cat=p&typeid=i","cat":312607},{"id":3610,"n":"Petits pois Notre Jardin A l'étuvée -Extra fins - 3x140g","p":1.57,"u":"3,74 €/KG","img":"https://fd13-photos.leclercdrive.fr/image.ashx?id=2987952&use=l&cat=p&typeid=i","cat":312607},{"id":3617,"n":"Galettes de riz bio Bio Village Complet x17 - 130g","p":0.91,"u":"7,00 €/KG","img":"https://fd13-photos.leclercdrive.fr/image.ashx?id=2816151&use=l&cat=p&typeid=i","cat":318651},{"id":3621,"n":"Pansements Mercurochrome Ampoules x10","p":4.87,"img":"https://fd13-photos.leclercdrive.fr/image.ashx?id=2862143&use=l&cat=p&typeid=i","cat":284630},{"id":3622,"n":"Alcool modifié Mercurochrome 90° - 100ml","p":2.02,"u":"20,20 €/L","img":"https://fd13-photos.leclercdrive.fr/image.ashx?id=2663977&use=l&cat=p&typeid=i","cat":284630},{"id":3630,"n":"Filets colin Alaska Pêche océan 4 tranches - MSC - 400g","p":2.59,"u":"6,48 €/KG","img":"https://fd13-photos.leclercdrive.fr/image.ashx?id=2930087&use=l&cat=p&typeid=i","cat":319786},{"id":3633,"n":"Colin d'Alaska Pêche Océan x10 tranches - MSC - 1kg","p":8.83,"u":"8,83 €/KG","img":"https://fd13-photos.leclercdrive.fr/image.ashx?id=2930096&use=l&cat=p&typeid=i","cat":319786},{"id":3640,"n":"Fromage Apéritif Apérivrais  Saveurs de Provence - 100g","p":2.08,"u":"20,80 €/KG","img":"https://fd13-photos.leclercdrive.fr/image.ashx?id=2885348&use=l&cat=p&typeid=i","cat":314027},{"id":3641,"n":"Fromage Apéritif Apérivrais  Saveurs d'Italie - 100g","p":2.08,"u":"20,80 €/KG","img":"https://fd13-photos.leclercdrive.fr/image.ashx?id=2944705&use=l&cat=p&typeid=i","cat":314027},{"id":3643,"n":"Scotch Whisky Baird's 40%vol - 70cl","p":10.99,"u":"15,70 €/L","img":"https://fd13-photos.leclercdrive.fr/image.ashx?id=2907159&use=l&cat=p&typeid=i","cat":284547},{"id":3649,"n":"AOP Asti Vilaveroni 75cl","p":5.91,"u":"7,88 €/L","img":"https://fd13-photos.leclercdrive.fr/image.ashx?id=2337558&use=l&cat=p&typeid=i","cat":289461},{"id":3651,"n":"Vin du Portugal rosé Mateus - VSIG - 12% vol 75cl","p":4.79,"u":"6,39 €/L","img":"https://fd13-photos.leclercdrive.fr/image.ashx?id=2794619&use=l&cat=p&typeid=i","cat":289558},{"id":3655,"n":"Eau gazeuse St-Yorre 6x50cl","p":2.9,"u":"0,97 €/L","img":"https://fd13-photos.leclercdrive.fr/image.ashx?id=2877727&use=l&cat=p&typeid=i","cat":284536},{"id":3660,"n":"Fromage tartiflette Les Croisés 27%mg 500g","p":3.89,"u":"7,78 €/KG","img":"https://fd13-photos.leclercdrive.fr/image.ashx?id=2791749&use=l&cat=p&typeid=i","cat":314037},{"id":3663,"n":"Fromage à Raclette RichesMonts  3 saveurs 27 Tranches - 700g","p":9.95,"u":"14,21 €/KG","img":"https://fd13-photos.leclercdrive.fr/image.ashx?id=2766289&use=l&cat=p&typeid=i","cat":314037},{"id":3665,"n":"Beurrier Président Demi-sel - 80% MG - 250g","p":3.09,"u":"12,36 €/KG","img":"https://fd13-photos.leclercdrive.fr/image.ashx?id=2731849&use=l&cat=p&typeid=i","cat":284379},{"id":3668,"n":"Faisselle Rians - 6%mg - 1kg","p":2.7,"u":"2,70 €/KG","img":"https://fd13-photos.leclercdrive.fr/image.ashx?id=2659629&use=l&cat=p&typeid=i","cat":284409},{"id":3684,"n":"Eau gazeuse Rozana 6x1L","p":2.65,"u":"0,44 €/L","img":"https://fd13-photos.leclercdrive.fr/image.ashx?id=2870602&use=l&cat=p&typeid=i","cat":284536},{"id":3688,"n":"Ile gourmande Yoplait Vanille - 6x101g","p":2.75,"u":"4,54 €/KG","img":"https://fd13-photos.leclercdrive.fr/image.ashx?id=2731654&use=l&cat=p&typeid=i","cat":284419},{"id":3694,"n":"Pâtes Torti Legumes Panzani - 500G","p":1.3,"u":"2,60 €/KG","img":"https://fd13-photos.leclercdrive.fr/image.ashx?id=2876032&use=l&cat=p&typeid=i","cat":284427},{"id":3699,"n":"Café moulu Bio Village Bio Amérique latine - 250g","p":4.99,"u":"19,96 €/KG","img":"https://fd13-photos.leclercdrive.fr/image.ashx?id=2603713&use=l&cat=p&typeid=i","cat":284750},{"id":3705,"n":"Collants Well Elastivoile Résistant ibiza T3","p":3.95,"img":"https://fd13-photos.leclercdrive.fr/image.ashx?id=2560843&use=l&cat=p&typeid=i","cat":334130},{"id":3710,"n":"Cassoulet La Belle Chaurienne Porc - 420g","p":2.83,"u":"6,74 €/KG","img":"https://fd13-photos.leclercdrive.fr/image.ashx?id=2837358&use=l&cat=p&typeid=i","cat":284440},{"id":3712,"n":"Emincé poulet Côté Table Sauce curry - 300g","p":2.0,"u":"6,67 €/KG","img":"https://fd13-photos.leclercdrive.fr/image.ashx?id=2393857&use=l&cat=p&typeid=i","cat":284953},{"id":3713,"n":"Huile d'olive Rustica Vierge extra - 50cl","p":4.8,"u":"9,60 €/L","img":"https://fd13-photos.leclercdrive.fr/image.ashx?id=2930340&use=l&cat=p&typeid=i","cat":284453},{"id":3714,"n":"Serviette hygiénique Doulys Ultra minces - Normal - x16","p":1.03,"u":"0,06 €/P","img":"https://fd13-photos.leclercdrive.fr/image.ashx?id=2838924&use=l&cat=p&typeid=i","cat":284624},{"id":3716,"n":"Pizza cuite sur pierre Turini Royale - 400g","p":1.99,"u":"4,98 €/KG","img":"https://fd13-photos.leclercdrive.fr/image.ashx?id=2815205&use=l&cat=p&typeid=i","cat":284256},{"id":3719,"n":"Gomme Coiffante L'Oréal Paris Effet Remodelable - 150ml","p":3.54,"u":"23,60 €/L","img":"https://fd13-photos.leclercdrive.fr/image.ashx?id=2614194&use=l&cat=p&typeid=i","cat":284609},{"id":3736,"n":"Chocolat Pâtissier Menier Tablette Noir - 200g","p":2.19,"u":"10,95 €/KG","img":"https://fd13-photos.leclercdrive.fr/image.ashx?id=2624146&use=l&cat=p&typeid=i","cat":285562},{"id":3741,"n":"Biscottes fourrées Cracotte LU  Fraise - 200g","p":1.71,"u":"8,55 €/KG","img":"https://fd13-photos.leclercdrive.fr/image.ashx?id=3004807&use=l&cat=p&typeid=i","cat":284479},{"id":3742,"n":"Goûter Moelleux P'tit déli   Lait cacao et coco x10 420g","p":2.63,"u":"6,26 €/KG","img":"https://fd13-photos.leclercdrive.fr/image.ashx?id=2523691&use=l&cat=p&typeid=i","cat":284495},{"id":3743,"n":"Mini brownie Brossard Chocolat pépites x8 - 240g","p":2.49,"u":"10,38 €/KG","img":"https://fd13-photos.leclercdrive.fr/image.ashx?id=2965100&use=l&cat=p&typeid=i","cat":294776},{"id":3748,"n":"Soufflés Grignot' Tokapi  Saveur Fromage - 90g","p":0.72,"u":"8,00 €/KG","img":"https://fd13-photos.leclercdrive.fr/image.ashx?id=1956625&use=l&cat=p&typeid=i","cat":284449},{"id":3754,"n":"Crackers Tuc Bacon - 100g","p":0.79,"u":"7,90 €/KG","img":"https://fd13-photos.leclercdrive.fr/image.ashx?id=3002198&use=l&cat=p&typeid=i","cat":297000},{"id":3756,"n":"Mélange Exotique Tokapi  Bananes et papaye - 120g","p":1.47,"u":"12,25 €/KG","img":"https://fd13-photos.leclercdrive.fr/image.ashx?id=2793991&use=l&cat=p&typeid=i","cat":284448},{"id":3758,"n":"Sachet repas chats Gourmet 4 variétés de filets - 4x85g","p":1.8,"u":"5,29 €/KG","img":"https://fd13-photos.leclercdrive.fr/image.ashx?id=2902274&use=l&cat=p&typeid=i","cat":285286},{"id":3759,"n":"Sachet repas chats Gourmet Filets en sachet - 4x85g","p":1.82,"u":"5,35 €/KG","img":"https://fd13-photos.leclercdrive.fr/image.ashx?id=2902337&use=l&cat=p&typeid=i","cat":285286},{"id":3773,"n":"Feuilletés paniers Côté Table Jambon fromage - 4x100g","p":2.29,"u":"5,73 €/KG","img":"https://fd13-photos.leclercdrive.fr/image.ashx?id=2549382&use=l&cat=p&typeid=i","cat":319776},{"id":3775,"n":"Feuilletés paniers Côté Table Fromage de chèvre - 4x100g","p":3.07,"u":"7,68 €/KG","img":"https://fd13-photos.leclercdrive.fr/image.ashx?id=2549385&use=l&cat=p&typeid=i","cat":319776},{"id":3777,"n":"Légumes couscous Notre jardin 1kg","p":1.89,"u":"1,89 €/KG","img":"https://fd13-photos.leclercdrive.fr/image.ashx?id=2900031&use=l&cat=p&typeid=i","cat":319823},{"id":3786,"n":"Poisson pané Pêche Océan MSC - x20 - 1kg","p":7.56,"u":"7,56 €/KG","img":"https://fd13-photos.leclercdrive.fr/image.ashx?id=2930105&use=l&cat=p&typeid=i","cat":319788},{"id":3796,"n":"Croquettes poisson Pêche Océan MSC - x6 - 300g","p":1.76,"u":"5,87 €/KG","img":"https://fd13-photos.leclercdrive.fr/image.ashx?id=2856157&use=l&cat=p&typeid=i","cat":319788},{"id":3797,"n":"Brandade morue Côté Table 1kg","p":4.07,"u":"4,07 €/KG","img":"https://fd13-photos.leclercdrive.fr/image.ashx?id=2047028&use=l&cat=p&typeid=i","cat":284254},{"id":3810,"n":"Epinards Notre Jardin Branches A la crème fraîche 1kg","p":3.01,"u":"3,01 €/KG","img":"https://fd13-photos.leclercdrive.fr/image.ashx?id=2873081&use=l&cat=p&typeid=i","cat":319805},{"id":3820,"n":"Sandwich XXL Daunat Jambon emmental - 230g","p":2.02,"u":"8,78 €/KG","img":"https://fd13-photos.leclercdrive.fr/image.ashx?id=2892700&use=l&cat=p&typeid=i","cat":333658},{"id":3824,"n":"Sandwich triangle Daunat Jambon emmental - 160g","p":1.45,"u":"9,06 €/KG","img":"https://fd13-photos.leclercdrive.fr/image.ashx?id=2892694&use=l&cat=p&typeid=i","cat":333658},{"id":3828,"n":"Pansements Mercurochrome Economiques x20","p":1.92,"img":"https://fd13-photos.leclercdrive.fr/image.ashx?id=2748269&use=l&cat=p&typeid=i","cat":284630},{"id":3844,"n":"Sirop érable Maple Joe Du Canada - 250g","p":3.89,"u":"15,56 €/KG","img":"https://fd13-photos.leclercdrive.fr/image.ashx?id=2656559&use=l&cat=p&typeid=i","cat":287643},{"id":3862,"n":"Cacahuètes grillées Tokapi Salées - 500g","p":1.44,"u":"2,88 €/KG","img":"https://fd13-photos.leclercdrive.fr/image.ashx?id=2795532&use=l&cat=p&typeid=i","cat":284448},{"id":3864,"n":"Jus multifruits Jafaden 12 fruits - 1L","p":1.33,"u":"1,33 €/L","img":"https://fd13-photos.leclercdrive.fr/image.ashx?id=2461387&use=l&cat=p&typeid=i","cat":284917},{"id":3871,"n":"Pain grillé Pelletier Blé complet - 500g","p":1.85,"u":"3,70 €/KG","img":"https://fd13-photos.leclercdrive.fr/image.ashx?id=2345376&use=l&cat=p&typeid=i","cat":284479},{"id":3904,"n":"Viande bovine Charal3x steak*** À griller - 300g","p":7.32,"u":"24,40 €/KG","img":"https://fd13-photos.leclercdrive.fr/image.ashx?id=2485907&use=l&cat=p&typeid=i","cat":284328},{"id":3912,"n":"Viande bovine Charal ***  à griller - 280g","p":8.75,"u":"31,25 €/KG","img":"https://fd13-photos.leclercdrive.fr/image.ashx?id=1889162&use=l&cat=p&typeid=i","cat":284328},{"id":3914,"n":"Steak haché Charal 5%mg - 260g","p":5.81,"u":"22,35 €/KG","img":"https://fd13-photos.leclercdrive.fr/image.ashx?id=1889165&use=l&cat=p&typeid=i","cat":284332},{"id":3915,"n":"Steak haché 15%mg Charal Viande bovine - 260g","p":5.48,"u":"21,08 €/KG","img":"https://fd13-photos.leclercdrive.fr/image.ashx?id=1889174&use=l&cat=p&typeid=i","cat":284332},{"id":3917,"n":"Viande Bovine Française Charal: Pavé aux 3 poivres x2 - 260g","p":6.79,"u":"26,12 €/KG","img":"https://fd13-photos.leclercdrive.fr/image.ashx?id=2311195&use=l&cat=p&typeid=i","cat":284328},{"id":3918,"n":"Viande Bovine Française Charal Pavé à l'échalote x2 - 260g","p":6.49,"u":"24,96 €/KG","img":"https://fd13-photos.leclercdrive.fr/image.ashx?id=2311198&use=l&cat=p&typeid=i","cat":284328},{"id":3921,"n":"Carpaccio au Parmesan Charal - 230g","p":6.19,"u":"26,91 €/KG","img":"https://fd13-photos.leclercdrive.fr/image.ashx?id=2482174&use=l&cat=p&typeid=i","cat":284328},{"id":3922,"n":"Carpaccio au Basilic Charal - 230g","p":6.19,"u":"26,91 €/KG","img":"https://fd13-photos.leclercdrive.fr/image.ashx?id=1933746&use=l&cat=p&typeid=i","cat":284328},{"id":3923,"n":"Bacon burger Charal 2x155g","p":5.45,"u":"17,58 €/KG","img":"https://fd13-photos.leclercdrive.fr/image.ashx?id=2547092&use=l&cat=p&typeid=i","cat":333671},{"id":3924,"n":"Cheese Burger Charal Viande bovine française 2x145g","p":5.19,"u":"17,90 €/KG","img":"https://fd13-photos.leclercdrive.fr/image.ashx?id=2516095&use=l&cat=p&typeid=i","cat":333671},{"id":3925,"n":"Maxi Cheese Charal Viande bovine française - 220g","p":4.13,"u":"18,77 €/KG","img":"https://fd13-photos.leclercdrive.fr/image.ashx?id=2547098&use=l&cat=p&typeid=i","cat":333671},{"id":3926,"n":"Hot dog Charal 120g","p":2.5,"u":"20,83 €/KG","img":"https://fd13-photos.leclercdrive.fr/image.ashx?id=2653465&use=l&cat=p&typeid=i","cat":333671},{"id":3944,"n":"Jus multifruits Jafaden Briquettes - 6x20cl","p":1.79,"u":"1,49 €/L","img":"https://fd13-photos.leclercdrive.fr/image.ashx?id=2751880&use=l&cat=p&typeid=i","cat":284524},{"id":3946,"n":"Pâtes Barilla Spaghettoni n°7 - 500g","p":0.99,"u":"1,98 €/KG","img":"https://fd13-photos.leclercdrive.fr/image.ashx?id=2392221&use=l&cat=p&typeid=i","cat":284427},{"id":3951,"n":"Sucre vanillé Tablier blanc x10 75g","p":0.79,"u":"10,53 €/KG","img":"https://fd13-photos.leclercdrive.fr/image.ashx?id=2487431&use=l&cat=p&typeid=i","cat":294686},{"id":3955,"n":"Ravioli pur bœuf  Panzani - 400g","p":1.59,"u":"3,98 €/KG","img":"https://fd13-photos.leclercdrive.fr/image.ashx?id=2876050&use=l&cat=p&typeid=i","cat":284442},{"id":3957,"n":"Thon blanc Petit Navire Au naturel - 93g","p":2.47,"u":"26,56 €/KG","img":"https://fd13-photos.leclercdrive.fr/image.ashx?id=2868329&use=l&cat=p&typeid=i","cat":303867},{"id":3960,"n":"Haricots Mungo  Notre Jardin 3x90g","p":1.99,"u":"7,37 €/KG","img":"https://fd13-photos.leclercdrive.fr/image.ashx?id=2174678&use=l&cat=p&typeid=i","cat":312611},{"id":3980,"n":"Sauce bolognaise Turini 680g","p":2.44,"u":"3,59 €/KG","img":"https://fd13-photos.leclercdrive.fr/image.ashx?id=2634863&use=l&cat=p&typeid=i","cat":287599},{"id":3981,"n":"Petits pois carottes Extra fins Notre Jardin - 3x130g","p":1.69,"u":"4,33 €/KG","img":"https://fd13-photos.leclercdrive.fr/image.ashx?id=2987967&use=l&cat=p&typeid=i","cat":312607},{"id":3983,"n":"Flageolets verts Notre Jardin Extra fins - 3x130g","p":1.99,"u":"5,10 €/KG","img":"https://fd13-photos.leclercdrive.fr/image.ashx?id=2537352&use=l&cat=p&typeid=i","cat":312606},{"id":3989,"n":"Soda Jean's Cola  2L","p":1.5,"u":"0,75 €/L","img":"https://fd13-photos.leclercdrive.fr/image.ashx?id=2699423&use=l&cat=p&typeid=i","cat":284530},{"id":3991,"n":"Tarte aux 3 fromages Côté Table - 400g","p":2.79,"u":"6,98 €/KG","img":"https://fd13-photos.leclercdrive.fr/image.ashx?id=2791707&use=l&cat=p&typeid=i","cat":284257},{"id":3994,"n":"Tourte Côté Table Champignon jambon - 500g","p":4.52,"u":"9,04 €/KG","img":"https://fd13-photos.leclercdrive.fr/image.ashx?id=2791680&use=l&cat=p&typeid=i","cat":284257},{"id":3996,"n":"Hachis parmentier Côté table 600g","p":3.77,"u":"6,28 €/KG","img":"https://fd13-photos.leclercdrive.fr/image.ashx?id=2045181&use=l&cat=p&typeid=i","cat":284254},{"id":3997,"n":"Hachis parmentier Côté table 1kg","p":5.15,"u":"5,15 €/KG","img":"https://fd13-photos.leclercdrive.fr/image.ashx?id=2045172&use=l&cat=p&typeid=i","cat":284254},{"id":3998,"n":"Frites allumettes Pom'lisse Au four - 600g","p":0.85,"u":"1,42 €/KG","img":"https://fd13-photos.leclercdrive.fr/image.ashx?id=2699666&use=l&cat=p&typeid=i","cat":319791},{"id":3999,"n":"Crêpes Côté Table Champignons x6 - 300g","p":1.7,"u":"5,67 €/KG","img":"https://fd13-photos.leclercdrive.fr/image.ashx?id=2499352&use=l&cat=p&typeid=i","cat":319776},{"id":4001,"n":"Gratin d'aubergines Côté Table 450g","p":3.71,"u":"8,24 €/KG","img":"https://fd13-photos.leclercdrive.fr/image.ashx?id=1983436&use=l&cat=p&typeid=i","cat":319802},{"id":4007,"n":"Macédoine légumes Notre jardin 1kg","p":1.64,"u":"1,64 €/KG","img":"https://fd13-photos.leclercdrive.fr/image.ashx?id=2873075&use=l&cat=p&typeid=i","cat":319823},{"id":4008,"n":"Julienne légumes Notre jardin 600g","p":1.11,"u":"1,85 €/KG","img":"https://fd13-photos.leclercdrive.fr/image.ashx?id=2900073&use=l&cat=p&typeid=i","cat":319823},{"id":4009,"n":"Printanière légumes Notre jardin 1kg","p":1.59,"u":"1,59 €/KG","img":"https://fd13-photos.leclercdrive.fr/image.ashx?id=2873030&use=l&cat=p&typeid=i","cat":319823},{"id":4014,"n":"Gratin choux fleurs Côté Table 450g","p":3.71,"u":"8,24 €/KG","img":"https://fd13-photos.leclercdrive.fr/image.ashx?id=1977356&use=l&cat=p&typeid=i","cat":319802},{"id":4022,"n":"Fricassée de poulet Côté table Riz et légumes 900g","p":6.93,"u":"7,70 €/KG","img":"https://fd13-photos.leclercdrive.fr/image.ashx?id=2549370&use=l&cat=p&typeid=i","cat":284254},{"id":4024,"n":"Sauce crudité Rustica Nature - 50cl","p":0.88,"u":"1,76 €/L","img":"https://fd13-photos.leclercdrive.fr/image.ashx?id=1972910&use=l&cat=p&typeid=i","cat":284456},{"id":4025,"n":"Pois chiches Notre Jardin 530g","p":1.19,"u":"2,25 €/KG","img":"https://fd13-photos.leclercdrive.fr/image.ashx?id=2448971&use=l&cat=p&typeid=i","cat":312609},{"id":4026,"n":"Cuisses poulet rôti Le gaulois x2 - 350g","p":4.28,"u":"12,23 €/KG","img":"https://fd13-photos.leclercdrive.fr/image.ashx?id=2277122&use=l&cat=p&typeid=i","cat":284336},{"id":4028,"n":"Filets poulet rôti Le gaulois 230g","p":4.8,"u":"20,87 €/KG","img":"https://fd13-photos.leclercdrive.fr/image.ashx?id=2686879&use=l&cat=p&typeid=i","cat":284336},{"id":4029,"n":"Crème marron de Clément Faugier Vanillée Ardèche - 500g","p":2.55,"u":"5,10 €/KG","img":"https://fd13-photos.leclercdrive.fr/image.ashx?id=1880738&use=l&cat=p&typeid=i","cat":284481},{"id":4101,"n":"Pâtes coquillettes Panzani 1kg","p":1.76,"u":"1,76 €/KG","img":"https://fd13-photos.leclercdrive.fr/image.ashx?id=2873823&use=l&cat=p&typeid=i","cat":284427},{"id":4103,"n":"Compotes Andros Pomme Fraise - 8x100g","p":2.68,"u":"3,35 €/KG","img":"https://fd13-photos.leclercdrive.fr/image.ashx?id=2883940&use=l&cat=p&typeid=i","cat":284416},{"id":4120,"n":"Bouchées chocolatées Mon Chéri Liqueur cerise x16 - 168g","p":5.13,"u":"30,54 €/KG","img":"https://fd13-photos.leclercdrive.fr/image.ashx?id=2964018&use=l&cat=p&typeid=i","cat":327601},{"id":4141,"n":"Infusion Tiséa réglisse menthe x25","p":0.9,"u":"22,50 €/KG","img":"https://fd13-photos.leclercdrive.fr/image.ashx?id=2553908&use=l&cat=p&typeid=i","cat":293234},{"id":4196,"n":"Aubergine  1kg","p":3.99,"u":"3,99 €/KG","img":"https://fd13-photos.leclercdrive.fr/image.ashx?id=1631409&use=l&cat=p&typeid=i","cat":284352},{"id":4241,"n":"Tarte Tatin Autour du Dessert 600g","p":4.7,"u":"7,83 €/KG","img":"https://fd13-photos.leclercdrive.fr/image.ashx?id=2062480&use=l&cat=p&typeid=i","cat":284267},{"id":4242,"n":"Vacherin Eskiss Vanille framboise - 535g","p":4.66,"u":"8,71 €/KG","img":"https://fd13-photos.leclercdrive.fr/image.ashx?id=2119121&use=l&cat=p&typeid=i","cat":284266},{"id":4243,"n":"Tarte citron meringuée Trofic 500g","p":5.82,"u":"11,64 €/KG","img":"https://fd13-photos.leclercdrive.fr/image.ashx?id=2062477&use=l&cat=p&typeid=i","cat":284267},{"id":4249,"n":"Crème glacée Eskiss Chocolat noir - 494g","p":2.27,"u":"4,60 €/KG","img":"https://fd13-photos.leclercdrive.fr/image.ashx?id=2698162&use=l&cat=p&typeid=i","cat":284263},{"id":4250,"n":"Crème glacée Eskiss Café - 494g","p":2.33,"u":"4,72 €/KG","img":"https://fd13-photos.leclercdrive.fr/image.ashx?id=3002545&use=l&cat=p&typeid=i","cat":284263},{"id":4255,"n":"Crème glacée Eskiss Rhum raisin - 494g","p":2.46,"u":"4,98 €/KG","img":"https://fd13-photos.leclercdrive.fr/image.ashx?id=2982589&use=l&cat=p&typeid=i","cat":284263},{"id":4259,"n":"Pâtes spaghetti Panzani 1kg","p":1.72,"u":"1,72 €/KG","img":"https://fd13-photos.leclercdrive.fr/image.ashx?id=2869555&use=l&cat=p&typeid=i","cat":284427},{"id":4260,"n":"Biscuits sablés P'tit Déli Chocolat au lait - 200g","p":1.19,"u":"5,95 €/KG","img":"https://fd13-photos.leclercdrive.fr/image.ashx?id=2768457&use=l&cat=p&typeid=i","cat":284488},{"id":4262,"n":"Thon en tranche  Pêche Océan Naturel - 140g","p":2.05,"u":"14,64 €/KG","img":"https://fd13-photos.leclercdrive.fr/image.ashx?id=2941387&use=l&cat=p&typeid=i","cat":303867},{"id":4288,"n":"Boisson apéritif Voltano Base de vin Bianco 14.4%vol 1L","p":4.99,"u":"4,99 €/L","img":"https://fd13-photos.leclercdrive.fr/image.ashx?id=2843782&use=l&cat=p&typeid=i","cat":284913},{"id":4289,"n":"Boisson apéritif Voltano Base de vin rosso 14.4%vol 1L","p":4.75,"u":"4,75 €/L","img":"https://fd13-photos.leclercdrive.fr/image.ashx?id=2473957&use=l&cat=p&typeid=i","cat":284913},{"id":4290,"n":"Marrons entiers Notre Jardin - 510g","p":5.19,"u":"10,18 €/KG","img":"https://fd13-photos.leclercdrive.fr/image.ashx?id=2263143&use=l&cat=p&typeid=i","cat":312612},{"id":4327,"n":"Collants Well Elastivoile Satiné ibiza T3","p":4.9,"img":"https://fd13-photos.leclercdrive.fr/image.ashx?id=2056383&use=l&cat=p&typeid=i","cat":334130},{"id":4328,"n":"Collants Well Elastivoile Satiné ibiza T4","p":4.9,"img":"https://fd13-photos.leclercdrive.fr/image.ashx?id=2056386&use=l&cat=p&typeid=i","cat":334130},{"id":4346,"n":"Crêpes Côté Table Fromage x6 - 300g","p":1.71,"u":"5,70 €/KG","img":"https://fd13-photos.leclercdrive.fr/image.ashx?id=2932399&use=l&cat=p&typeid=i","cat":319776},{"id":4367,"n":"Papier toilette Uni Vert Compact écologique - x4","p":3.29,"u":"0,82 €/P","img":"https://fd13-photos.leclercdrive.fr/image.ashx?id=1957072&use=l&cat=p&typeid=i","cat":284634},{"id":4369,"n":"Gel wc menthe pin Uni Vert 750ml","p":1.62,"u":"2,16 €/L","img":"https://fd13-photos.leclercdrive.fr/image.ashx?id=2965446&use=l&cat=p&typeid=i","cat":284662},{"id":4381,"n":"Safran poudre Rustica 3 doses de 0,1g","p":2.96,"img":"https://fd13-photos.leclercdrive.fr/image.ashx?id=2797769&use=l&cat=p&typeid=i","cat":298297},{"id":4407,"n":"Biscuits duo glacier P'tit Déli 100g","p":1.16,"u":"11,60 €/KG","img":"https://fd13-photos.leclercdrive.fr/image.ashx?id=1938831&use=l&cat=p&typeid=i","cat":284487},{"id":4412,"n":"Boisson énergisante Red Bull 250ml","p":1.1,"u":"4,40 €/L","img":"https://fd13-photos.leclercdrive.fr/image.ashx?id=2340300&use=l&cat=p&typeid=i","cat":284533},{"id":4417,"n":"Sauce Fondue d'échalote Charal 100g","p":1.59,"u":"15,90 €/KG","img":"https://fd13-photos.leclercdrive.fr/image.ashx?id=2859251&use=l&cat=p&typeid=i","cat":284382},{"id":4423,"n":"Sauce béarnaise Charal 120g","p":1.99,"u":"16,58 €/KG","img":"https://fd13-photos.leclercdrive.fr/image.ashx?id=2105011&use=l&cat=p&typeid=i","cat":284382},{"id":4425,"n":"Sauce aux 3 poivres Charal 2 personnes - 120g","p":1.95,"u":"16,25 €/KG","img":"https://fd13-photos.leclercdrive.fr/image.ashx?id=2105014&use=l&cat=p&typeid=i","cat":284382},{"id":4426,"n":"Sauce au Roquefort Charal 2 personnes - 120g","p":1.91,"u":"15,92 €/KG","img":"https://fd13-photos.leclercdrive.fr/image.ashx?id=2881329&use=l&cat=p&typeid=i","cat":284382},{"id":4427,"n":"Sauce Forestière Charal 2 personnes - 120g","p":2.02,"u":"16,83 €/KG","img":"https://fd13-photos.leclercdrive.fr/image.ashx?id=2558957&use=l&cat=p&typeid=i","cat":284382},{"id":4431,"n":"Plumeaux Clair jetables Avec poignée x5","p":3.03,"img":"https://fd13-photos.leclercdrive.fr/image.ashx?id=2832924&use=l&cat=p&typeid=i","cat":325364},{"id":4438,"n":"Hot Dog Charal ketchup 120g","p":2.5,"u":"20,83 €/KG","img":"https://fd13-photos.leclercdrive.fr/image.ashx?id=2264734&use=l&cat=p&typeid=i","cat":333671},{"id":4458,"n":"Pâtes cheveux d'anges Panzani 500g","p":1.21,"u":"2,42 €/KG","img":"https://fd13-photos.leclercdrive.fr/image.ashx?id=2896069&use=l&cat=p&typeid=i","cat":284427},{"id":4468,"n":"Boisson énergisante Red Bull 4x250ml","p":4.37,"u":"4,37 €/L","img":"https://fd13-photos.leclercdrive.fr/image.ashx?id=3011977&use=l&cat=p&typeid=i","cat":284533},{"id":4469,"n":"Combustible poêle pétrole PTX 2000 20L","p":24.9,"u":"1,25 €/L","img":"https://fd13-photos.leclercdrive.fr/image.ashx?id=2798328&use=l&cat=p&typeid=i","cat":300577},{"id":4499,"n":"Surligneur Esquisse 4 couleurs fluos - x4","p":1.99,"img":"https://fd13-photos.leclercdrive.fr/image.ashx?id=2943208&use=l&cat=p&typeid=i","cat":284696},{"id":4507,"n":"Enveloppes adhésives Eco+ 11x22cm 70g - x100","p":1.79,"u":"0,02 €/P","img":"https://fd13-photos.leclercdrive.fr/image.ashx?id=1699666&use=l&cat=p&typeid=i","cat":284697},{"id":4511,"n":"Pochettes perforées Eco+ 21x29.7cm - x100","p":1.29,"u":"0,01 €/P","img":"https://fd13-photos.leclercdrive.fr/image.ashx?id=2943124&use=l&cat=p&typeid=i","cat":284745},{"id":4512,"n":"Pur jus orange Jafaden Sans pulpe - 1L","p":2.42,"u":"2,42 €/L","img":"https://fd13-photos.leclercdrive.fr/image.ashx?id=2916668&use=l&cat=p&typeid=i","cat":285435},{"id":4515,"n":"Pansements Primoplast Pré-découpés x100","p":2.97,"img":"https://fd13-photos.leclercdrive.fr/image.ashx?id=2856459&use=l&cat=p&typeid=i","cat":284630},{"id":4518,"n":"Pomme de terre de consommation N.Jardin entières, épluch. 500g","p":1.35,"u":"2,70 €/KG","img":"https://fd13-photos.leclercdrive.fr/image.ashx?id=2694088&use=l&cat=p&typeid=i","cat":284352},{"id":4519,"n":"Bande à découper Primoplast Multi-usages - 10x6cm","p":0.79,"img":"https://fd13-photos.leclercdrive.fr/image.ashx?id=2856414&use=l&cat=p&typeid=i","cat":284630},{"id":4524,"n":"Filtre café Eco+ N°4 - x100","p":1.19,"u":"0,01 €/P","img":"https://fd13-photos.leclercdrive.fr/image.ashx?id=2905195&use=l&cat=p&typeid=i","cat":284751},{"id":4538,"n":"Crème pieds Scholl Réparatrice - 75ml","p":3.79,"u":"50,53 €/L","img":"https://fd13-photos.leclercdrive.fr/image.ashx?id=3011803&use=l&cat=p&typeid=i","cat":325354},{"id":4543,"n":"Gel Lubrifiant Intime Durex Sensitive base Eau 50ml","p":3.97,"u":"79,40 €/L","img":"https://fd13-photos.leclercdrive.fr/image.ashx?id=2961200&use=l&cat=p&typeid=i","cat":285160},{"id":4554,"n":"Sot l'y laisse Le Gaulois Dinde - 250g","p":4.74,"u":"18,96 €/KG","img":"https://fd13-photos.leclercdrive.fr/image.ashx?id=2732740&use=l&cat=p&typeid=i","cat":284715},{"id":4566,"n":"Nuggets de poulet Maître coq 1kg","p":6.33,"u":"6,33 €/KG","img":"https://fd13-photos.leclercdrive.fr/image.ashx?id=2877826&use=l&cat=p&typeid=i","cat":333684},{"id":4567,"n":"Panés de poulet Maître Coq 1kg","p":7.53,"u":"7,53 €/KG","img":"https://fd13-photos.leclercdrive.fr/image.ashx?id=2877823&use=l&cat=p&typeid=i","cat":333684},{"id":4569,"n":"Coq'ailes Maître Coq Mexicain - 250g","p":3.21,"u":"12,84 €/KG","img":"https://fd13-photos.leclercdrive.fr/image.ashx?id=2432034&use=l&cat=p&typeid=i","cat":333685},{"id":4570,"n":"Coq'ailes Maître coq Nature - 250g","p":2.95,"u":"11,80 €/KG","img":"https://fd13-photos.leclercdrive.fr/image.ashx?id=2412591&use=l&cat=p&typeid=i","cat":333685},{"id":4583,"n":"Sucre vanillé Vahiné Madagascar - 5x7,5g","p":1.65,"u":"43,42 €/KG","img":"https://fd13-photos.leclercdrive.fr/image.ashx?id=2489190&use=l&cat=p&typeid=i","cat":294686},{"id":4596,"n":"Poivron doux vert  1kg","p":4.99,"u":"4,99 €/KG","img":"https://fd13-photos.leclercdrive.fr/image.ashx?id=1633079&use=l&cat=p&typeid=i","cat":284352},{"id":4624,"n":"Dattes Couleurs Vives 500g","p":2.75,"u":"5,50 €/KG","img":"https://fd13-photos.leclercdrive.fr/image.ashx?id=1762682&use=l&cat=p&typeid=i","cat":284357},{"id":4626,"n":"Vinaigrette Rustica Nature - 50cl","p":0.88,"u":"1,76 €/L","img":"https://fd13-photos.leclercdrive.fr/image.ashx?id=1972898&use=l&cat=p&typeid=i","cat":284456},{"id":4628,"n":"Moutarde de Dijon Rustica  Fine et forte - 440g","p":1.13,"u":"2,57 €/KG","img":"https://fd13-photos.leclercdrive.fr/image.ashx?id=2954340&use=l&cat=p&typeid=i","cat":288850},{"id":4629,"n":"Moutarde à l'ancienne Rustica Vinaigre - 350g","p":1.12,"u":"3,20 €/KG","img":"https://fd13-photos.leclercdrive.fr/image.ashx?id=2055467&use=l&cat=p&typeid=i","cat":288850},{"id":4630,"n":"Pâté piment d'Espelette NRT Label Rouge - 180g","p":2.39,"u":"13,28 €/KG","img":"https://fd13-photos.leclercdrive.fr/image.ashx?id=2590469&use=l&cat=p&typeid=i","cat":305149},{"id":4631,"n":"Confit foie volaille Côté Table Au porto - 180g","p":1.42,"u":"7,89 €/KG","img":"https://fd13-photos.leclercdrive.fr/image.ashx?id=2476107&use=l&cat=p&typeid=i","cat":305149},{"id":4640,"n":"Petits pois carottes Notre Jard Extra fins - 420g","p":1.35,"u":"3,21 €/KG","img":"https://fd13-photos.leclercdrive.fr/image.ashx?id=2987943&use=l&cat=p&typeid=i","cat":312607},{"id":4641,"n":"Croquettes chaton Purina One Junior - Poulet/Céréales - 450g","p":2.47,"u":"5,49 €/KG","img":"https://fd13-photos.leclercdrive.fr/image.ashx?id=2499883&use=l&cat=p&typeid=i","cat":284680},{"id":4667,"n":"Yaourts Mamie Nova Ananas passion - 2x150g","p":1.35,"u":"4,50 €/KG","img":"https://fd13-photos.leclercdrive.fr/image.ashx?id=2886960&use=l&cat=p&typeid=i","cat":284410},{"id":4679,"n":"Gel WC nettoyant Syphon Javel eucalyptus - 750ml","p":0.87,"u":"1,16 €/L","img":"https://fd13-photos.leclercdrive.fr/image.ashx?id=2663359&use=l&cat=p&typeid=i","cat":284662},{"id":4682,"n":"Petits pois Notre Jardin A l'étuvée - Extra fins - 445g","p":1.28,"u":"2,88 €/KG","img":"https://fd13-photos.leclercdrive.fr/image.ashx?id=2987940&use=l&cat=p&typeid=i","cat":312607},{"id":4727,"n":"Chocolat au lait Tablette d'Or Raisins secs & Noisettes - 200g","p":2.19,"u":"10,95 €/KG","img":"https://fd13-photos.leclercdrive.fr/image.ashx?id=2578629&use=l&cat=p&typeid=i","cat":284497},{"id":4844,"n":"Pochettes perforées Esquisse x50","p":1.7,"img":"https://fd13-photos.leclercdrive.fr/image.ashx?id=2943157&use=l&cat=p&typeid=i","cat":284745},{"id":4850,"n":"Pomme de terre de consommation Frites et purée  2.5kg","p":2.7,"u":"1,08 €/KG","img":"https://fd13-photos.leclercdrive.fr/image.ashx?id=1633046&use=l&cat=p&typeid=i","cat":284352},{"id":4852,"n":"Thon blanc Petit Navire Au naturel - 140g","p":3.5,"u":"25,00 €/KG","img":"https://fd13-photos.leclercdrive.fr/image.ashx?id=2570996&use=l&cat=p&typeid=i","cat":303867},{"id":4863,"n":"Tampons Doulys Digitaux Normal - x24","p":1.24,"u":"0,05 €/P","img":"https://fd13-photos.leclercdrive.fr/image.ashx?id=2965398&use=l&cat=p&typeid=i","cat":284626},{"id":4905,"n":"Purée de fruit NATURNES Pomme banane 4M+ - 4x130g","p":2.18,"u":"4,19 €/KG","img":"https://fd13-photos.leclercdrive.fr/image.ashx?id=2599937&use=l&cat=p&typeid=i","cat":312387},{"id":4906,"n":"Purée de fruit NATURNES Pommes Poires 4M+ - 4x130g","p":2.3,"u":"4,42 €/KG","img":"https://fd13-photos.leclercdrive.fr/image.ashx?id=2672551&use=l&cat=p&typeid=i","cat":312387},{"id":4922,"n":"Cracotte Lu Craquinette Choco noisette - 216g","p":2.38,"u":"11,02 €/KG","img":"https://fd13-photos.leclercdrive.fr/image.ashx?id=2474206&use=l&cat=p&typeid=i","cat":284479},{"id":4957,"n":"Cuillère douce silicone Tigex Vert taille unique - 1 pièce","p":4.5,"img":"https://fd13-photos.leclercdrive.fr/image.ashx?id=1971299&use=l&cat=p&typeid=i","cat":289435},{"id":4971,"n":"Fromage Spécialité Port Salut - 320g","p":2.69,"u":"8,41 €/KG","img":"https://fd13-photos.leclercdrive.fr/image.ashx?id=2143762&use=l&cat=p&typeid=i","cat":329184},{"id":4988,"n":"Beurre Moulé Paysan Breton Doux - 82%MG - 500g","p":6.01,"u":"12,02 €/KG","img":"https://fd13-photos.leclercdrive.fr/image.ashx?id=2774496&use=l&cat=p&typeid=i","cat":284379},{"id":4996,"n":"Cordon bleu Le Gaulois Dinde - 200g","p":2.03,"u":"10,15 €/KG","img":"https://fd13-photos.leclercdrive.fr/image.ashx?id=2860220&use=l&cat=p&typeid=i","cat":333683},{"id":4997,"n":"Gésiers de volaille Le Gaulois 300g","p":3.02,"u":"10,07 €/KG","img":"https://fd13-photos.leclercdrive.fr/image.ashx?id=2732722&use=l&cat=p&typeid=i","cat":284715},{"id":5000,"n":"Frites de poulet Le Gaulois Panées France - 200g","p":2.46,"u":"12,30 €/KG","img":"https://fd13-photos.leclercdrive.fr/image.ashx?id=2261657&use=l&cat=p&typeid=i","cat":333684},{"id":5005,"n":"Rôti filet de dinde le Gaulois 600g","p":9.11,"u":"15,18 €/KG","img":"https://fd13-photos.leclercdrive.fr/image.ashx?id=2263889&use=l&cat=p&typeid=i","cat":284337},{"id":5010,"n":"Jambon fumé grill Petitgas A poêler 5 tranches 500g","p":6.5,"u":"13,00 €/KG","img":"https://fd13-photos.leclercdrive.fr/image.ashx?id=1730013&use=l&cat=p&typeid=i","cat":316009},{"id":5011,"n":"Museau de porc Petitgas 4 tranches Avec langues - 160g","p":2.34,"u":"14,63 €/KG","img":"https://fd13-photos.leclercdrive.fr/image.ashx?id=2732959&use=l&cat=p&typeid=i","cat":316007},{"id":5015,"n":"Yaourts Les Zaros Délisse Fruits panachés - 16x125g","p":2.48,"u":"1,24 €/KG","img":"https://fd13-photos.leclercdrive.fr/image.ashx?id=2970444&use=l&cat=p&typeid=i","cat":284414},{"id":5018,"n":"Yaourts Délisse Nature - 4x125g","p":0.65,"u":"1,30 €/KG","img":"https://fd13-photos.leclercdrive.fr/image.ashx?id=2922488&use=l&cat=p&typeid=i","cat":284409},{"id":5021,"n":"Crottin de chèvre Les Croisés 23%mg - 2x60g","p":1.78,"u":"14,83 €/KG","img":"https://fd13-photos.leclercdrive.fr/image.ashx?id=2891878&use=l&cat=p&typeid=i","cat":314031},{"id":5022,"n":"Graisse à frire Rustica végétale - 1kg","p":5.76,"u":"5,76 €/KG","img":"https://fd13-photos.leclercdrive.fr/image.ashx?id=2903941&use=l&cat=p&typeid=i","cat":315229},{"id":5023,"n":"Salade composée Notre Jardin Mélée gourmande - 200g","p":0.99,"u":"4,95 €/KG","img":"https://fd13-photos.leclercdrive.fr/image.ashx?id=2720145&use=l&cat=p&typeid=i","cat":284353},{"id":5024,"n":"Viande des grisons Saint Azay 10 tranches - 80g","p":4.09,"u":"51,13 €/KG","img":"https://fd13-photos.leclercdrive.fr/image.ashx?id=2848490&use=l&cat=p&typeid=i","cat":316007},{"id":5026,"n":"Ravioli Turini Boeuf aux oignons - 300g","p":1.53,"u":"5,10 €/KG","img":"https://fd13-photos.leclercdrive.fr/image.ashx?id=2778036&use=l&cat=p&typeid=i","cat":333682},{"id":5028,"n":"Piémontaise Menu Fraîcheur Au jambon - 500g","p":2.2,"u":"4,40 €/KG","img":"https://fd13-photos.leclercdrive.fr/image.ashx?id=2901428&use=l&cat=p&typeid=i","cat":333657},{"id":5031,"n":"Petits chèvres doux Les Croisés 200g","p":2.02,"u":"10,10 €/KG","img":"https://fd13-photos.leclercdrive.fr/image.ashx?id=2927179&use=l&cat=p&typeid=i","cat":314031},{"id":5032,"n":"Pizza Turini Chorizo - 450g","p":2.69,"u":"5,98 €/KG","img":"https://fd13-photos.leclercdrive.fr/image.ashx?id=2989649&use=l&cat=p&typeid=i","cat":333679},{"id":5040,"n":"Yaourts aromatisés 0% Délisse 4 saveurs - 12x125g","p":2.54,"u":"1,69 €/KG","img":"https://fd13-photos.leclercdrive.fr/image.ashx?id=2898829&use=l&cat=p&typeid=i","cat":315000},{"id":5041,"n":"Fromage blanc Déli'light Nature 0% MG - 1kg","p":1.79,"u":"1,79 €/KG","img":"https://fd13-photos.leclercdrive.fr/image.ashx?id=2905213&use=l&cat=p&typeid=i","cat":315000},{"id":5042,"n":"Fromage raclette Les Croisés 3 variétés - 26%mg - 700g","p":9.29,"u":"13,27 €/KG","img":"https://fd13-photos.leclercdrive.fr/image.ashx?id=2791755&use=l&cat=p&typeid=i","cat":314037},{"id":5044,"n":"Fromage à tartiner Les Croisés  Ail et fines herbes 25%mg 150g","p":1.29,"u":"8,60 €/KG","img":"https://fd13-photos.leclercdrive.fr/image.ashx?id=2476122&use=l&cat=p&typeid=i","cat":314029},{"id":5045,"n":"Riz au lait Délisse Vanille - 8x115g","p":2.08,"u":"2,26 €/KG","img":"https://fd13-photos.leclercdrive.fr/image.ashx?id=2489116&use=l&cat=p&typeid=i","cat":284418},{"id":5046,"n":"Roquefort NRT AOP  Fromage de brebis -150g","p":2.99,"u":"19,93 €/KG","img":"https://fd13-photos.leclercdrive.fr/image.ashx?id=2771046&use=l&cat=p&typeid=i","cat":314032},{"id":5047,"n":"Gratte éponge Spontex Sans rinçage x3","p":1.38,"u":"0,46 €/P","img":"https://fd13-photos.leclercdrive.fr/image.ashx?id=2975783&use=l&cat=p&typeid=i","cat":284667},{"id":5066,"n":"Amandes décortiquées Sun Apéro 500g","p":7.23,"u":"14,46 €/KG","img":"https://fd13-photos.leclercdrive.fr/image.ashx?id=2692164&use=l&cat=p&typeid=i","cat":284357},{"id":5070,"n":"Whisky Jack Daniel's Old N°7 70cL","p":20.65,"u":"29,50 €/L","img":"https://fd13-photos.leclercdrive.fr/image.ashx?id=2789763&use=l&cat=p&typeid=i","cat":284547},{"id":5071,"n":"Nettoyant Crème Vitroclen  Vitrocéramique - 200ml","p":1.89,"u":"9,45 €/L","img":"https://fd13-photos.leclercdrive.fr/image.ashx?id=2529825&use=l&cat=p&typeid=i","cat":325363},{"id":5073,"n":"Muscat Olympio Samos 75cl","p":4.37,"u":"5,83 €/L","img":"https://fd13-photos.leclercdrive.fr/image.ashx?id=2504077&use=l&cat=p&typeid=i","cat":284913},{"id":5078,"n":"Sucres morceaux Béghin Say n°4 1kg","p":1.88,"u":"1,88 €/KG","img":"https://fd13-photos.leclercdrive.fr/image.ashx?id=2860172&use=l&cat=p&typeid=i","cat":284502},{"id":5079,"n":"Sucre cristal Béghin Say 1kg","p":1.8,"u":"1,80 €/KG","img":"https://fd13-photos.leclercdrive.fr/image.ashx?id=2866343&use=l&cat=p&typeid=i","cat":284502},{"id":5080,"n":"Sucre poudre Béghin Say Etui 1kg","p":1.78,"u":"1,78 €/KG","img":"https://fd13-photos.leclercdrive.fr/image.ashx?id=2866346&use=l&cat=p&typeid=i","cat":284502},{"id":5081,"n":"Sucre poudre Béghin Say 1kg","p":1.75,"u":"1,75 €/KG","img":"https://fd13-photos.leclercdrive.fr/image.ashx?id=2866349&use=l&cat=p&typeid=i","cat":284502},{"id":5082,"n":"Sucre blanc Beghin Say Spécial confiture - 1kg","p":2.97,"u":"2,97 €/KG","img":"https://fd13-photos.leclercdrive.fr/image.ashx?id=2666761&use=l&cat=p&typeid=i","cat":284502},{"id":5083,"n":"Sucre canne Blonvilliers Béghin Say morceaux 1kg","p":2.79,"u":"2,79 €/KG","img":"https://fd13-photos.leclercdrive.fr/image.ashx?id=2962281&use=l&cat=p&typeid=i","cat":284502},{"id":5090,"n":"Pepites de chocolat noir Vahiné - 100g","p":1.93,"u":"19,30 €/KG","img":"https://fd13-photos.leclercdrive.fr/image.ashx?id=2529282&use=l&cat=p&typeid=i","cat":284504},{"id":5102,"n":"Cacahuètes Maître Prunille Chouchou sucrées - 500g","p":4.54,"u":"9,08 €/KG","img":"https://fd13-photos.leclercdrive.fr/image.ashx?id=2234018&use=l&cat=p&typeid=i","cat":284357},{"id":5103,"n":"Biscuits Maître Prunille Japonais - 250g","p":3.59,"pp":2.37,"u":"9,48 €/KG","img":"https://fd13-photos.leclercdrive.fr/image.ashx?id=2234021&use=l&cat=p&typeid=i","cat":316002},{"id":5107,"n":"Huile d'arachide Rustica  1L","p":3.55,"u":"3,55 €/L","img":"https://fd13-photos.leclercdrive.fr/image.ashx?id=2512475&use=l&cat=p&typeid=i","cat":284453},{"id":5110,"n":"Pâtes Coquillettes Turini  1kg","p":1.32,"u":"1,32 €/KG","img":"https://fd13-photos.leclercdrive.fr/image.ashx?id=2607383&use=l&cat=p&typeid=i","cat":284427},{"id":5111,"n":"Couscous Comptoir du grain Grain fin - 500g","p":1.3,"u":"2,60 €/KG","img":"https://fd13-photos.leclercdrive.fr/image.ashx?id=3012806&use=l&cat=p&typeid=i","cat":284429},{"id":5112,"n":"Chocolat blanc Tablette d'Or Blanc - 2x100g","p":2.23,"u":"11,15 €/KG","img":"https://fd13-photos.leclercdrive.fr/image.ashx?id=2790880&use=l&cat=p&typeid=i","cat":284957},{"id":5114,"n":"Filet de harengs Pêche Océan MSC - Au naturel - 200g","p":1.75,"u":"8,75 €/KG","img":"https://fd13-photos.leclercdrive.fr/image.ashx?id=2694212&use=l&cat=p&typeid=i","cat":285190},{"id":5115,"n":"Biscuits Croustillants Tokapi Bacon-  85g","p":0.99,"u":"11,65 €/KG","img":"https://fd13-photos.leclercdrive.fr/image.ashx?id=2632837&use=l&cat=p&typeid=i","cat":297000},{"id":5116,"n":"Crème de pêche Auguste Muniot 15%vol. - 50cl","p":4.99,"u":"9,98 €/L","img":"https://fd13-photos.leclercdrive.fr/image.ashx?id=794886&use=l&cat=p&typeid=i","cat":286032},{"id":5117,"n":"Café soluble Plantation Qualité filtre - 200g","p":4.59,"u":"22,95 €/KG","img":"https://fd13-photos.leclercdrive.fr/image.ashx?id=2834269&use=l&cat=p&typeid=i","cat":284843},{"id":5121,"n":"Café moulu Plantation Ethiopie - 250g","p":3.79,"u":"15,16 €/KG","img":"https://fd13-photos.leclercdrive.fr/image.ashx?id=2607434&use=l&cat=p&typeid=i","cat":284750},{"id":5125,"n":"Farine de blé bio T65 Bio Village - 1kg","p":0.99,"u":"0,99 €/KG","img":"https://fd13-photos.leclercdrive.fr/image.ashx?id=2448418&use=l&cat=p&typeid=i","cat":284503},{"id":5126,"n":"Riz long Comptoir du Grain Cuisson rapide 10min - 1kg","p":1.69,"u":"1,69 €/KG","img":"https://fd13-photos.leclercdrive.fr/image.ashx?id=2764137&use=l&cat=p&typeid=i","cat":284428},{"id":5128,"n":"Chips Pom'lisse Bolognaise - 135g","p":1.29,"u":"9,56 €/KG","img":"https://fd13-photos.leclercdrive.fr/image.ashx?id=2919604&use=l&cat=p&typeid=i","cat":284447},{"id":5132,"n":"Croûtons Epi d'Or Nature - 2x90g","p":0.99,"u":"5,50 €/KG","img":"https://fd13-photos.leclercdrive.fr/image.ashx?id=2606037&use=l&cat=p&typeid=i","cat":284464},{"id":5135,"n":"Pain 400g","p":1.1,"u":"2,75 €/KG","img":"https://fd13-photos.leclercdrive.fr/image.ashx?id=565084&use=l&cat=p&typeid=i","cat":284359},{"id":5141,"n":"Protège-document Esquisse Multicoloris","p":2.59,"img":"https://fd13-photos.leclercdrive.fr/image.ashx?id=2943145&use=l&cat=p&typeid=i","cat":284745},{"id":5142,"n":"Feutres de coloriage Esquisse Lavable Pointe moyenne x12","p":1.15,"img":"https://fd13-photos.leclercdrive.fr/image.ashx?id=2943151&use=l&cat=p&typeid=i","cat":284696},{"id":5144,"n":"Classeur cahier Esquisse Multicoloris 21x29.7cm -Dos 2cm","p":1.49,"img":"https://fd13-photos.leclercdrive.fr/image.ashx?id=2727668&use=l&cat=p&typeid=i","cat":284745},{"id":5152,"n":"Papier dessin blanc Esquisse 24 feuilles 180g/m² 24x32cm","p":1.44,"img":"https://fd13-photos.leclercdrive.fr/image.ashx?id=1678688&use=l&cat=p&typeid=i","cat":284697},{"id":5155,"n":"Mini Gomme Esquisse Plastique x2","p":0.55,"u":"0,28 €/P","img":"https://fd13-photos.leclercdrive.fr/image.ashx?id=2943220&use=l&cat=p&typeid=i","cat":334133},{"id":5158,"n":"Déodorant Bille Femme Nivea Dry Confort 72H - 50ml","p":2.08,"u":"41,60 €/L","img":"https://fd13-photos.leclercdrive.fr/image.ashx?id=2871058&use=l&cat=p&typeid=i","cat":284595},{"id":5176,"n":"Pâtes Alphabet Panzani 500g","p":1.28,"u":"2,56 €/KG","img":"https://fd13-photos.leclercdrive.fr/image.ashx?id=2896063&use=l&cat=p&typeid=i","cat":284427},{"id":5187,"n":"Poires Conférence  1kg","p":3.99,"u":"3,99 €/KG","img":"https://fd13-photos.leclercdrive.fr/image.ashx?id=1636335&use=l&cat=p&typeid=i","cat":284356},{"id":5227,"n":"Pâtes Lustucru coquillettes Oeufs frais - 250g","p":0.94,"u":"3,76 €/KG","img":"https://fd13-photos.leclercdrive.fr/image.ashx?id=2519474&use=l&cat=p&typeid=i","cat":284427},{"id":5228,"n":"Pâtes Lustucru spaghetti courts Oeufs frais - 250g","p":0.94,"u":"3,76 €/KG","img":"https://fd13-photos.leclercdrive.fr/image.ashx?id=2519477&use=l&cat=p&typeid=i","cat":284427},{"id":5229,"n":"Torsades Lustucru  Aux œufs - 250g","p":1.0,"u":"4,00 €/KG","img":"https://fd13-photos.leclercdrive.fr/image.ashx?id=2503945&use=l&cat=p&typeid=i","cat":284427},{"id":5250,"n":"Crème glacée Eskiss Pistache avec éclats - 494g","p":2.5,"u":"5,06 €/KG","img":"https://fd13-photos.leclercdrive.fr/image.ashx?id=2982586&use=l&cat=p&typeid=i","cat":284263},{"id":5252,"n":"Pansements Primoplast Spécial articulations 10 bandes","p":1.99,"img":"https://fd13-photos.leclercdrive.fr/image.ashx?id=2856420&use=l&cat=p&typeid=i","cat":284630},{"id":5253,"n":"Pansements Primoplast Spécial Articulations x30","p":1.59,"img":"https://fd13-photos.leclercdrive.fr/image.ashx?id=2832912&use=l&cat=p&typeid=i","cat":284630},{"id":5254,"n":"Croc's jambon Côté Croc Dinde x2 - 100g","p":1.72,"u":"8,60 €/KG","img":"https://fd13-photos.leclercdrive.fr/image.ashx?id=2449760&use=l&cat=p&typeid=i","cat":333683},{"id":5255,"n":"Croc Côté Croc Poulet Fromage x2 - 200g","p":1.54,"u":"7,70 €/KG","img":"https://fd13-photos.leclercdrive.fr/image.ashx?id=2967549&use=l&cat=p&typeid=i","cat":333683},{"id":5256,"n":"Bonbons Copains Copines Assortiment - 750g","p":3.85,"u":"5,13 €/KG","img":"https://fd13-photos.leclercdrive.fr/image.ashx?id=1949318&use=l&cat=p&typeid=i","cat":304250},{"id":5264,"n":"Crème glacée Eskiss Fraise avec morceaux - 494g","p":3.16,"u":"6,40 €/KG","img":"https://fd13-photos.leclercdrive.fr/image.ashx?id=2982598&use=l&cat=p&typeid=i","cat":284263},{"id":5265,"n":"Piémontaise Menu Fraîcheur  Au jambon - 300g","p":1.59,"u":"5,30 €/KG","img":"https://fd13-photos.leclercdrive.fr/image.ashx?id=2901425&use=l&cat=p&typeid=i","cat":333657},{"id":5271,"n":"Betteraves Menu Fraîcheur  Rouge en dés - 300g","p":1.19,"u":"3,97 €/KG","img":"https://fd13-photos.leclercdrive.fr/image.ashx?id=2552418&use=l&cat=p&typeid=i","cat":333657},{"id":5275,"n":"Taboulé Menu Fraîcheur Aux crevettes - 300g","p":1.95,"u":"6,50 €/KG","img":"https://fd13-photos.leclercdrive.fr/image.ashx?id=2645888&use=l&cat=p&typeid=i","cat":333657},{"id":5279,"n":"Actifidus Delisse Nature - 4x125g","p":0.85,"u":"1,70 €/KG","img":"https://fd13-photos.leclercdrive.fr/image.ashx?id=2431107&use=l&cat=p&typeid=i","cat":315000},{"id":5285,"n":"Escalope Normande Côté Croc x2 - 200g","p":1.78,"u":"8,90 €/KG","img":"https://fd13-photos.leclercdrive.fr/image.ashx?id=2488353&use=l&cat=p&typeid=i","cat":333683},{"id":5289,"n":"Torti au surimi Menu Fraîcheur 300g","p":1.7,"u":"5,67 €/KG","img":"https://fd13-photos.leclercdrive.fr/image.ashx?id=2965443&use=l&cat=p&typeid=i","cat":333657},{"id":5293,"n":"Biscuits apéritifs Tokapi 3 saveurs - 100g","p":0.79,"u":"7,90 €/KG","img":"https://fd13-photos.leclercdrive.fr/image.ashx?id=2885768&use=l&cat=p&typeid=i","cat":284449},{"id":5294,"n":"Yaourts brassés Délisse Nature - 4x125g","p":1.05,"u":"2,10 €/KG","img":"https://fd13-photos.leclercdrive.fr/image.ashx?id=2282162&use=l&cat=p&typeid=i","cat":284409},{"id":5308,"n":"Biscuits Mini Rollos Pépito Chocolat au lait - 225g","p":1.84,"u":"8,18 €/KG","img":"https://fd13-photos.leclercdrive.fr/image.ashx?id=3014407&use=l&cat=p&typeid=i","cat":284488},{"id":5314,"n":"Haricots verts d'aucy  Extra-fins - 1/2","p":1.1,"u":"5,00 €/KG","img":"https://fd13-photos.leclercdrive.fr/image.ashx?id=2512728&use=l&cat=p&typeid=i","cat":312606},{"id":5317,"n":"Lentilles cuisinées Raynal Et Roquelaure - 410g","p":1.26,"u":"3,07 €/KG","img":"https://fd13-photos.leclercdrive.fr/image.ashx?id=2928396&use=l&cat=p&typeid=i","cat":312609},{"id":5318,"n":"Biscuits galettes St Michel 130g","p":0.84,"u":"6,46 €/KG","img":"https://fd13-photos.leclercdrive.fr/image.ashx?id=2986149&use=l&cat=p&typeid=i","cat":284487},{"id":5321,"n":"Chocolat poudre Benco 400g","p":2.3,"u":"5,75 €/KG","img":"https://fd13-photos.leclercdrive.fr/image.ashx?id=2871805&use=l&cat=p&typeid=i","cat":293235},{"id":5322,"n":"Quenelles veau  Petit Jean - 400g","p":2.22,"u":"5,55 €/KG","img":"https://fd13-photos.leclercdrive.fr/image.ashx?id=2677231&use=l&cat=p&typeid=i","cat":284441},{"id":5325,"n":"Confiture Bonne Maman Fraise - 370g","p":1.72,"u":"4,65 €/KG","img":"https://fd13-photos.leclercdrive.fr/image.ashx?id=2474984&use=l&cat=p&typeid=i","cat":284480},{"id":5329,"n":"Saucisses aux lentilles William Saurin - 420g","p":1.75,"u":"4,17 €/KG","img":"https://fd13-photos.leclercdrive.fr/image.ashx?id=2890067&use=l&cat=p&typeid=i","cat":284441},{"id":5339,"n":"Fruits au sirop St Mamet Cocktail - 500g","p":3.49,"u":"6,98 €/KG","img":"https://fd13-photos.leclercdrive.fr/image.ashx?id=2412435&use=l&cat=p&typeid=i","cat":284507},{"id":5342,"n":"Soda Canada Dry Ginger Ale 1,5L","p":1.79,"u":"1,19 €/L","img":"https://fd13-photos.leclercdrive.fr/image.ashx?id=2654674&use=l&cat=p&typeid=i","cat":284531},{"id":5362,"n":"Vin mousseux Charles Volner Brut - 12%vol. - 75cl","p":4.6,"u":"6,13 €/L","img":"https://fd13-photos.leclercdrive.fr/image.ashx?id=1592052&use=l&cat=p&typeid=i","cat":284544},{"id":5366,"n":"Cire Dépilatoire Siliss Méthode orientale - 250ml","p":3.73,"u":"14,92 €/L","img":"https://fd13-photos.leclercdrive.fr/image.ashx?id=2510717&use=l&cat=p&typeid=i","cat":325351},{"id":5367,"n":"Biscuits tuiles P'tit Déli 100g","p":1.15,"u":"11,50 €/KG","img":"https://fd13-photos.leclercdrive.fr/image.ashx?id=1898889&use=l&cat=p&typeid=i","cat":284487},{"id":5368,"n":"Biscuits Croustillants Tokapi Gouda - 85g","p":0.99,"u":"11,65 €/KG","img":"https://fd13-photos.leclercdrive.fr/image.ashx?id=2507685&use=l&cat=p&typeid=i","cat":297000},{"id":5369,"n":"Légumes couscous Notre Jardin 800g","p":1.49,"u":"1,86 €/KG","img":"https://fd13-photos.leclercdrive.fr/image.ashx?id=2854213&use=l&cat=p&typeid=i","cat":312612},{"id":5381,"n":"Dentifrice Dentamyl Haleine fraîche 75ml","p":1.36,"u":"18,13 €/L","img":"https://fd13-photos.leclercdrive.fr/image.ashx?id=2613828&use=l&cat=p&typeid=i","cat":284612},{"id":5386,"n":"Biscuit Petit beurre P'tit Déli Tablette chocolat lait - 150g","p":1.29,"u":"8,60 €/KG","img":"https://fd13-photos.leclercdrive.fr/image.ashx?id=2711644&use=l&cat=p&typeid=i","cat":284488},{"id":5387,"n":"Boisson soja Calcium Végé 1L Végé - 200g","p":1.21,"u":"1,21 €/L","img":"https://fd13-photos.leclercdrive.fr/image.ashx?id=2859155&use=l&cat=p&typeid=i","cat":316067},{"id":5390,"n":"Crème anglaise Délisse 50cl","p":1.28,"u":"2,56 €/L","img":"https://fd13-photos.leclercdrive.fr/image.ashx?id=3002569&use=l&cat=p&typeid=i","cat":284382},{"id":5391,"n":"Yaourts à boire Délisse 3 parfums - 6x180g","p":2.39,"u":"2,21 €/KG","img":"https://fd13-photos.leclercdrive.fr/image.ashx?id=2757924&use=l&cat=p&typeid=i","cat":284415},{"id":5396,"n":"Bain de bouche Dentamyl Multi Protection - 500ml","p":1.89,"u":"3,78 €/L","img":"https://fd13-photos.leclercdrive.fr/image.ashx?id=2500806&use=l&cat=p&typeid=i","cat":284613},{"id":5399,"n":"Pur jus d'orange Bio Village Bio sans pulpe - 1L","p":2.45,"u":"2,45 €/L","img":"https://fd13-photos.leclercdrive.fr/image.ashx?id=2901521&use=l&cat=p&typeid=i","cat":284521},{"id":5400,"n":"Nouilles bouclées d'Alsace NRT 250g","p":1.39,"u":"5,56 €/KG","img":"https://fd13-photos.leclercdrive.fr/image.ashx?id=2839965&use=l&cat=p&typeid=i","cat":284427},{"id":5403,"n":"Plumes d'Alsace NRT 250g","p":1.39,"u":"5,56 €/KG","img":"https://fd13-photos.leclercdrive.fr/image.ashx?id=2839971&use=l&cat=p&typeid=i","cat":284427},{"id":5404,"n":"IGP Coquilles d'Alsace NRT 250g","p":1.39,"u":"5,56 €/KG","img":"https://fd13-photos.leclercdrive.fr/image.ashx?id=2839974&use=l&cat=p&typeid=i","cat":284427},{"id":5406,"n":"Saucisson sec d'Auvergne IGP Nos Régions ont du Talent 300g","p":5.51,"u":"18,37 €/KG","img":"https://fd13-photos.leclercdrive.fr/image.ashx?id=2991476&use=l&cat=p&typeid=i","cat":316006},{"id":5407,"n":"Coquillettes d'Alsace NRT 250g","p":1.39,"u":"5,56 €/KG","img":"https://fd13-photos.leclercdrive.fr/image.ashx?id=2839977&use=l&cat=p&typeid=i","cat":284427},{"id":5449,"n":"Boîte chat Whiskas Terrine du marché - 4x400g","p":4.46,"u":"2,79 €/KG","img":"https://fd13-photos.leclercdrive.fr/image.ashx?id=2759619&use=l&cat=p&typeid=i","cat":285601},{"id":5465,"n":"Eau de source de Montagne 6x50cl","p":1.67,"u":"0,56 €/L","img":"https://fd13-photos.leclercdrive.fr/image.ashx?id=2727614&use=l&cat=p&typeid=i","cat":284535},{"id":5472,"n":"Biscuits barquettes P'tit Déli Fraise - 2x120g","p":1.66,"u":"6,92 €/KG","img":"https://fd13-photos.leclercdrive.fr/image.ashx?id=2691168&use=l&cat=p&typeid=i","cat":284489},{"id":5480,"n":"Biscuits Dejeuner REM 3x255g","p":2.99,"u":"3,91 €/KG","img":"https://fd13-photos.leclercdrive.fr/image.ashx?id=3002201&use=l&cat=p&typeid=i","cat":284491},{"id":5496,"n":"Pineau des Charentes rosé Jules Gautret 17%vol. 75cl","p":9.98,"u":"13,31 €/L","img":"https://fd13-photos.leclercdrive.fr/image.ashx?id=1933212&use=l&cat=p&typeid=i","cat":284913},{"id":5497,"n":"Gelée Bonne Maman Cassis - 370g","p":1.79,"u":"4,84 €/KG","img":"https://fd13-photos.leclercdrive.fr/image.ashx?id=2901662&use=l&cat=p&typeid=i","cat":284480},{"id":5498,"n":"Comté des terroirs Entremont 200g","p":3.39,"u":"16,95 €/KG","img":"https://fd13-photos.leclercdrive.fr/image.ashx?id=2474245&use=l&cat=p&typeid=i","cat":314034},{"id":5509,"n":"Pâtes Torsades Turini 1kg","p":1.29,"u":"1,29 €/KG","img":"https://fd13-photos.leclercdrive.fr/image.ashx?id=2607413&use=l&cat=p&typeid=i","cat":284427},{"id":5511,"n":"Sparadrap Primoplast Peaux délicates 5mx2.5cm","p":1.48,"img":"https://fd13-photos.leclercdrive.fr/image.ashx?id=2856426&use=l&cat=p&typeid=i","cat":284630},{"id":5512,"n":"Sparadrap Primoplast résistant 5mx2.5cm","p":1.49,"img":"https://fd13-photos.leclercdrive.fr/image.ashx?id=2856435&use=l&cat=p&typeid=i","cat":284630},{"id":5514,"n":"Bande strapping Primoplast Adhésive 2.5mx6cm","p":3.39,"img":"https://fd13-photos.leclercdrive.fr/image.ashx?id=2856441&use=l&cat=p&typeid=i","cat":284630},{"id":5515,"n":"Vin mousseux d'Union Européenne  brut  -75cl","p":2.99,"u":"3,99 €/L","img":"https://fd13-photos.leclercdrive.fr/image.ashx?id=2807279&use=l&cat=p&typeid=i","cat":284544},{"id":5517,"n":"Canapés toasts Epi d'Or Nature - 280g","p":1.12,"u":"4,00 €/KG","img":"https://fd13-photos.leclercdrive.fr/image.ashx?id=1859140&use=l&cat=p&typeid=i","cat":285454},{"id":5526,"n":"Fromage Bleu d'Auvergne NRT  AOP - 125g","p":1.39,"u":"11,12 €/KG","img":"https://fd13-photos.leclercdrive.fr/image.ashx?id=2771040&use=l&cat=p&typeid=i","cat":314032},{"id":5529,"n":"Croquettes petits chiens Ultima  Poulet - Yorkshire - 800g","p":3.01,"u":"3,76 €/KG","img":"https://fd13-photos.leclercdrive.fr/image.ashx?id=2922224&use=l&cat=p&typeid=i","cat":294526},{"id":5536,"n":"Biscuits Pockitos Pépito Chocolat au lait - 295g","p":3.27,"u":"11,08 €/KG","img":"https://fd13-photos.leclercdrive.fr/image.ashx?id=3001955&use=l&cat=p&typeid=i","cat":284488},{"id":5545,"n":"Garniture Bouchées à la reine Petit Jean - 400g","p":2.19,"u":"5,48 €/KG","img":"https://fd13-photos.leclercdrive.fr/image.ashx?id=2677240&use=l&cat=p&typeid=i","cat":284441},{"id":5561,"n":"Tampons Doulys Digitaux Super - x24","p":1.26,"u":"0,05 €/P","img":"https://fd13-photos.leclercdrive.fr/image.ashx?id=2965410&use=l&cat=p&typeid=i","cat":284626},{"id":5563,"n":"Biscuits P'tit Déli Délimousse 175g","p":1.51,"u":"8,63 €/KG","img":"https://fd13-photos.leclercdrive.fr/image.ashx?id=1077141&use=l&cat=p&typeid=i","cat":284495},{"id":5564,"n":"Lingettes nettoyantes Clair Vitres 3en1 x20","p":0.87,"u":"0,04 €/P","img":"https://fd13-photos.leclercdrive.fr/image.ashx?id=2345622&use=l&cat=p&typeid=i","cat":325363},{"id":5574,"n":"Quenelles Côté Table saumon Sauce crevette 400g","p":1.82,"u":"4,55 €/KG","img":"https://fd13-photos.leclercdrive.fr/image.ashx?id=2977138&use=l&cat=p&typeid=i","cat":284441},{"id":5575,"n":"Compote Douceur du Verger Gourdes Pomme - 12x90g","p":2.7,"u":"2,50 €/KG","img":"https://fd13-photos.leclercdrive.fr/image.ashx?id=2837030&use=l&cat=p&typeid=i","cat":284508},{"id":5576,"n":"Biscuits choco barre P'tit Déli Chocolat lait 295g","p":2.64,"u":"8,95 €/KG","img":"https://fd13-photos.leclercdrive.fr/image.ashx?id=2618229&use=l&cat=p&typeid=i","cat":284488},{"id":5578,"n":"Cuillers à pâtisserie  P'tit Déli 300g","p":2.49,"u":"8,30 €/KG","img":"https://fd13-photos.leclercdrive.fr/image.ashx?id=2046352&use=l&cat=p&typeid=i","cat":284487},{"id":5600,"n":"Pâté Hénaff 78g","p":1.17,"u":"15,00 €/KG","img":"https://fd13-photos.leclercdrive.fr/image.ashx?id=2280516&use=l&cat=p&typeid=i","cat":305149},{"id":5612,"n":"Eau de source Cristaline 6x1,5L","p":1.1,"u":"0,12 €/L","img":"https://fd13-photos.leclercdrive.fr/image.ashx?id=2389449&use=l&cat=p&typeid=i","cat":284535},{"id":5619,"n":"Oeufs de lompe Ronde des Mers Rouge - MSC - 100g","p":2.6,"u":"26,00 €/KG","img":"https://fd13-photos.leclercdrive.fr/image.ashx?id=2822720&use=l&cat=p&typeid=i","cat":285191},{"id":5621,"n":"Chips crevette Tokapi 50g","p":0.65,"u":"13,00 €/KG","img":"https://fd13-photos.leclercdrive.fr/image.ashx?id=3013573&use=l&cat=p&typeid=i","cat":288992},{"id":5622,"n":"Croquettes chiens Lydog Spécial Forme - Volaille - 4kg","p":4.99,"u":"1,25 €/KG","img":"https://fd13-photos.leclercdrive.fr/image.ashx?id=2191117&use=l&cat=p&typeid=i","cat":284672},{"id":5624,"n":"Croquettes chiens Lydog Junior - Volaille - 4kg","p":7.98,"u":"2,00 €/KG","img":"https://fd13-photos.leclercdrive.fr/image.ashx?id=1937477&use=l&cat=p&typeid=i","cat":284672},{"id":5626,"n":"Bonbons Copains Copines Frites acides - 275 g","p":1.71,"u":"6,22 €/KG","img":"https://fd13-photos.leclercdrive.fr/image.ashx?id=2934655&use=l&cat=p&typeid=i","cat":304250},{"id":5627,"n":"Lasagnes bolognaise Côté Table 1kg","p":4.14,"u":"4,14 €/KG","img":"https://fd13-photos.leclercdrive.fr/image.ashx?id=2570915&use=l&cat=p&typeid=i","cat":333666},{"id":5630,"n":"Papier toilette blanc Mimosa Ultra doux maxi rouleau - x12","p":5.4,"u":"0,45 €/P","img":"https://fd13-photos.leclercdrive.fr/image.ashx?id=2794862&use=l&cat=p&typeid=i","cat":284634},{"id":5633,"n":"Soufflés Grignot' Tokapi Cacahuète - 90g","p":0.72,"u":"8,00 €/KG","img":"https://fd13-photos.leclercdrive.fr/image.ashx?id=2049223&use=l&cat=p&typeid=i","cat":284449},{"id":5671,"n":"Acide chlorhydrique Phébus Détartrant puissant 1L","p":2.5,"u":"2,50 €/L","img":"https://fd13-photos.leclercdrive.fr/image.ashx?id=2962065&use=l&cat=p&typeid=i","cat":300576},{"id":5683,"n":"Champignon de Paris  250g","p":2.99,"u":"11,96 €/KG","img":"https://fd13-photos.leclercdrive.fr/image.ashx?id=1631910&use=l&cat=p&typeid=i","cat":284352},{"id":5718,"n":"Tampons Doulys avec applicateur Super - x24","p":2.47,"u":"0,10 €/P","img":"https://fd13-photos.leclercdrive.fr/image.ashx?id=2965458&use=l&cat=p&typeid=i","cat":284626},{"id":5772,"n":"Biscuits tartelette Bonne Maman Citron 125g","p":1.32,"u":"10,56 €/KG","img":"https://fd13-photos.leclercdrive.fr/image.ashx?id=2962296&use=l&cat=p&typeid=i","cat":284489},{"id":5802,"n":"Lait entier Vitamine D Lactel UHT Bouteille - 6x1l","p":10.31,"u":"1,72 €/L","img":"https://fd13-photos.leclercdrive.fr/image.ashx?id=2889427&use=l&cat=p&typeid=i","cat":285610},{"id":5823,"n":"Lait demi-écrémé Lactel Vitamine D Bouteille - 6x50cl","p":5.73,"u":"1,91 €/L","img":"https://fd13-photos.leclercdrive.fr/image.ashx?id=2993403&use=l&cat=p&typeid=i","cat":284377},{"id":5831,"n":"Ketchup Rustica Epicé - 560g","p":1.59,"u":"2,84 €/KG","img":"https://fd13-photos.leclercdrive.fr/image.ashx?id=2327491&use=l&cat=p&typeid=i","cat":284455},{"id":5840,"n":"Filets anchois Rondes des mers 105g","p":2.38,"u":"22,67 €/KG","img":"https://fd13-photos.leclercdrive.fr/image.ashx?id=2046038&use=l&cat=p&typeid=i","cat":285190},{"id":5850,"n":"Couscous Côté Table Poulet merguez 450g","p":2.7,"u":"6,00 €/KG","img":"https://fd13-photos.leclercdrive.fr/image.ashx?id=1936608&use=l&cat=p&typeid=i","cat":333665},{"id":5855,"n":"Lasagnes bolognaise Côté Table 350g","p":2.85,"u":"8,14 €/KG","img":"https://fd13-photos.leclercdrive.fr/image.ashx?id=2911802&use=l&cat=p&typeid=i","cat":333665},{"id":5857,"n":"Hachis parmentier Côté Table 300g","p":2.19,"u":"7,30 €/KG","img":"https://fd13-photos.leclercdrive.fr/image.ashx?id=2616733&use=l&cat=p&typeid=i","cat":333665},{"id":5859,"n":"Guacamole Tables du Monde 200g","p":2.29,"u":"13,09 €/KG","img":"https://fd13-photos.leclercdrive.fr/image.ashx?id=2872252&use=l&cat=p&typeid=i","cat":315999},{"id":5866,"n":"Actifidus Délisse Vanille - 12x125g","p":2.58,"u":"1,72 €/KG","img":"https://fd13-photos.leclercdrive.fr/image.ashx?id=2751877&use=l&cat=p&typeid=i","cat":315000},{"id":5870,"n":"Boisson soja nature Végé 1L Végé - 200g","p":1.12,"u":"1,12 €/L","img":"https://fd13-photos.leclercdrive.fr/image.ashx?id=2861413&use=l&cat=p&typeid=i","cat":316067},{"id":5873,"n":"Beignets crevettes Tables du Monde x6 140g","p":2.06,"u":"14,71 €/KG","img":"https://fd13-photos.leclercdrive.fr/image.ashx?id=2865053&use=l&cat=p&typeid=i","cat":333673},{"id":5876,"n":"Court-bouillon Rustica 150g","p":1.21,"u":"8,07 €/KG","img":"https://fd13-photos.leclercdrive.fr/image.ashx?id=1743584&use=l&cat=p&typeid=i","cat":288379},{"id":5877,"n":"Petit pot de crème Délisse Chocolat - 8x100g","p":3.57,"u":"4,46 €/KG","img":"https://fd13-photos.leclercdrive.fr/image.ashx?id=2544970&use=l&cat=p&typeid=i","cat":285041},{"id":5878,"n":"Jus 3 agrumes Jafaden 1L","p":2.75,"u":"2,75 €/L","img":"https://fd13-photos.leclercdrive.fr/image.ashx?id=2916665&use=l&cat=p&typeid=i","cat":285435},{"id":5880,"n":"Yaourts mousse Petits Délis Fruits - 6x74g","p":1.77,"u":"3,99 €/KG","img":"https://fd13-photos.leclercdrive.fr/image.ashx?id=2907057&use=l&cat=p&typeid=i","cat":284414},{"id":5891,"n":"Tzatziki Tables du Monde 200g","p":1.59,"u":"7,95 €/KG","img":"https://fd13-photos.leclercdrive.fr/image.ashx?id=2872255&use=l&cat=p&typeid=i","cat":315999},{"id":5895,"n":"Tripes mode de caen NRT 600g","p":3.99,"u":"6,65 €/KG","img":"https://fd13-photos.leclercdrive.fr/image.ashx?id=2723198&use=l&cat=p&typeid=i","cat":284441},{"id":5901,"n":"Filtre à café Melitta 1x4 Original - x40","p":0.99,"u":"0,02 €/P","img":"https://fd13-photos.leclercdrive.fr/image.ashx?id=2882053&use=l&cat=p&typeid=i","cat":284751},{"id":5907,"n":"Haricots beurre d'aucy Extra-fins - 440g","p":1.95,"u":"4,43 €/KG","img":"https://fd13-photos.leclercdrive.fr/image.ashx?id=2431536&use=l&cat=p&typeid=i","cat":312606},{"id":5909,"n":"Mini gâches briochettes NRT Pur beurre x8 - 360g","p":2.07,"u":"5,75 €/KG","img":"https://fd13-photos.leclercdrive.fr/image.ashx?id=2670416&use=l&cat=p&typeid=i","cat":284478},{"id":5910,"n":"Ketchup Amora 280g","p":1.05,"u":"3,75 €/KG","img":"https://fd13-photos.leclercdrive.fr/image.ashx?id=2766667&use=l&cat=p&typeid=i","cat":284455},{"id":5911,"n":"Sel fin Cérébos 250g","p":0.77,"u":"3,08 €/KG","img":"https://fd13-photos.leclercdrive.fr/image.ashx?id=2904173&use=l&cat=p&typeid=i","cat":284457},{"id":5912,"n":"Sel fin iodé Cérébos 500g","p":0.49,"u":"0,98 €/KG","img":"https://fd13-photos.leclercdrive.fr/image.ashx?id=2522095&use=l&cat=p&typeid=i","cat":284457},{"id":5951,"n":"Ravioli bolognaise   Panzani - 800g","p":3.52,"u":"4,40 €/KG","img":"https://fd13-photos.leclercdrive.fr/image.ashx?id=2876062&use=l&cat=p&typeid=i","cat":284442},{"id":5952,"n":"Couscous Grain Moyen Ferrero - 1kg","p":2.36,"u":"2,36 €/KG","img":"https://fd13-photos.leclercdrive.fr/image.ashx?id=2744740&use=l&cat=p&typeid=i","cat":284429},{"id":5954,"n":"Café moulu San Marco Arabica - 2x250g","p":10.49,"u":"20,98 €/KG","img":"https://fd13-photos.leclercdrive.fr/image.ashx?id=2645510&use=l&cat=p&typeid=i","cat":284750},{"id":6000,"n":"Clémentines  1kg","p":2.99,"u":"2,99 €/KG","img":"https://fd13-photos.leclercdrive.fr/image.ashx?id=1628983&use=l&cat=p&typeid=i","cat":284356},{"id":6003,"n":"Collants Well Elastivoile Résistant ibiza T1","p":3.95,"img":"https://fd13-photos.leclercdrive.fr/image.ashx?id=2538638&use=l&cat=p&typeid=i","cat":334130},{"id":6004,"n":"Collants Well Elastivoile Résistant ibiza T2","p":3.95,"img":"https://fd13-photos.leclercdrive.fr/image.ashx?id=2560840&use=l&cat=p&typeid=i","cat":334130},{"id":6006,"n":"Collants Well Elastivoile Résistant noir T2","p":3.95,"img":"https://fd13-photos.leclercdrive.fr/image.ashx?id=2056542&use=l&cat=p&typeid=i","cat":334130},{"id":6032,"n":"Mi-bas Well Elastivoile Ibiza taille TU x2","p":3.75,"img":"https://fd13-photos.leclercdrive.fr/image.ashx?id=2282958&use=l&cat=p&typeid=i","cat":334130},{"id":6035,"n":"Sauce tomate bio Jardin Bio' Provençale - 200g","p":1.4,"u":"7,00 €/KG","img":"https://fd13-photos.leclercdrive.fr/image.ashx?id=3014494&use=l&cat=p&typeid=i","cat":287599},{"id":6037,"n":"Ratatouille Jardin Bio' A la provençale bio - 650g","p":2.87,"u":"4,42 €/KG","img":"https://fd13-photos.leclercdrive.fr/image.ashx?id=2903230&use=l&cat=p&typeid=i","cat":312612},{"id":6038,"n":"Lentilles corail bio Jardin Bio 500g","p":3.18,"u":"6,36 €/KG","img":"https://fd13-photos.leclercdrive.fr/image.ashx?id=2415999&use=l&cat=p&typeid=i","cat":284430},{"id":6039,"n":"Vinaigre de cidre Jardin Bio Bio - 75cl","p":2.69,"u":"3,59 €/L","img":"https://fd13-photos.leclercdrive.fr/image.ashx?id=2918295&use=l&cat=p&typeid=i","cat":298543},{"id":6046,"n":"Riz de Camargue Jardin Bio Semi-complet bio - 500g","p":2.63,"u":"5,26 €/KG","img":"https://fd13-photos.leclercdrive.fr/image.ashx?id=2535487&use=l&cat=p&typeid=i","cat":284428},{"id":6048,"n":"Sauce tomate Jardin Bio' Bio Basilic - 200g","p":1.4,"u":"7,00 €/KG","img":"https://fd13-photos.leclercdrive.fr/image.ashx?id=2967848&use=l&cat=p&typeid=i","cat":287599},{"id":6049,"n":"Ravioli Jardin Bio Bio légumes - 675g","p":3.5,"u":"5,19 €/KG","img":"https://fd13-photos.leclercdrive.fr/image.ashx?id=2534878&use=l&cat=p&typeid=i","cat":284442},{"id":6050,"n":"Lentilles vertes Jardin Bio' Bio cuisinées - 400g","p":2.42,"u":"6,05 €/KG","img":"https://fd13-photos.leclercdrive.fr/image.ashx?id=2944831&use=l&cat=p&typeid=i","cat":312609},{"id":6054,"n":"Sauce tomate Jardin Bio Bio spaghetti - 200g","p":1.88,"u":"9,40 €/KG","img":"https://fd13-photos.leclercdrive.fr/image.ashx?id=3000192&use=l&cat=p&typeid=i","cat":287599},{"id":6058,"n":"Spaguetti Jardin Bio Bio quinoa tomate - 500g","p":1.97,"u":"3,94 €/KG","img":"https://fd13-photos.leclercdrive.fr/image.ashx?id=3002108&use=l&cat=p&typeid=i","cat":284427},{"id":6063,"n":"Ketchup Jardin Bio' Bio - 560g","p":2.69,"u":"4,80 €/KG","img":"https://fd13-photos.leclercdrive.fr/image.ashx?id=2918316&use=l&cat=p&typeid=i","cat":284455},{"id":6067,"n":"Huile d'olive Bio Village Bio Vierge extra - 75cl","p":7.64,"u":"10,19 €/L","img":"https://fd13-photos.leclercdrive.fr/image.ashx?id=3005697&use=l&cat=p&typeid=i","cat":284453},{"id":6068,"n":"Spaghetti Bio Village Bio - 500g","p":0.83,"u":"1,66 €/KG","img":"https://fd13-photos.leclercdrive.fr/image.ashx?id=2503284&use=l&cat=p&typeid=i","cat":284427},{"id":6069,"n":"Pâtes Coquillettes Bio Village Bio - 500g","p":0.85,"u":"1,70 €/KG","img":"https://fd13-photos.leclercdrive.fr/image.ashx?id=2625364&use=l&cat=p&typeid=i","cat":284427},{"id":6073,"n":"Crème fraîche bio Bio village Epaisse - 30% MG - 20cl","p":1.16,"u":"5,80 €/L","img":"https://fd13-photos.leclercdrive.fr/image.ashx?id=1975047&use=l&cat=p&typeid=i","cat":284381},{"id":6075,"n":"Quinoa Bio Village Bio - 500g","p":3.29,"u":"6,58 €/KG","img":"https://fd13-photos.leclercdrive.fr/image.ashx?id=2245755&use=l&cat=p&typeid=i","cat":284429},{"id":6076,"n":"Cookies chocolat Bio Village Bio 200g","p":2.66,"u":"13,30 €/KG","img":"https://fd13-photos.leclercdrive.fr/image.ashx?id=2400523&use=l&cat=p&typeid=i","cat":325066},{"id":6078,"n":"Yaourts lait brebis nature Bio Bio village - 2x125g","p":1.42,"u":"5,68 €/KG","img":"https://fd13-photos.leclercdrive.fr/image.ashx?id=2841959&use=l&cat=p&typeid=i","cat":314998},{"id":6085,"n":"Jus de fruits Tropicana Multivitamines - 1,5L","p":3.25,"u":"2,17 €/L","img":"https://fd13-photos.leclercdrive.fr/image.ashx?id=2605818&use=l&cat=p&typeid=i","cat":284917},{"id":6089,"n":"Pâtes Blé complet Barilla Spaghetti Integrale - 500g","p":1.16,"u":"2,32 €/KG","img":"https://fd13-photos.leclercdrive.fr/image.ashx?id=2986951&use=l&cat=p&typeid=i","cat":284427},{"id":6105,"n":"Biscuits apéritif Lay's 3D's Goût Nature Sel - 85g","p":0.83,"u":"9,76 €/KG","img":"https://fd13-photos.leclercdrive.fr/image.ashx?id=2917417&use=l&cat=p&typeid=i","cat":284449},{"id":6106,"n":"Biscuits apéritif Lay's 3D's Goût Fromage - 85g","p":0.79,"u":"9,29 €/KG","img":"https://fd13-photos.leclercdrive.fr/image.ashx?id=2923672&use=l&cat=p&typeid=i","cat":284449},{"id":6145,"n":"Biscuits Goûters REM Chocolat - 3x125g","p":2.23,"u":"5,95 €/KG","img":"https://fd13-photos.leclercdrive.fr/image.ashx?id=2841193&use=l&cat=p&typeid=i","cat":284488},{"id":6147,"n":"Biscuits barres Pockitos Pépito Chocolat au lait - 162g","p":1.68,"u":"10,37 €/KG","img":"https://fd13-photos.leclercdrive.fr/image.ashx?id=3001964&use=l&cat=p&typeid=i","cat":284488},{"id":6151,"n":"Pâtes Coudes rayés Panzani 500g","p":1.15,"u":"2,30 €/KG","img":"https://fd13-photos.leclercdrive.fr/image.ashx?id=2876008&use=l&cat=p&typeid=i","cat":284427},{"id":6152,"n":"Pâtes gansettes Panzani 500g","p":1.09,"u":"2,18 €/KG","img":"https://fd13-photos.leclercdrive.fr/image.ashx?id=2876017&use=l&cat=p&typeid=i","cat":284427},{"id":6153,"n":"Pâtes Macaroni Panzani 1kg","p":1.84,"u":"1,84 €/KG","img":"https://fd13-photos.leclercdrive.fr/image.ashx?id=2876026&use=l&cat=p&typeid=i","cat":284427},{"id":6154,"n":"Pâtes farfalle Panzani 500g","p":1.05,"u":"2,10 €/KG","img":"https://fd13-photos.leclercdrive.fr/image.ashx?id=2884300&use=l&cat=p&typeid=i","cat":284427},{"id":6155,"n":"Pâtes Torti Panzani 3 Minutes - 500G","p":1.17,"u":"2,34 €/KG","img":"https://fd13-photos.leclercdrive.fr/image.ashx?id=2896084&use=l&cat=p&typeid=i","cat":284427},{"id":6165,"n":"Coquillettes Lustucru  3min - 500g","p":1.62,"u":"3,24 €/KG","img":"https://fd13-photos.leclercdrive.fr/image.ashx?id=2345697&use=l&cat=p&typeid=i","cat":284427},{"id":6168,"n":"Viande Bovine Rumsteack Socopa  Mariné à l'échalote - x2 - 240g","p":6.05,"u":"25,21 €/KG","img":"https://fd13-photos.leclercdrive.fr/image.ashx?id=2414612&use=l&cat=p&typeid=i","cat":284328},{"id":6169,"n":"Fromage apéritif Apéricube Nature 24 cubes","p":2.15,"u":"17,20 €/KG","img":"https://fd13-photos.leclercdrive.fr/image.ashx?id=2883447&use=l&cat=p&typeid=i","cat":314027},{"id":6175,"n":"Rasoirs jetables Bic Sensitive 2 lames - x10","p":2.49,"u":"0,25 €/P","img":"https://fd13-photos.leclercdrive.fr/image.ashx?id=2481553&use=l&cat=p&typeid=i","cat":284616},{"id":6185,"n":"Sucre glace Béghin Say 500g","p":1.9,"u":"3,80 €/KG","img":"https://fd13-photos.leclercdrive.fr/image.ashx?id=2593608&use=l&cat=p&typeid=i","cat":284502},{"id":6188,"n":"Boisson lactée Candy'UP Fraise - 6x20cl","p":2.48,"u":"2,07 €/L","img":"https://fd13-photos.leclercdrive.fr/image.ashx?id=2485629&use=l&cat=p&typeid=i","cat":295246},{"id":6199,"n":"Beurre Moulé Paysan Breton Demi-sel - 80%MG - 250g","p":3.08,"u":"12,32 €/KG","img":"https://fd13-photos.leclercdrive.fr/image.ashx?id=2947844&use=l&cat=p&typeid=i","cat":284379},{"id":6223,"n":"Fromage Maroilles AOP  Nos Régions ont du Talent 200g","p":2.69,"u":"13,45 €/KG","img":"https://fd13-photos.leclercdrive.fr/image.ashx?id=2411892&use=l&cat=p&typeid=i","cat":329558},{"id":6242,"n":"Café soluble Plantation Qualité filtre - 100g","p":2.75,"u":"27,50 €/KG","img":"https://fd13-photos.leclercdrive.fr/image.ashx?id=2834272&use=l&cat=p&typeid=i","cat":284843},{"id":6243,"n":"AOC Muscadet vin blanc Les Caractères - BIB 3L","p":13.99,"u":"4,66 €/L","img":"https://fd13-photos.leclercdrive.fr/image.ashx?id=2923396&use=l&cat=p&typeid=i","cat":289560},{"id":6254,"n":"Salade Coleslaw Menu Fraîcheur  300g","p":1.19,"u":"3,97 €/KG","img":"https://fd13-photos.leclercdrive.fr/image.ashx?id=2645891&use=l&cat=p&typeid=i","cat":333657},{"id":6256,"n":"Pizza Turini Jambon champignons - 450g","p":2.73,"u":"6,07 €/KG","img":"https://fd13-photos.leclercdrive.fr/image.ashx?id=2709734&use=l&cat=p&typeid=i","cat":333679},{"id":6267,"n":"Gelée au Madère Maggi 2 sachets - 48g","p":1.19,"u":"24,79 €/KG","img":"https://fd13-photos.leclercdrive.fr/image.ashx?id=1958286&use=l&cat=p&typeid=i","cat":288380},{"id":6291,"n":"Semoule fine Panzani 500g","p":1.13,"u":"2,26 €/KG","img":"https://fd13-photos.leclercdrive.fr/image.ashx?id=2745559&use=l&cat=p&typeid=i","cat":284429},{"id":6314,"n":"Pansements Primoplast Peaux sensibles x30","p":0.74,"img":"https://fd13-photos.leclercdrive.fr/image.ashx?id=2832918&use=l&cat=p&typeid=i","cat":284630},{"id":6316,"n":"Escalope de poulet Côté Croc À la Bolognaise x2 - 200g","p":2.13,"u":"10,65 €/KG","img":"https://fd13-photos.leclercdrive.fr/image.ashx?id=2814420&use=l&cat=p&typeid=i","cat":333683},{"id":6340,"n":"Goûters fourrés P'tit Déli Chocolat x16 - 300g","p":1.19,"u":"3,97 €/KG","img":"https://fd13-photos.leclercdrive.fr/image.ashx?id=2100548&use=l&cat=p&typeid=i","cat":284488},{"id":6343,"n":"Garniture de céleris  Notre Jardin - 250g","p":0.99,"u":"3,96 €/KG","img":"https://fd13-photos.leclercdrive.fr/image.ashx?id=2529534&use=l&cat=p&typeid=i","cat":312612},{"id":6344,"n":"Boules soufflées Tokapi  Fromage - 50g","p":0.58,"u":"11,60 €/KG","img":"https://fd13-photos.leclercdrive.fr/image.ashx?id=2885762&use=l&cat=p&typeid=i","cat":284449},{"id":6345,"n":"Couscous Comptoir du Monde Grain moyen - 500g","p":0.84,"u":"1,68 €/KG","img":"https://fd13-photos.leclercdrive.fr/image.ashx?id=3012800&use=l&cat=p&typeid=i","cat":284429},{"id":6346,"n":"Madeleines longues P'tit Déli  Pur beurre 250g","p":1.57,"u":"6,28 €/KG","img":"https://fd13-photos.leclercdrive.fr/image.ashx?id=2825293&use=l&cat=p&typeid=i","cat":284492},{"id":6347,"n":"Beurre  Les Croisés 80% MG  Demi-sel Extra fin - 250g","p":2.99,"u":"11,96 €/KG","img":"https://fd13-photos.leclercdrive.fr/image.ashx?id=2839881&use=l&cat=p&typeid=i","cat":284379},{"id":6350,"n":"Eponges Mamison couleur Super absorbantes x3","p":1.22,"u":"0,41 €/P","img":"https://fd13-photos.leclercdrive.fr/image.ashx?id=2458049&use=l&cat=p&typeid=i","cat":284667},{"id":6355,"n":"AOC Clairette de Die doux Rives et Terrasses - 75cl","p":5.29,"u":"7,05 €/L","img":"https://fd13-photos.leclercdrive.fr/image.ashx?id=2753369&use=l&cat=p&typeid=i","cat":284544},{"id":6357,"n":"Chorizo doux Saint Azay 30 tranches - 150g","p":2.09,"u":"13,93 €/KG","img":"https://fd13-photos.leclercdrive.fr/image.ashx?id=1873710&use=l&cat=p&typeid=i","cat":316007},{"id":6358,"n":"Gel nettoyant wc javel Syphon Agrumes 750ml","p":0.89,"u":"1,19 €/L","img":"https://fd13-photos.leclercdrive.fr/image.ashx?id=2669696&use=l&cat=p&typeid=i","cat":284662},{"id":6359,"n":"Croûtons Epi d'Or Fromage - 90g","p":0.99,"u":"11,00 €/KG","img":"https://fd13-photos.leclercdrive.fr/image.ashx?id=2651783&use=l&cat=p&typeid=i","cat":284464},{"id":6360,"n":"Croûtons Epi d'Or  Oignon - 90g","p":0.99,"u":"11,00 €/KG","img":"https://fd13-photos.leclercdrive.fr/image.ashx?id=2640986&use=l&cat=p&typeid=i","cat":284464},{"id":6361,"n":"Crème Dépilatoire Siliss Tous types de peaux - 200ml","p":1.79,"u":"8,95 €/L","img":"https://fd13-photos.leclercdrive.fr/image.ashx?id=2699678&use=l&cat=p&typeid=i","cat":325351},{"id":6362,"n":"Mélange Gourmand Tokapi  Graines et raisins - 120g","p":1.29,"u":"10,75 €/KG","img":"https://fd13-photos.leclercdrive.fr/image.ashx?id=2795547&use=l&cat=p&typeid=i","cat":284448},{"id":6364,"n":"Fromage Reblochon de Savoie NRT AOP - 450g","p":6.25,"u":"13,89 €/KG","img":"https://fd13-photos.leclercdrive.fr/image.ashx?id=1501635&use=l&cat=p&typeid=i","cat":314037},{"id":6368,"n":"Gâche tranchée La Fournée Dorée Au sucre - 500g","p":2.35,"u":"4,70 €/KG","img":"https://fd13-photos.leclercdrive.fr/image.ashx?id=2347032&use=l&cat=p&typeid=i","cat":284478},{"id":6369,"n":"Pains au lait La Fournée Dorée Aux oeufs frais - x10 - 350g","p":2.03,"u":"5,80 €/KG","img":"https://fd13-photos.leclercdrive.fr/image.ashx?id=2684563&use=l&cat=p&typeid=i","cat":293505},{"id":6371,"n":"Gâteau de riz Yabon Nappage caramel - 4x125g","p":2.88,"u":"5,76 €/KG","img":"https://fd13-photos.leclercdrive.fr/image.ashx?id=2644286&use=l&cat=p&typeid=i","cat":284506},{"id":6380,"n":"Sauce roquefort Knorr 30cl","p":3.21,"u":"10,70 €/L","img":"https://fd13-photos.leclercdrive.fr/image.ashx?id=2468749&use=l&cat=p&typeid=i","cat":288381},{"id":6388,"n":"Confiture Bonne Maman Mirabelle 370g","p":1.98,"u":"5,35 €/KG","img":"https://fd13-photos.leclercdrive.fr/image.ashx?id=2991891&use=l&cat=p&typeid=i","cat":284480},{"id":6390,"n":"Compotes Andros Pomme banane 750g","p":1.72,"u":"2,29 €/KG","img":"https://fd13-photos.leclercdrive.fr/image.ashx?id=2396114&use=l&cat=p&typeid=i","cat":284508},{"id":6391,"n":"Compotes Andros Pomme poire 750g","p":1.78,"u":"2,37 €/KG","img":"https://fd13-photos.leclercdrive.fr/image.ashx?id=2396117&use=l&cat=p&typeid=i","cat":284508},{"id":6392,"n":"Compotes Andros Pomme vanille 750g","p":1.79,"u":"2,39 €/KG","img":"https://fd13-photos.leclercdrive.fr/image.ashx?id=2396120&use=l&cat=p&typeid=i","cat":284508},{"id":6397,"n":"Fruits au sirop St Mamet Cocktail avec son jus - 250g","p":2.25,"u":"9,00 €/KG","img":"https://fd13-photos.leclercdrive.fr/image.ashx?id=2412432&use=l&cat=p&typeid=i","cat":284507},{"id":6398,"n":"Lait pasteurisé Bridel Demi-écrémé Bouteille - 1L","p":1.54,"u":"1,54 €/L","img":"https://fd13-photos.leclercdrive.fr/image.ashx?id=2860838&use=l&cat=p&typeid=i","cat":285609},{"id":6399,"n":"Lait entier Bridel Lait pasteurisé 1l","p":1.71,"u":"1,71 €/L","img":"https://fd13-photos.leclercdrive.fr/image.ashx?id=2850862&use=l&cat=p&typeid=i","cat":285610},{"id":6434,"n":"Eau gazeuse Cristaline 6x1,5L","p":1.85,"u":"0,21 €/L","img":"https://fd13-photos.leclercdrive.fr/image.ashx?id=2694602&use=l&cat=p&typeid=i","cat":284536},{"id":6448,"n":"Petits pois carottes Très fins  Notre Jardin -A l'étuvée - 265g","p":0.95,"u":"3,58 €/KG","img":"https://fd13-photos.leclercdrive.fr/image.ashx?id=2987973&use=l&cat=p&typeid=i","cat":312607},{"id":6451,"n":"Pavé au poivre Saint Azay 8 tranches - 150g","p":2.49,"u":"16,60 €/KG","img":"https://fd13-photos.leclercdrive.fr/image.ashx?id=2078479&use=l&cat=p&typeid=i","cat":316007},{"id":6452,"n":"Flan Délisse Vanille Caramel - 12x100g","p":1.89,"u":"1,58 €/KG","img":"https://fd13-photos.leclercdrive.fr/image.ashx?id=2851637&use=l&cat=p&typeid=i","cat":284420},{"id":6455,"n":"Soufflés Snacks Tokapi Bacon - 60g","p":0.48,"u":"8,00 €/KG","img":"https://fd13-photos.leclercdrive.fr/image.ashx?id=2625062&use=l&cat=p&typeid=i","cat":284449},{"id":6456,"n":"Haricots beurre d'aucy Extra-fins - 220g","p":1.34,"u":"6,09 €/KG","img":"https://fd13-photos.leclercdrive.fr/image.ashx?id=2438123&use=l&cat=p&typeid=i","cat":312606},{"id":6459,"n":"Rillettes Hénaff Porc cuisson lente - 3x78g","p":3.75,"u":"16,03 €/KG","img":"https://fd13-photos.leclercdrive.fr/image.ashx?id=2660601&use=l&cat=p&typeid=i","cat":305149},{"id":6460,"n":"Cassoulet Toulousain   Raynal Et Roquelaure - 420g","p":2.92,"u":"6,95 €/KG","img":"https://fd13-photos.leclercdrive.fr/image.ashx?id=2928390&use=l&cat=p&typeid=i","cat":284440},{"id":6461,"n":"Crème dessert Mont Blanc Riz au lait Vanille - 4x125g","p":3.19,"u":"6,38 €/KG","img":"https://fd13-photos.leclercdrive.fr/image.ashx?id=2979614&use=l&cat=p&typeid=i","cat":284506},{"id":6467,"n":"Pâtes Macaroni Turini 1kg","p":1.35,"u":"1,35 €/KG","img":"https://fd13-photos.leclercdrive.fr/image.ashx?id=2607377&use=l&cat=p&typeid=i","cat":284427},{"id":6470,"n":"Déodorant bille Narta  Fraîcheur classique - 50ml","p":2.74,"u":"54,80 €/L","img":"https://fd13-photos.leclercdrive.fr/image.ashx?id=2555247&use=l&cat=p&typeid=i","cat":284618},{"id":6471,"n":"Lingettes Individuelles Hygiène Intime Hamamélis Intima x16","p":2.33,"u":"0,15 €/P","img":"https://fd13-photos.leclercdrive.fr/image.ashx?id=2959859&use=l&cat=p&typeid=i","cat":284627},{"id":6472,"n":"Miel L'Apiculteur crémeux  et onctueux- 500g","p":6.53,"u":"13,06 €/KG","img":"https://fd13-photos.leclercdrive.fr/image.ashx?id=2854387&use=l&cat=p&typeid=i","cat":287643},{"id":6484,"n":"Alcool modifié Mercurochrome 70° - 200ml","p":2.0,"u":"10,00 €/L","img":"https://fd13-photos.leclercdrive.fr/image.ashx?id=2663974&use=l&cat=p&typeid=i","cat":284630},{"id":6486,"n":"Biscuits apéritif Lay's 3D's Goût Bacon - 85g","p":0.79,"u":"9,29 €/KG","img":"https://fd13-photos.leclercdrive.fr/image.ashx?id=2917414&use=l&cat=p&typeid=i","cat":284449},{"id":6488,"n":"Sucre cristal Béghin Say 5kg","p":8.91,"u":"1,78 €/KG","img":"https://fd13-photos.leclercdrive.fr/image.ashx?id=2866340&use=l&cat=p&typeid=i","cat":284502},{"id":6496,"n":"Sauce au Beurre Blan KNORR Échalote - Brique 30cl","p":1.33,"u":"4,43 €/L","img":"https://fd13-photos.leclercdrive.fr/image.ashx?id=2915991&use=l&cat=p&typeid=i","cat":288381},{"id":6500,"n":"Huile d'olive Lesieur Vierge extra - 1L","p":13.49,"u":"13,49 €/L","img":"https://fd13-photos.leclercdrive.fr/image.ashx?id=2190993&use=l&cat=p&typeid=i","cat":284453},{"id":6511,"n":"Pâtes Spaghetti Turini 1kg","p":1.32,"u":"1,32 €/KG","img":"https://fd13-photos.leclercdrive.fr/image.ashx?id=2980447&use=l&cat=p&typeid=i","cat":284427},{"id":6512,"n":"Riz long Comptoir du Grain Sachet cuisson rapide x4 - 500g","p":1.25,"u":"2,50 €/KG","img":"https://fd13-photos.leclercdrive.fr/image.ashx?id=2118454&use=l&cat=p&typeid=i","cat":284428},{"id":6513,"n":"Vinaigre de vin Rustica Aromatisé à l'échalote - 75cl","p":1.35,"u":"1,80 €/L","img":"https://fd13-photos.leclercdrive.fr/image.ashx?id=1659936&use=l&cat=p&typeid=i","cat":298543},{"id":6514,"n":"Margarine Nat & vie Idéal cuisson - 500g","p":1.29,"u":"2,58 €/KG","img":"https://fd13-photos.leclercdrive.fr/image.ashx?id=2881223&use=l&cat=p&typeid=i","cat":315229},{"id":6516,"n":"Gâteaux P'tit Déli Pépites au chocolat 5x30g","p":1.01,"u":"6,73 €/KG","img":"https://fd13-photos.leclercdrive.fr/image.ashx?id=1986647&use=l&cat=p&typeid=i","cat":284495},{"id":6519,"n":"Soufflés Frites Tokapi Salé - 80g","p":0.65,"u":"8,13 €/KG","img":"https://fd13-photos.leclercdrive.fr/image.ashx?id=2486074&use=l&cat=p&typeid=i","cat":284449},{"id":6521,"n":"Pâtes chinoises Tables du Monde 250g","p":1.19,"u":"4,76 €/KG","img":"https://fd13-photos.leclercdrive.fr/image.ashx?id=2572058&use=l&cat=p&typeid=i","cat":288992},{"id":6523,"n":"Champignons Paris Notre Jardin Emincés - 2x115g","p":1.71,"u":"7,43 €/KG","img":"https://fd13-photos.leclercdrive.fr/image.ashx?id=2724696&use=l&cat=p&typeid=i","cat":312610},{"id":6524,"n":"Dessert fruitier pomme Douceur du Verger 8x100g","p":1.69,"u":"2,11 €/KG","img":"https://fd13-photos.leclercdrive.fr/image.ashx?id=2042442&use=l&cat=p&typeid=i","cat":284416},{"id":6525,"n":"Serviette hygiénique Doulys Ultra - Super+ - x12","p":1.09,"u":"0,09 €/P","img":"https://fd13-photos.leclercdrive.fr/image.ashx?id=2838918&use=l&cat=p&typeid=i","cat":284624},{"id":6526,"n":"Serviette hygiénique Doulys Ultra - Spécial nuit - x10","p":1.29,"u":"0,13 €/P","img":"https://fd13-photos.leclercdrive.fr/image.ashx?id=2838921&use=l&cat=p&typeid=i","cat":284624},{"id":6579,"n":"Vinaigre d'alcool coloré Eco+ 1L","p":0.35,"u":"0,35 €/L","img":"https://fd13-photos.leclercdrive.fr/image.ashx?id=2729260&use=l&cat=p&typeid=i","cat":298543},{"id":6580,"n":"Fromage de chévre Les Croisés 150g","p":1.42,"u":"9,47 €/KG","img":"https://fd13-photos.leclercdrive.fr/image.ashx?id=2978510&use=l&cat=p&typeid=i","cat":314031},{"id":6581,"n":"Fromage : Le carrou Les croisés Authentique - 27% mg - 220g","p":2.43,"u":"11,05 €/KG","img":"https://fd13-photos.leclercdrive.fr/image.ashx?id=2856272&use=l&cat=p&typeid=i","cat":314033},{"id":6582,"n":"Coulommiers De pays  Les Croisés - 21% mg - 350g","p":2.55,"u":"7,29 €/KG","img":"https://fd13-photos.leclercdrive.fr/image.ashx?id=2463465&use=l&cat=p&typeid=i","cat":314033},{"id":6589,"n":"Fromage Chaource NRT AOP  250g","p":3.55,"u":"14,20 €/KG","img":"https://fd13-photos.leclercdrive.fr/image.ashx?id=2874768&use=l&cat=p&typeid=i","cat":329558},{"id":6630,"n":"Pâtes torsettes Turini Les 3 min - 500g","p":0.82,"u":"1,64 €/KG","img":"https://fd13-photos.leclercdrive.fr/image.ashx?id=2607467&use=l&cat=p&typeid=i","cat":284427},{"id":6648,"n":"Boîte chocolats Ferrero Rocher x28 pralines - 350g","p":11.95,"u":"34,14 €/KG","img":"https://fd13-photos.leclercdrive.fr/image.ashx?id=2952884&use=l&cat=p&typeid=i","cat":327600},{"id":6694,"n":"Mi-bas elastivoile gazelle Well Taille unique - x3+1 offert","p":5.7,"u":"1,43 €/P","img":"https://fd13-photos.leclercdrive.fr/image.ashx?id=1495282&use=l&cat=p&typeid=i","cat":334130},{"id":6697,"n":"Collants Well Elastivoile Résistant noir T1","p":3.95,"img":"https://fd13-photos.leclercdrive.fr/image.ashx?id=2056539&use=l&cat=p&typeid=i","cat":334130},{"id":6711,"n":"Spray nettoyant vitres Clair Recharge 750ml","p":1.09,"u":"1,45 €/L","img":"https://fd13-photos.leclercdrive.fr/image.ashx?id=1647691&use=l&cat=p&typeid=i","cat":325363},{"id":6712,"n":"Spray nettoyant vitres Clair 750ml","p":1.29,"u":"1,72 €/L","img":"https://fd13-photos.leclercdrive.fr/image.ashx?id=2943623&use=l&cat=p&typeid=i","cat":325363},{"id":6714,"n":"Fromage raclette Entremont Saveur d'Antan 350g","p":4.31,"u":"12,31 €/KG","img":"https://fd13-photos.leclercdrive.fr/image.ashx?id=2984985&use=l&cat=p&typeid=i","cat":314037},{"id":6715,"n":"Assiette charcuterie Saint Azay 200g","p":3.11,"u":"15,55 €/KG","img":"https://fd13-photos.leclercdrive.fr/image.ashx?id=2417734&use=l&cat=p&typeid=i","cat":316007},{"id":6780,"n":"Ail semoule Ducros 60g","p":1.43,"u":"23,83 €/KG","img":"https://fd13-photos.leclercdrive.fr/image.ashx?id=2498672&use=l&cat=p&typeid=i","cat":298297},{"id":6782,"n":"Cannelle en bâton Ducros 10g","p":1.64,"u":"164,00 €/KG","img":"https://fd13-photos.leclercdrive.fr/image.ashx?id=1748573&use=l&cat=p&typeid=i","cat":298297},{"id":6788,"n":"Herbes de provence Ducros 18g","p":0.97,"u":"53,89 €/KG","img":"https://fd13-photos.leclercdrive.fr/image.ashx?id=2486533&use=l&cat=p&typeid=i","cat":298297},{"id":6791,"n":"Piment de cayenne moulu Ducros Extra fort - 38g","p":1.35,"u":"35,53 €/KG","img":"https://fd13-photos.leclercdrive.fr/image.ashx?id=2559433&use=l&cat=p&typeid=i","cat":298297},{"id":6797,"n":"Herbes de Provence Ducros 120g","p":2.95,"u":"24,58 €/KG","img":"https://fd13-photos.leclercdrive.fr/image.ashx?id=2383571&use=l&cat=p&typeid=i","cat":298297},{"id":6798,"n":"Safran en poudre Ducros 3 doses de 0.1g","p":3.74,"img":"https://fd13-photos.leclercdrive.fr/image.ashx?id=2490488&use=l&cat=p&typeid=i","cat":298297},{"id":6799,"n":"Poivre gris moulu et sel Ducros 2x34g","p":1.72,"u":"25,29 €/KG","img":"https://fd13-photos.leclercdrive.fr/image.ashx?id=2759457&use=l&cat=p&typeid=i","cat":284457},{"id":6800,"n":"Baies roses entières Ducros 20g","p":2.31,"u":"115,50 €/KG","img":"https://fd13-photos.leclercdrive.fr/image.ashx?id=2486575&use=l&cat=p&typeid=i","cat":284457},{"id":6803,"n":"Pralin Vahiné 100g","p":1.78,"u":"17,80 €/KG","img":"https://fd13-photos.leclercdrive.fr/image.ashx?id=2559775&use=l&cat=p&typeid=i","cat":284504},{"id":6804,"n":"Décor pour gateaux Vahiné Vermicelles Arc-en-ciel - 65g","p":1.5,"u":"23,08 €/KG","img":"https://fd13-photos.leclercdrive.fr/image.ashx?id=2524311&use=l&cat=p&typeid=i","cat":284504},{"id":6809,"n":"Arôme naturel de vanille Vahiné Liquide 50ml","p":3.88,"u":"77,60 €/L","img":"https://fd13-photos.leclercdrive.fr/image.ashx?id=2541193&use=l&cat=p&typeid=i","cat":284504},{"id":6810,"n":"Nappage chocolat Vahiné 350g","p":2.46,"u":"7,03 €/KG","img":"https://fd13-photos.leclercdrive.fr/image.ashx?id=2938656&use=l&cat=p&typeid=i","cat":284504},{"id":6834,"n":"Soufflés l'Original Curly Cacahuète - 60g","p":0.58,"u":"9,67 €/KG","img":"https://fd13-photos.leclercdrive.fr/image.ashx?id=2971035&use=l&cat=p&typeid=i","cat":284449},{"id":6837,"n":"Madeleines longues P'tit Déli 440g","p":2.55,"u":"5,80 €/KG","img":"https://fd13-photos.leclercdrive.fr/image.ashx?id=2540310&use=l&cat=p&typeid=i","cat":284492},{"id":6838,"n":"Joker Pur Jus Engagé Orange  avec pulpe - 1L","p":3.05,"u":"3,05 €/L","img":"https://fd13-photos.leclercdrive.fr/image.ashx?id=3001284&use=l&cat=p&typeid=i","cat":284521},{"id":6847,"n":"Canapés toasts Epi d'Or Briochés - 250g","p":1.12,"u":"4,48 €/KG","img":"https://fd13-photos.leclercdrive.fr/image.ashx?id=2564488&use=l&cat=p&typeid=i","cat":285454},{"id":6873,"n":"Saucisson cuit à l'ail Herta 300g","p":2.32,"u":"7,73 €/KG","img":"https://fd13-photos.leclercdrive.fr/image.ashx?id=2731342&use=l&cat=p&typeid=i","cat":316006},{"id":6879,"n":"Fromage Gouda Les Croisés En tranche - 200g","p":1.97,"u":"9,85 €/KG","img":"https://fd13-photos.leclercdrive.fr/image.ashx?id=2028173&use=l&cat=p&typeid=i","cat":314028},{"id":6880,"n":"Fromage Mimolette Les Croisés En tranche x8 - 200g","p":1.85,"u":"9,25 €/KG","img":"https://fd13-photos.leclercdrive.fr/image.ashx?id=2028176&use=l&cat=p&typeid=i","cat":314028},{"id":6881,"n":"Fromage Maasdam Les Croisés En tranche x8 - 200g","p":1.91,"u":"9,55 €/KG","img":"https://fd13-photos.leclercdrive.fr/image.ashx?id=1990673&use=l&cat=p&typeid=i","cat":314028},{"id":6892,"n":"Pâtes Piccolini Barilla Mini Pipe Rigate- 500g","p":1.12,"u":"2,24 €/KG","img":"https://fd13-photos.leclercdrive.fr/image.ashx?id=2964108&use=l&cat=p&typeid=i","cat":284427},{"id":6928,"n":"Préparation pour fondue Les Croisés 18%mg 400g","p":3.42,"u":"8,55 €/KG","img":"https://fd13-photos.leclercdrive.fr/image.ashx?id=1288939&use=l&cat=p&typeid=i","cat":314037},{"id":6981,"n":"Lait frais Ribot Bridel Fermenté maigre - 1L","p":1.6,"u":"1,60 €/L","img":"https://fd13-photos.leclercdrive.fr/image.ashx?id=2643881&use=l&cat=p&typeid=i","cat":285609},{"id":6982,"n":"Lait frais Ribot Bridel entier 1L","p":1.99,"u":"1,99 €/L","img":"https://fd13-photos.leclercdrive.fr/image.ashx?id=2651906&use=l&cat=p&typeid=i","cat":285610},{"id":7001,"n":"Céréales Babybio - Dès 8 mois Bio Cacao  - 220g","p":4.06,"u":"18,45 €/KG","img":"https://fd13-photos.leclercdrive.fr/image.ashx?id=2837751&use=l&cat=p&typeid=i","cat":312225},{"id":7025,"n":"Pizza Cuite sur pierre Turini Jambon fromage - 400g","p":2.9,"u":"7,25 €/KG","img":"https://fd13-photos.leclercdrive.fr/image.ashx?id=2815223&use=l&cat=p&typeid=i","cat":284256},{"id":7029,"n":"Velouté de carotte Régal A la Crème fraîche - 1L","p":1.41,"u":"1,41 €/L","img":"https://fd13-photos.leclercdrive.fr/image.ashx?id=2905889&use=l&cat=p&typeid=i","cat":284462},{"id":7030,"n":"Sauce Tomate cuisinée Turini Aux petits légumes - 180g","p":0.84,"u":"4,67 €/KG","img":"https://fd13-photos.leclercdrive.fr/image.ashx?id=2490034&use=l&cat=p&typeid=i","cat":288384},{"id":7082,"n":"AOP Côtes du Marmandais rosé La Vieille église - 75cl","p":3.6,"u":"4,80 €/L","img":"https://fd13-photos.leclercdrive.fr/image.ashx?id=2258685&use=l&cat=p&typeid=i","cat":289558},{"id":7085,"n":"Vin mousseux d'Union Européenne  Demi-sec -75cl","p":2.89,"u":"3,85 €/L","img":"https://fd13-photos.leclercdrive.fr/image.ashx?id=1951019&use=l&cat=p&typeid=i","cat":284544},{"id":7126,"n":"Riz cantonais  Traditions d'Asie - 400g","p":3.22,"u":"8,05 €/KG","img":"https://fd13-photos.leclercdrive.fr/image.ashx?id=2505043&use=l&cat=p&typeid=i","cat":333673},{"id":7127,"n":"Sauce soja Jardin Bio' Bio - 125ml","p":2.38,"u":"19,04 €/L","img":"https://fd13-photos.leclercdrive.fr/image.ashx?id=2740118&use=l&cat=p&typeid=i","cat":288992},{"id":7132,"n":"Samoussa Tables du Monde Crevette curry - x6 - 200g","p":3.19,"u":"13,87 €/KG","img":"https://fd13-photos.leclercdrive.fr/image.ashx?id=2591712&use=l&cat=p&typeid=i","cat":333673},{"id":7190,"n":"Lait coco Kara - Brique 500ml","p":2.51,"u":"5,02 €/KG","img":"https://fd13-photos.leclercdrive.fr/image.ashx?id=2906898&use=l&cat=p&typeid=i","cat":288992},{"id":7191,"n":"Nouilles chinoises Tanoshi blé tendre - 250g","p":1.65,"u":"6,60 €/KG","img":"https://fd13-photos.leclercdrive.fr/image.ashx?id=2850892&use=l&cat=p&typeid=i","cat":288992},{"id":7199,"n":"Crème noix coco Kara - brique de 200ml","p":1.5,"u":"7,50 €/KG","img":"https://fd13-photos.leclercdrive.fr/image.ashx?id=2906892&use=l&cat=p&typeid=i","cat":288992},{"id":7216,"n":"Talc bébé Mots d'Enfants 250g","p":1.89,"u":"7,56 €/KG","img":"https://fd13-photos.leclercdrive.fr/image.ashx?id=3015033&use=l&cat=p&typeid=i","cat":284741},{"id":7264,"n":"Secret de mousse La laitière Café - 4x59g","p":1.59,"u":"6,74 €/KG","img":"https://fd13-photos.leclercdrive.fr/image.ashx?id=2651378&use=l&cat=p&typeid=i","cat":284417},{"id":7282,"n":"Compote Douceur du Verger  Pomme Poire - 4x100g","p":1.09,"u":"2,73 €/KG","img":"https://fd13-photos.leclercdrive.fr/image.ashx?id=1910598&use=l&cat=p&typeid=i","cat":284416},{"id":7283,"n":"Compote Douceur du Verger Pomme banane - 4x100g","p":1.25,"u":"3,13 €/KG","img":"https://fd13-photos.leclercdrive.fr/image.ashx?id=1910601&use=l&cat=p&typeid=i","cat":284416},{"id":7284,"n":"Compote Douceur du Verger Pomme Fraise - 4x100g","p":1.09,"u":"2,73 €/KG","img":"https://fd13-photos.leclercdrive.fr/image.ashx?id=1910604&use=l&cat=p&typeid=i","cat":284416},{"id":7289,"n":"Crème Dépilatoire Siliss Peaux sensibles - 200ml","p":1.79,"u":"8,95 €/L","img":"https://fd13-photos.leclercdrive.fr/image.ashx?id=2699675&use=l&cat=p&typeid=i","cat":325351},{"id":7293,"n":"Râpé 3 fromages Les Croisés 200g","p":1.79,"u":"8,95 €/KG","img":"https://fd13-photos.leclercdrive.fr/image.ashx?id=2893292&use=l&cat=p&typeid=i","cat":314035},{"id":7294,"n":"Huile de tournesol Bio Village Bio - 75cl","p":3.59,"u":"4,79 €/L","img":"https://fd13-photos.leclercdrive.fr/image.ashx?id=2894746&use=l&cat=p&typeid=i","cat":284453},{"id":7315,"n":"Concentré de tomates Eco+ 2x140g","p":1.33,"u":"4,75 €/KG","img":"https://fd13-photos.leclercdrive.fr/image.ashx?id=2683511&use=l&cat=p&typeid=i","cat":288384},{"id":7316,"n":"Concentré de tomates Eco+ 3x70g","p":1.75,"u":"8,33 €/KG","img":"https://fd13-photos.leclercdrive.fr/image.ashx?id=2681571&use=l&cat=p&typeid=i","cat":288384},{"id":7343,"n":"Pâtes Panzani Penne rigate - 500g","p":1.02,"u":"2,04 €/KG","img":"https://fd13-photos.leclercdrive.fr/image.ashx?id=2876011&use=l&cat=p&typeid=i","cat":284427},{"id":7344,"n":"Pâtes petits paniers Panzani 500g","p":1.12,"u":"2,24 €/KG","img":"https://fd13-photos.leclercdrive.fr/image.ashx?id=2876014&use=l&cat=p&typeid=i","cat":284427},{"id":7345,"n":"Pâtes serpentini Panzani 500g","p":0.99,"u":"1,98 €/KG","img":"https://fd13-photos.leclercdrive.fr/image.ashx?id=2876044&use=l&cat=p&typeid=i","cat":284427},{"id":7349,"n":"Croquettes chat One Purina Stérilisé - Boeuf/Blé - 450g","p":2.43,"u":"5,40 €/KG","img":"https://fd13-photos.leclercdrive.fr/image.ashx?id=2681044&use=l&cat=p&typeid=i","cat":284680},{"id":7350,"n":"Couscous à la Marocaine  Garbit - 285g","p":2.86,"u":"10,04 €/KG","img":"https://fd13-photos.leclercdrive.fr/image.ashx?id=2672128&use=l&cat=p&typeid=i","cat":284953},{"id":7359,"n":"Gorgonzola AOP Les Croisés -150g","p":2.47,"u":"16,47 €/KG","img":"https://fd13-photos.leclercdrive.fr/image.ashx?id=2796037&use=l&cat=p&typeid=i","cat":314032},{"id":7361,"n":"Fromage Edam Les Croisés En tranche x8 - 200g","p":1.97,"u":"9,85 €/KG","img":"https://fd13-photos.leclercdrive.fr/image.ashx?id=2041351&use=l&cat=p&typeid=i","cat":314028},{"id":7362,"n":"Riz Basmati Comptoir du Grain Express 2 min - 250g","p":0.99,"u":"3,96 €/KG","img":"https://fd13-photos.leclercdrive.fr/image.ashx?id=2441192&use=l&cat=p&typeid=i","cat":287600},{"id":7363,"n":"Riz Express Comptoir du Grain A la méditerranéenne - 250g","p":1.2,"u":"4,80 €/KG","img":"https://fd13-photos.leclercdrive.fr/image.ashx?id=2856474&use=l&cat=p&typeid=i","cat":287600},{"id":7364,"n":"Sauce au poivre vert Rustica 30g","p":0.6,"u":"20,00 €/KG","img":"https://fd13-photos.leclercdrive.fr/image.ashx?id=2188826&use=l&cat=p&typeid=i","cat":288381},{"id":7366,"n":"Sauce Champignons Rustica 27g","p":0.55,"u":"20,37 €/KG","img":"https://fd13-photos.leclercdrive.fr/image.ashx?id=2188829&use=l&cat=p&typeid=i","cat":288381},{"id":7368,"n":"Chiffonnade de jambon sec Saint Azay affiné 7 mois - 100g","p":2.99,"u":"29,90 €/KG","img":"https://fd13-photos.leclercdrive.fr/image.ashx?id=2462254&use=l&cat=p&typeid=i","cat":316007},{"id":7369,"n":"Chiffonades de rosette Saint Azay - 100g","p":2.0,"u":"20,00 €/KG","img":"https://fd13-photos.leclercdrive.fr/image.ashx?id=2401891&use=l&cat=p&typeid=i","cat":316007},{"id":7381,"n":"Sachet repas chats Gourmet 4 variétés poissons - 4x85g","p":1.8,"u":"5,29 €/KG","img":"https://fd13-photos.leclercdrive.fr/image.ashx?id=2867788&use=l&cat=p&typeid=i","cat":285286},{"id":7424,"n":"Bouillon Cubes bouquet garni Knorr - thym persil laurier -x9","p":1.3,"u":"13,13 €/KG","img":"https://fd13-photos.leclercdrive.fr/image.ashx?id=2915667&use=l&cat=p&typeid=i","cat":288379},{"id":7425,"n":"Jus de rôti Knorr 8 tablettes 72g","p":1.5,"u":"20,83 €/KG","img":"https://fd13-photos.leclercdrive.fr/image.ashx?id=2770353&use=l&cat=p&typeid=i","cat":288379},{"id":7427,"n":"Huile d'olive Puget Vierge extra - 50cl","p":6.5,"u":"13,00 €/L","img":"https://fd13-photos.leclercdrive.fr/image.ashx?id=2915877&use=l&cat=p&typeid=i","cat":284453},{"id":7431,"n":"Huile de friture Frial Lesieur 1l","p":3.41,"u":"3,41 €/L","img":"https://fd13-photos.leclercdrive.fr/image.ashx?id=2916851&use=l&cat=p&typeid=i","cat":284453},{"id":7432,"n":"Huile de friture Frial Lesieur 2L","p":6.17,"u":"3,09 €/L","img":"https://fd13-photos.leclercdrive.fr/image.ashx?id=2916857&use=l&cat=p&typeid=i","cat":284453},{"id":7434,"n":"Quatre-quart P'tit Déli De Bretagne 500g","p":2.86,"u":"5,72 €/KG","img":"https://fd13-photos.leclercdrive.fr/image.ashx?id=1939890&use=l&cat=p&typeid=i","cat":294776},{"id":7436,"n":"Assortiment biscuits P'tit Déli Biscuits fins - 750g","p":7.8,"u":"10,40 €/KG","img":"https://fd13-photos.leclercdrive.fr/image.ashx?id=2535643&use=l&cat=p&typeid=i","cat":284490},{"id":7437,"n":"Pâte brisée Tablier Blanc Au beurre - 230g","p":1.21,"u":"5,26 €/KG","img":"https://fd13-photos.leclercdrive.fr/image.ashx?id=2635892&use=l&cat=p&typeid=i","cat":333681},{"id":7441,"n":"Huile de friture Rustica 1L","p":2.7,"u":"2,70 €/L","img":"https://fd13-photos.leclercdrive.fr/image.ashx?id=2900331&use=l&cat=p&typeid=i","cat":284453},{"id":7443,"n":"Dessert fruitier pomme poire Douceur du Verger s/sucre 4x97g","p":1.25,"u":"3,22 €/KG","img":"https://fd13-photos.leclercdrive.fr/image.ashx?id=1957066&use=l&cat=p&typeid=i","cat":284416},{"id":7448,"n":"Compote Douceur du Verger Coupelle pomme pruneau - 4x100g","p":1.36,"u":"3,40 €/KG","img":"https://fd13-photos.leclercdrive.fr/image.ashx?id=2878705&use=l&cat=p&typeid=i","cat":284508},{"id":7450,"n":"Gâteaux fourrés P'tit Déli Fraise x7 - 196g","p":2.8,"u":"14,29 €/KG","img":"https://fd13-photos.leclercdrive.fr/image.ashx?id=2659777&use=l&cat=p&typeid=i","cat":284495},{"id":7451,"n":"Biscuits P'tit Déli Goûters Fourrés au chocolat 2x300g","p":2.3,"u":"3,83 €/KG","img":"https://fd13-photos.leclercdrive.fr/image.ashx?id=2116182&use=l&cat=p&typeid=i","cat":284488},{"id":7455,"n":"Fromage Bleu des Causses NRT  AOP - 125g","p":2.13,"u":"17,04 €/KG","img":"https://fd13-photos.leclercdrive.fr/image.ashx?id=2771043&use=l&cat=p&typeid=i","cat":314032},{"id":7459,"n":"Pâtes Barilla Spaghetti n°5 - 500g","p":0.93,"u":"1,86 €/KG","img":"https://fd13-photos.leclercdrive.fr/image.ashx?id=2392200&use=l&cat=p&typeid=i","cat":284427},{"id":7465,"n":"Actifidus Délisse Citron - 4x125g","p":1.36,"u":"2,72 €/KG","img":"https://fd13-photos.leclercdrive.fr/image.ashx?id=2501673&use=l&cat=p&typeid=i","cat":315000},{"id":7466,"n":"Pain grillé Epi d'or Brioché x26 - 300g","p":2.15,"u":"7,17 €/KG","img":"https://fd13-photos.leclercdrive.fr/image.ashx?id=2532835&use=l&cat=p&typeid=i","cat":284479},{"id":7529,"n":"Fromage Comté Entremont 200g","p":3.05,"u":"15,25 €/KG","img":"https://fd13-photos.leclercdrive.fr/image.ashx?id=2983144&use=l&cat=p&typeid=i","cat":314034},{"id":7530,"n":"Crème fraîche épaisse Bridélice 15%mg 20cl","p":0.77,"u":"3,85 €/L","img":"https://fd13-photos.leclercdrive.fr/image.ashx?id=2970873&use=l&cat=p&typeid=i","cat":284381},{"id":7531,"n":"Faisselle Rians 6%mg - 500g","p":1.95,"u":"3,90 €/KG","img":"https://fd13-photos.leclercdrive.fr/image.ashx?id=2542324&use=l&cat=p&typeid=i","cat":284409},{"id":7540,"n":"Barquette chiens Lydog Au Poulet et Rognons - 300g","p":1.35,"u":"4,50 €/KG","img":"https://fd13-photos.leclercdrive.fr/image.ashx?id=2042427&use=l&cat=p&typeid=i","cat":284673},{"id":7541,"n":"Barquette chiens Lydog Au Boeuf et Coeur - 300g","p":1.5,"u":"5,00 €/KG","img":"https://fd13-photos.leclercdrive.fr/image.ashx?id=2042430&use=l&cat=p&typeid=i","cat":284673},{"id":7542,"n":"Barquette chien Lydog au Foie et Volailles - 300g","p":1.45,"u":"4,83 €/KG","img":"https://fd13-photos.leclercdrive.fr/image.ashx?id=2042436&use=l&cat=p&typeid=i","cat":284673},{"id":7548,"n":"Ail Rustica 100g","p":1.93,"u":"19,30 €/KG","img":"https://fd13-photos.leclercdrive.fr/image.ashx?id=2365451&use=l&cat=p&typeid=i","cat":319804},{"id":7556,"n":"Olives fromage Pause Fraîcheur 150g","p":1.99,"u":"13,27 €/KG","img":"https://fd13-photos.leclercdrive.fr/image.ashx?id=2149372&use=l&cat=p&typeid=i","cat":316002},{"id":7557,"n":"Olives à l'ail Couleurs Vives 150g","p":1.99,"u":"13,27 €/KG","img":"https://fd13-photos.leclercdrive.fr/image.ashx?id=2518508&use=l&cat=p&typeid=i","cat":316002},{"id":7563,"n":"Coulis de tomate bio Jardin Bio 500g","p":1.67,"u":"3,34 €/KG","img":"https://fd13-photos.leclercdrive.fr/image.ashx?id=2918841&use=l&cat=p&typeid=i","cat":288384},{"id":7568,"n":"Riz Basmati Jardin Bio long grain bio 500g","p":2.73,"u":"5,46 €/KG","img":"https://fd13-photos.leclercdrive.fr/image.ashx?id=2535496&use=l&cat=p&typeid=i","cat":284428},{"id":7572,"n":"Confiture bio Jardin Bio' 60% Myrtille - 320g","p":3.12,"u":"9,75 €/KG","img":"https://fd13-photos.leclercdrive.fr/image.ashx?id=2009384&use=l&cat=p&typeid=i","cat":284480},{"id":7573,"n":"Infusion Bio Jardin Bio' Draineur - x20 sachets - 30g","p":2.96,"u":"98,67 €/KG","img":"https://fd13-photos.leclercdrive.fr/image.ashx?id=2792525&use=l&cat=p&typeid=i","cat":293234},{"id":7574,"n":"Infusion bio Jardin Bio' Aide minceur - 30g","p":2.71,"u":"90,33 €/KG","img":"https://fd13-photos.leclercdrive.fr/image.ashx?id=2971110&use=l&cat=p&typeid=i","cat":293234},{"id":7578,"n":"Thé vert bio orange Jardin Bio' Bergamote Max Havelaar x20 30g","p":2.77,"u":"92,33 €/KG","img":"https://fd13-photos.leclercdrive.fr/image.ashx?id=2792666&use=l&cat=p&typeid=i","cat":293233},{"id":7585,"n":"Echalote Rustica 100g","p":1.87,"u":"18,70 €/KG","img":"https://fd13-photos.leclercdrive.fr/image.ashx?id=2365457&use=l&cat=p&typeid=i","cat":319804},{"id":7586,"n":"Fond de veau Rustica 110g","p":2.11,"u":"19,18 €/KG","img":"https://fd13-photos.leclercdrive.fr/image.ashx?id=2188679&use=l&cat=p&typeid=i","cat":288379},{"id":7589,"n":"Biscuits Mikado LU Chocolat au lait - 3x39g","p":2.13,"u":"18,21 €/KG","img":"https://fd13-photos.leclercdrive.fr/image.ashx?id=3001970&use=l&cat=p&typeid=i","cat":284488},{"id":7598,"n":"Ravioli de volaille Jardin Bio' Bio - 700g","p":4.08,"u":"5,83 €/KG","img":"https://fd13-photos.leclercdrive.fr/image.ashx?id=2950183&use=l&cat=p&typeid=i","cat":284442},{"id":7599,"n":"Haricots verts Jardin Bio' Bio extra fin coupés - 360g","p":2.63,"u":"7,31 €/KG","img":"https://fd13-photos.leclercdrive.fr/image.ashx?id=2967151&use=l&cat=p&typeid=i","cat":312606},{"id":7600,"n":"Petits pois carottes JardinBio' Bio - 420g","p":2.25,"u":"5,36 €/KG","img":"https://fd13-photos.leclercdrive.fr/image.ashx?id=2947958&use=l&cat=p&typeid=i","cat":312607},{"id":7601,"n":"Dessert fruitier Jardin Bio' bio Pomme vanille bourbon 680g","p":2.68,"u":"3,94 €/KG","img":"https://fd13-photos.leclercdrive.fr/image.ashx?id=2967786&use=l&cat=p&typeid=i","cat":284508},{"id":7610,"n":"Préparation crêpes Francine 380g","p":1.72,"u":"4,53 €/KG","img":"https://fd13-photos.leclercdrive.fr/image.ashx?id=2989120&use=l&cat=p&typeid=i","cat":284505},{"id":7646,"n":"Spaghetti Jardin Bio Bio quinoa persil ail - 500g","p":1.99,"u":"3,98 €/KG","img":"https://fd13-photos.leclercdrive.fr/image.ashx?id=3014542&use=l&cat=p&typeid=i","cat":284427},{"id":7655,"n":"Compote Andros Pomme framboise - 4x100g","p":1.7,"u":"4,25 €/KG","img":"https://fd13-photos.leclercdrive.fr/image.ashx?id=2907875&use=l&cat=p&typeid=i","cat":284416},{"id":7656,"n":"Compotes Andros Pomme - 4x100g","p":1.72,"u":"4,30 €/KG","img":"https://fd13-photos.leclercdrive.fr/image.ashx?id=2875337&use=l&cat=p&typeid=i","cat":284416},{"id":7665,"n":"Camembert Lanquetot Moulé à la louche - 250g","p":3.17,"u":"12,68 €/KG","img":"https://fd13-photos.leclercdrive.fr/image.ashx?id=2945484&use=l&cat=p&typeid=i","cat":314033},{"id":7666,"n":"Camembert Lepetit  250g","p":2.43,"u":"9,72 €/KG","img":"https://fd13-photos.leclercdrive.fr/image.ashx?id=2504350&use=l&cat=p&typeid=i","cat":314033},{"id":7672,"n":"Cordon Bleu Le Gaulois Poulet - 200g","p":2.11,"u":"10,55 €/KG","img":"https://fd13-photos.leclercdrive.fr/image.ashx?id=2860223&use=l&cat=p&typeid=i","cat":333683},{"id":7696,"n":"Camembert Bons Mayennais Lait pasteurisé 22%mg - 250g","p":2.09,"u":"8,36 €/KG","img":"https://fd13-photos.leclercdrive.fr/image.ashx?id=2966689&use=l&cat=p&typeid=i","cat":314033},{"id":7700,"n":"Pavé Normand Le Gaulois 200g","p":2.46,"u":"12,30 €/KG","img":"https://fd13-photos.leclercdrive.fr/image.ashx?id=2342827&use=l&cat=p&typeid=i","cat":333683},{"id":7713,"n":"Dessert fruitier pomme pruneaux Douceur du Verger s/sucre4x100g","p":1.54,"u":"3,85 €/KG","img":"https://fd13-photos.leclercdrive.fr/image.ashx?id=1962960&use=l&cat=p&typeid=i","cat":284416},{"id":7717,"n":"Papier toilette Mimosa Décoré - Ultra doux - x6","p":2.65,"u":"0,44 €/P","img":"https://fd13-photos.leclercdrive.fr/image.ashx?id=2816112&use=l&cat=p&typeid=i","cat":284634},{"id":7750,"n":"Boulghour bio Céréal Bio  repas express 250g","p":1.99,"u":"7,96 €/KG","img":"https://fd13-photos.leclercdrive.fr/image.ashx?id=2575045&use=l&cat=p&typeid=i","cat":284429},{"id":7761,"n":"Galette Croq'Soja Céréal Bio  Bio provençale x2 200g","p":2.29,"u":"11,45 €/KG","img":"https://fd13-photos.leclercdrive.fr/image.ashx?id=2574296&use=l&cat=p&typeid=i","cat":284953},{"id":7772,"n":"Galette bio Céréal Bio  Millet champignons x2 - 200g","p":2.2,"u":"11,00 €/KG","img":"https://fd13-photos.leclercdrive.fr/image.ashx?id=2573543&use=l&cat=p&typeid=i","cat":284953},{"id":7857,"n":"Croquettes chiens Fido Au boeuf 1kg","p":2.67,"u":"2,67 €/KG","img":"https://fd13-photos.leclercdrive.fr/image.ashx?id=2972964&use=l&cat=p&typeid=i","cat":294526},{"id":7862,"n":"Petit pot de crème Délisse Café - 4x100g","p":1.8,"u":"4,50 €/KG","img":"https://fd13-photos.leclercdrive.fr/image.ashx?id=2550372&use=l&cat=p&typeid=i","cat":285041},{"id":7864,"n":"Yaourts sucrés Délisse Nature  - 4x125g","p":0.99,"u":"1,98 €/KG","img":"https://fd13-photos.leclercdrive.fr/image.ashx?id=2590415&use=l&cat=p&typeid=i","cat":284409},{"id":7866,"n":"Beurre Tendre Les Croisés Demi-sel - 80% MG - 250g","p":2.51,"u":"10,04 €/KG","img":"https://fd13-photos.leclercdrive.fr/image.ashx?id=2839899&use=l&cat=p&typeid=i","cat":284379},{"id":7881,"n":"Camembert Les Croisés 8 portions - 22% mg - 8x30g","p":2.19,"u":"9,13 €/KG","img":"https://fd13-photos.leclercdrive.fr/image.ashx?id=2974798&use=l&cat=p&typeid=i","cat":314033},{"id":7882,"n":"Actifidus Délisse Coco Citron Vanille - 12x125g","p":3.5,"u":"2,33 €/KG","img":"https://fd13-photos.leclercdrive.fr/image.ashx?id=2441842&use=l&cat=p&typeid=i","cat":315000},{"id":7886,"n":"Diots fumés de Savoie NRT 4x90g","p":4.22,"u":"11,72 €/KG","img":"https://fd13-photos.leclercdrive.fr/image.ashx?id=2991467&use=l&cat=p&typeid=i","cat":316012},{"id":7895,"n":"Gâteau de riz La Laitiere 500g","p":2.15,"u":"4,30 €/KG","img":"https://fd13-photos.leclercdrive.fr/image.ashx?id=3010972&use=l&cat=p&typeid=i","cat":284418},{"id":7962,"n":"Vieux Pané   150g","p":2.44,"u":"16,27 €/KG","img":"https://fd13-photos.leclercdrive.fr/image.ashx?id=2843358&use=l&cat=p&typeid=i","cat":329558},{"id":7965,"n":"Matière grasse Bridelight à tartiner 15% MG - 250g","p":2.08,"u":"8,32 €/KG","img":"https://fd13-photos.leclercdrive.fr/image.ashx?id=2643884&use=l&cat=p&typeid=i","cat":284379},{"id":7972,"n":"Beurre Moulé Paysan Breton Doux - 82%MG - 250g","p":2.89,"u":"11,56 €/KG","img":"https://fd13-photos.leclercdrive.fr/image.ashx?id=2946943&use=l&cat=p&typeid=i","cat":284379},{"id":7973,"n":"Faisselle Rians 6%mg - 4x100g","p":2.24,"u":"5,60 €/KG","img":"https://fd13-photos.leclercdrive.fr/image.ashx?id=2762088&use=l&cat=p&typeid=i","cat":284409},{"id":7993,"n":"Beurre d'escargot Rustica Ail et persil - 250g","p":3.68,"u":"14,72 €/KG","img":"https://fd13-photos.leclercdrive.fr/image.ashx?id=1915569&use=l&cat=p&typeid=i","cat":319775},{"id":7996,"n":"Poireaux Notre Jardin En rondelles 1kg","p":1.32,"u":"1,32 €/KG","img":"https://fd13-photos.leclercdrive.fr/image.ashx?id=2873123&use=l&cat=p&typeid=i","cat":319805},{"id":8003,"n":"Fromage Enfant Kiri Goûter 5 portions barquettes - 175g","p":2.27,"u":"12,97 €/KG","img":"https://fd13-photos.leclercdrive.fr/image.ashx?id=2972883&use=l&cat=p&typeid=i","cat":314030},{"id":8008,"n":"Pizza Cuite sur pierre Turini Fruits de Mer - 400g","p":3.15,"u":"7,88 €/KG","img":"https://fd13-photos.leclercdrive.fr/image.ashx?id=2815202&use=l&cat=p&typeid=i","cat":284256},{"id":8011,"n":"Crème glacée Menthe Eskiss Copeaux de Chocolat - 494g","p":2.85,"u":"5,77 €/KG","img":"https://fd13-photos.leclercdrive.fr/image.ashx?id=3002548&use=l&cat=p&typeid=i","cat":284263},{"id":8012,"n":"Friandises pour chien Lydog Biscuits fourrés Viande - 500g","p":1.29,"u":"2,58 €/KG","img":"https://fd13-photos.leclercdrive.fr/image.ashx?id=2191114&use=l&cat=p&typeid=i","cat":294527},{"id":8013,"n":"Friandises pour chien Lydog Biscuits croquants - 500g","p":1.29,"u":"2,58 €/KG","img":"https://fd13-photos.leclercdrive.fr/image.ashx?id=1954353&use=l&cat=p&typeid=i","cat":294527},{"id":8017,"n":"Pâtes Penne Regate Turini 500g","p":0.59,"u":"1,18 €/KG","img":"https://fd13-photos.leclercdrive.fr/image.ashx?id=2980776&use=l&cat=p&typeid=i","cat":284427},{"id":8023,"n":"Paëla Royale Côté Table 400g","p":2.89,"u":"7,23 €/KG","img":"https://fd13-photos.leclercdrive.fr/image.ashx?id=2499355&use=l&cat=p&typeid=i","cat":333665},{"id":8024,"n":"Barquette chiens Lydog 3 saveurs - 3x300g","p":3.78,"u":"4,20 €/KG","img":"https://fd13-photos.leclercdrive.fr/image.ashx?id=2050639&use=l&cat=p&typeid=i","cat":284673},{"id":8025,"n":"Barquette chiens Lydog 3 saveurs - 3x300g","p":3.79,"u":"4,21 €/KG","img":"https://fd13-photos.leclercdrive.fr/image.ashx?id=2050642&use=l&cat=p&typeid=i","cat":284673},{"id":8026,"n":"Soupe Velouté Régal Soupe Poireaux Pommes de terre 2x30cl","p":1.07,"u":"1,78 €/L","img":"https://fd13-photos.leclercdrive.fr/image.ashx?id=2607440&use=l&cat=p&typeid=i","cat":284462},{"id":8027,"n":"Soupe Velouté Régal Soupe 10 légumes - 2x30cl","p":1.19,"u":"1,98 €/L","img":"https://fd13-photos.leclercdrive.fr/image.ashx?id=2607443&use=l&cat=p&typeid=i","cat":284462},{"id":8032,"n":"Nougat tendre de Montélimar NRT Barre 200g","p":3.99,"u":"19,95 €/KG","img":"https://fd13-photos.leclercdrive.fr/image.ashx?id=2991151&use=l&cat=p&typeid=i","cat":304249},{"id":8059,"n":"Coloration Belle Color n°2 Blond naturel","p":6.2,"img":"https://fd13-photos.leclercdrive.fr/image.ashx?id=2960792&use=l&cat=p&typeid=i","cat":288899},{"id":8060,"n":"Coloration Belle Color n°03 Blond doré","p":5.8,"img":"https://fd13-photos.leclercdrive.fr/image.ashx?id=2884357&use=l&cat=p&typeid=i","cat":288899},{"id":8063,"n":"Coloration Belle Color n°06 Blond très clair","p":5.84,"img":"https://fd13-photos.leclercdrive.fr/image.ashx?id=2513532&use=l&cat=p&typeid=i","cat":288899},{"id":8066,"n":"Coloration Belle Color n°20 Chatain clair","p":5.78,"img":"https://fd13-photos.leclercdrive.fr/image.ashx?id=2884366&use=l&cat=p&typeid=i","cat":288899},{"id":8067,"n":"Coloration Belle Color n°21 Chatain clair doré","p":6.13,"img":"https://fd13-photos.leclercdrive.fr/image.ashx?id=2960795&use=l&cat=p&typeid=i","cat":288899},{"id":8068,"n":"Coloration Belle Color n°22 Chatain","p":5.85,"img":"https://fd13-photos.leclercdrive.fr/image.ashx?id=2884372&use=l&cat=p&typeid=i","cat":288899},{"id":8070,"n":"Coloration Belle Color n°24 Chatain foncé","p":6.16,"img":"https://fd13-photos.leclercdrive.fr/image.ashx?id=2960798&use=l&cat=p&typeid=i","cat":288899},{"id":8073,"n":"Coloration Belle Color n°80 Noir","p":5.8,"img":"https://fd13-photos.leclercdrive.fr/image.ashx?id=2884378&use=l&cat=p&typeid=i","cat":288899},{"id":8094,"n":"Oeufs frais Matines En Cage - Gros - x6","p":1.55,"u":"0,26 €/P","img":"https://fd13-photos.leclercdrive.fr/image.ashx?id=2796246&use=l&cat=p&typeid=i","cat":284378},{"id":8125,"n":"Spaghetti Frais Turini 350g","p":1.49,"u":"4,26 €/KG","img":"https://fd13-photos.leclercdrive.fr/image.ashx?id=2840470&use=l&cat=p&typeid=i","cat":333682},{"id":8129,"n":"Soupe Mouliné Régal Soupe 10 légumes variés - 2x30cl","p":1.45,"u":"2,42 €/L","img":"https://fd13-photos.leclercdrive.fr/image.ashx?id=2302967&use=l&cat=p&typeid=i","cat":284462},{"id":8136,"n":"Biscuits raisin GERBLE  - 4x5, 360g","p":1.57,"u":"4,36 €/KG","img":"https://fd13-photos.leclercdrive.fr/image.ashx?id=2578726&use=l&cat=p&typeid=i","cat":318651},{"id":8178,"n":"Infusion Tisea Douce soirée 25 sachets","p":0.99,"u":"28,29 €/KG","img":"https://fd13-photos.leclercdrive.fr/image.ashx?id=2553902&use=l&cat=p&typeid=i","cat":293234},{"id":8182,"n":"Mini Feuilletés Côté Table Saucisse x20 - 350g","p":5.01,"u":"14,31 €/KG","img":"https://fd13-photos.leclercdrive.fr/image.ashx?id=2622016&use=l&cat=p&typeid=i","cat":319774},{"id":8210,"n":"Barquettes chats Tous mes amis Mousselines 4 variétés - 12x85g","p":4.79,"u":"4,70 €/KG","img":"https://fd13-photos.leclercdrive.fr/image.ashx?id=2860727&use=l&cat=p&typeid=i","cat":285286},{"id":8324,"n":"Tomates séchées Florelli 270g","p":3.31,"u":"12,26 €/KG","img":"https://fd13-photos.leclercdrive.fr/image.ashx?id=2633094&use=l&cat=p&typeid=i","cat":289010},{"id":8375,"n":"Sauce Déshydratée KNORR Aux Trois Poivres - 32g","p":0.69,"u":"24,64 €/KG","img":"https://fd13-photos.leclercdrive.fr/image.ashx?id=2875933&use=l&cat=p&typeid=i","cat":288381},{"id":8381,"n":"Soupe instantanée Royco  Bouillon à la Chinoise 3x200ml","p":1.42,"u":"30,21 €/KG","img":"https://fd13-photos.leclercdrive.fr/image.ashx?id=2650976&use=l&cat=p&typeid=i","cat":288992},{"id":8382,"n":"Pâtes spaghetti plat Panzani 500g","p":1.02,"u":"2,04 €/KG","img":"https://fd13-photos.leclercdrive.fr/image.ashx?id=2876041&use=l&cat=p&typeid=i","cat":284427},{"id":8383,"n":"Pâtes Coquillettes Panzani 3 Minutes - 500G","p":1.18,"u":"2,36 €/KG","img":"https://fd13-photos.leclercdrive.fr/image.ashx?id=2867945&use=l&cat=p&typeid=i","cat":284427},{"id":8388,"n":"Pâtes Lustucru macaroni Aux oeufs - 250g","p":0.99,"u":"3,96 €/KG","img":"https://fd13-photos.leclercdrive.fr/image.ashx?id=2519471&use=l&cat=p&typeid=i","cat":284427},{"id":8392,"n":"Torti Weight Watchers St Jacques - 300g","p":3.79,"u":"12,63 €/KG","img":"https://fd13-photos.leclercdrive.fr/image.ashx?id=2610861&use=l&cat=p&typeid=i","cat":333665},{"id":8393,"n":"Escalope Milanaise Marie 300g","p":3.39,"u":"11,30 €/KG","img":"https://fd13-photos.leclercdrive.fr/image.ashx?id=2317408&use=l&cat=p&typeid=i","cat":333665},{"id":8394,"n":"Saucisse de Toulouse Marie Purée a l'Ancienne - 290g","p":3.57,"u":"12,31 €/KG","img":"https://fd13-photos.leclercdrive.fr/image.ashx?id=2317414&use=l&cat=p&typeid=i","cat":333665},{"id":8396,"n":"Biscuits apéritif Lay's 3D's Goût Paprika - 85g","p":0.83,"u":"9,76 €/KG","img":"https://fd13-photos.leclercdrive.fr/image.ashx?id=2166311&use=l&cat=p&typeid=i","cat":284449},{"id":8397,"n":"Madeleine Bonne Maman Pur beurre tradition 300g","p":2.64,"u":"8,80 €/KG","img":"https://fd13-photos.leclercdrive.fr/image.ashx?id=2936137&use=l&cat=p&typeid=i","cat":284492},{"id":8407,"n":"Crème expert rides Diadermine Nuit Anti-rides - 50ml","p":8.3,"pp":5.48,"u":"109,60 €/L","img":"https://fd13-photos.leclercdrive.fr/image.ashx?id=2500491&use=l&cat=p&typeid=i","cat":325345},{"id":8413,"n":"Biscuits Crackers Tokapi  Nature - 3x100g","p":1.35,"u":"4,50 €/KG","img":"https://fd13-photos.leclercdrive.fr/image.ashx?id=2660550&use=l&cat=p&typeid=i","cat":297000},{"id":8415,"n":"Pâtes coquillettes Turini Les 3 min - 500g","p":0.72,"u":"1,44 €/KG","img":"https://fd13-photos.leclercdrive.fr/image.ashx?id=2607461&use=l&cat=p&typeid=i","cat":284427},{"id":8416,"n":"Parmentier poisson Côté Table 300g","p":2.35,"u":"7,83 €/KG","img":"https://fd13-photos.leclercdrive.fr/image.ashx?id=2970729&use=l&cat=p&typeid=i","cat":333665},{"id":8419,"n":"Biscuits Crackers Tokapi Emmental - 100g","p":0.69,"u":"6,90 €/KG","img":"https://fd13-photos.leclercdrive.fr/image.ashx?id=2351226&use=l&cat=p&typeid=i","cat":297000},{"id":8420,"n":"Chocolat blanc Tablette D'Or Noix de coco - 200g","p":2.69,"u":"13,45 €/KG","img":"https://fd13-photos.leclercdrive.fr/image.ashx?id=2753472&use=l&cat=p&typeid=i","cat":284957},{"id":8424,"n":"Biscottes Heudebert  Fibres plus - 280g","p":1.88,"u":"6,71 €/KG","img":"https://fd13-photos.leclercdrive.fr/image.ashx?id=2679503&use=l&cat=p&typeid=i","cat":284479},{"id":8428,"n":"Biscuits sablés Granola Chocolat au lait - 225g","p":1.62,"u":"7,20 €/KG","img":"https://fd13-photos.leclercdrive.fr/image.ashx?id=2346675&use=l&cat=p&typeid=i","cat":284488},{"id":8432,"n":"Biscuit Roudor St Michel 2x150g","p":2.38,"u":"7,93 €/KG","img":"https://fd13-photos.leclercdrive.fr/image.ashx?id=2935690&use=l&cat=p&typeid=i","cat":284487},{"id":8433,"n":"Pâtes Coquillettes Panzani Prêt en 3 min - 1kg","p":2.09,"u":"2,09 €/KG","img":"https://fd13-photos.leclercdrive.fr/image.ashx?id=2896093&use=l&cat=p&typeid=i","cat":284427},{"id":8464,"n":"Serviettes Vania Maxi Confort Super - Fresh - x14","p":1.75,"u":"0,13 €/P","img":"https://fd13-photos.leclercdrive.fr/image.ashx?id=2907611&use=l&cat=p&typeid=i","cat":284624},{"id":8471,"n":"Lait en poudre Délisse Ecrémé - 750g","p":4.99,"u":"6,65 €/KG","img":"https://fd13-photos.leclercdrive.fr/image.ashx?id=1981605&use=l&cat=p&typeid=i","cat":299162},{"id":8474,"n":"Terrines Tous Mes Amis Les délices de la mer - 3x400g","p":3.69,"u":"3,08 €/KG","img":"https://fd13-photos.leclercdrive.fr/image.ashx?id=2042972&use=l&cat=p&typeid=i","cat":285601},{"id":8475,"n":"Serviette hygiénique Doulys Maxi confort - Normal - x18","p":0.99,"u":"0,06 €/P","img":"https://fd13-photos.leclercdrive.fr/image.ashx?id=2838909&use=l&cat=p&typeid=i","cat":284624},{"id":8494,"n":"Biscuits déli matin P'tit Déli Chocolat/pépites - 600g","p":3.18,"u":"5,30 €/KG","img":"https://fd13-photos.leclercdrive.fr/image.ashx?id=2999496&use=l&cat=p&typeid=i","cat":284491},{"id":8504,"n":"Biscottes bio Bio Village Complètes x36 - 300g","p":2.2,"u":"7,33 €/KG","img":"https://fd13-photos.leclercdrive.fr/image.ashx?id=2590460&use=l&cat=p&typeid=i","cat":284479},{"id":8515,"n":"Bâtonnets Dentastix Pedigree Moyen chien x28 - 720g","p":6.66,"u":"9,25 €/KG","img":"https://fd13-photos.leclercdrive.fr/image.ashx?id=2980094&use=l&cat=p&typeid=i","cat":294527},{"id":8528,"n":"Sel fin La Baleine Iodé et fluoré - 750g","p":0.69,"u":"0,92 €/KG","img":"https://fd13-photos.leclercdrive.fr/image.ashx?id=2790612&use=l&cat=p&typeid=i","cat":284457},{"id":8533,"n":"Flageolets verts Notre Jardin Extra Fins - 420g","p":1.72,"u":"4,10 €/KG","img":"https://fd13-photos.leclercdrive.fr/image.ashx?id=2371536&use=l&cat=p&typeid=i","cat":312606},{"id":8535,"n":"Olives noires Rustica Entières - 225g","p":0.99,"u":"4,40 €/KG","img":"https://fd13-photos.leclercdrive.fr/image.ashx?id=2499076&use=l&cat=p&typeid=i","cat":284458},{"id":8536,"n":"Savon mains en crème Manava Perles d'oranger - 300ml","p":1.25,"u":"4,17 €/L","img":"https://fd13-photos.leclercdrive.fr/image.ashx?id=2935480&use=l&cat=p&typeid=i","cat":284597},{"id":8538,"n":"100% Pur jus d'orange Jafaden  Avec pulpe - 1L","p":1.99,"u":"1,99 €/L","img":"https://fd13-photos.leclercdrive.fr/image.ashx?id=2796043&use=l&cat=p&typeid=i","cat":284521},{"id":8539,"n":"Nectar Jafaden Pêche - 1L","p":1.99,"u":"1,99 €/L","img":"https://fd13-photos.leclercdrive.fr/image.ashx?id=2919607&use=l&cat=p&typeid=i","cat":284915},{"id":8540,"n":"Nectar Jafaden Fraise - 1L","p":2.63,"u":"2,63 €/L","img":"https://fd13-photos.leclercdrive.fr/image.ashx?id=2895768&use=l&cat=p&typeid=i","cat":284915},{"id":8541,"n":"Nectar Jafaden Mangue - 1L","p":2.15,"u":"2,15 €/L","img":"https://fd13-photos.leclercdrive.fr/image.ashx?id=2955710&use=l&cat=p&typeid=i","cat":284916},{"id":8544,"n":"Spray Cheveux L'Oréal Paris Fixation Ultra Forte - 300ml","p":4.1,"u":"13,67 €/L","img":"https://fd13-photos.leclercdrive.fr/image.ashx?id=2445331&use=l&cat=p&typeid=i","cat":284609},{"id":8553,"n":"Sauce Barbecue AMORA 490g","p":1.94,"u":"3,96 €/KG","img":"https://fd13-photos.leclercdrive.fr/image.ashx?id=2877298&use=l&cat=p&typeid=i","cat":318431},{"id":8558,"n":"Savon L'Authentique Monsavon Lavant Antibactérien - 6x100g","p":3.11,"u":"5,18 €/KG","img":"https://fd13-photos.leclercdrive.fr/image.ashx?id=2881332&use=l&cat=p&typeid=i","cat":284597},{"id":8559,"n":"Biscuits Bjorg Fourrés Chocolat noir bio 225g","p":2.95,"u":"13,11 €/KG","img":"https://fd13-photos.leclercdrive.fr/image.ashx?id=2970912&use=l&cat=p&typeid=i","cat":284488},{"id":8564,"n":"Pâtes Barilla  Linguine - 500g","p":1.1,"u":"2,20 €/KG","img":"https://fd13-photos.leclercdrive.fr/image.ashx?id=3004444&use=l&cat=p&typeid=i","cat":284427},{"id":8572,"n":"Tablette chocolat Côte d'Or Chocolat au lait - 200g","p":3.06,"u":"15,30 €/KG","img":"https://fd13-photos.leclercdrive.fr/image.ashx?id=2944362&use=l&cat=p&typeid=i","cat":284497},{"id":8576,"n":"Pâtes Barilla Torsades - 500g","p":0.96,"u":"1,92 €/KG","img":"https://fd13-photos.leclercdrive.fr/image.ashx?id=2392224&use=l&cat=p&typeid=i","cat":284427},{"id":8605,"n":"Liqueur Cointreau 40%vol. - 70cl","p":18.89,"u":"26,99 €/L","img":"https://fd13-photos.leclercdrive.fr/image.ashx?id=2998904&use=l&cat=p&typeid=i","cat":286032},{"id":8640,"n":"Croque Baby Fromage Cité Marine MSC - 200g","p":2.25,"u":"11,25 €/KG","img":"https://fd13-photos.leclercdrive.fr/image.ashx?id=2844145&use=l&cat=p&typeid=i","cat":284344},{"id":8642,"n":"Dentifrice Dentamyl Anti-tartre 75ml","p":0.72,"u":"9,60 €/L","img":"https://fd13-photos.leclercdrive.fr/image.ashx?id=2489098&use=l&cat=p&typeid=i","cat":284612},{"id":8643,"n":"Amandes en poudre Tablier Blanc 125g","p":1.56,"u":"12,48 €/KG","img":"https://fd13-photos.leclercdrive.fr/image.ashx?id=2460577&use=l&cat=p&typeid=i","cat":284504},{"id":8645,"n":"Pepites de chocolat Tablier Blanc - 100g","p":1.43,"u":"14,30 €/KG","img":"https://fd13-photos.leclercdrive.fr/image.ashx?id=2072954&use=l&cat=p&typeid=i","cat":284504},{"id":8646,"n":"Noix de Coco Râpée  Tablier Blanc - 125g","p":1.56,"u":"12,48 €/KG","img":"https://fd13-photos.leclercdrive.fr/image.ashx?id=2460583&use=l&cat=p&typeid=i","cat":284504},{"id":8647,"n":"Gélatine alimentaire Tablier 9 feuilles - 17g","p":1.07,"u":"62,94 €/KG","img":"https://fd13-photos.leclercdrive.fr/image.ashx?id=2487446&use=l&cat=p&typeid=i","cat":284504},{"id":8648,"n":"Amandes effilées Tablier Blanc 125g","p":1.56,"u":"12,48 €/KG","img":"https://fd13-photos.leclercdrive.fr/image.ashx?id=2460586&use=l&cat=p&typeid=i","cat":284504},{"id":8678,"n":"Muscat NRT Baume De Venise-15,5%vol - 75cl","p":9.99,"u":"13,32 €/L","img":"https://fd13-photos.leclercdrive.fr/image.ashx?id=2920942&use=l&cat=p&typeid=i","cat":284913},{"id":8734,"n":"AOC Champagne brut blanc  Premier cru Pol Carson - 75cl","p":22.99,"u":"30,65 €/L","img":"https://fd13-photos.leclercdrive.fr/image.ashx?id=2984649&use=l&cat=p&typeid=i","cat":284542},{"id":8735,"n":"Cake P'tit Déli Aux Fruits 400g","p":2.58,"u":"6,45 €/KG","img":"https://fd13-photos.leclercdrive.fr/image.ashx?id=2401243&use=l&cat=p&typeid=i","cat":284493},{"id":8745,"n":"Lait demi-écrémé Grandlait Bouteille - 6x1L","p":7.03,"u":"1,17 €/L","img":"https://fd13-photos.leclercdrive.fr/image.ashx?id=2914612&use=l&cat=p&typeid=i","cat":284377},{"id":8746,"n":"Sauce Beurre blanc Gastromer 200g","p":1.47,"u":"7,35 €/KG","img":"https://fd13-photos.leclercdrive.fr/image.ashx?id=2504653&use=l&cat=p&typeid=i","cat":284382},{"id":8748,"n":"Lait vitaminé Viva Candia  1% MG - 6x50cl","p":5.9,"u":"1,97 €/L","img":"https://fd13-photos.leclercdrive.fr/image.ashx?id=2891508&use=l&cat=p&typeid=i","cat":317169},{"id":8754,"n":"Sacs congélation Elembal Moyen Zip 20 Sacs","p":1.49,"u":"0,07 €/P","img":"https://fd13-photos.leclercdrive.fr/image.ashx?id=2751886&use=l&cat=p&typeid=i","cat":334134},{"id":8783,"n":"Pommes Elstar  1kg","p":3.29,"u":"3,29 €/KG","img":"https://fd13-photos.leclercdrive.fr/image.ashx?id=1631131&use=l&cat=p&typeid=i","cat":284356},{"id":8784,"n":"Plat bébé Blédina 8 mois  Riz carotte jambon - 2x200g","p":2.66,"u":"6,65 €/KG","img":"https://fd13-photos.leclercdrive.fr/image.ashx?id=2975065&use=l&cat=p&typeid=i","cat":312236},{"id":8787,"n":"Fromage frais Malo Nature sucré - 4x100g","p":1.31,"u":"3,28 €/KG","img":"https://fd13-photos.leclercdrive.fr/image.ashx?id=2462589&use=l&cat=p&typeid=i","cat":284409},{"id":8790,"n":"Fromage frais Malo Nature Sucré - 8x100g","p":2.95,"pp":2.06,"u":"2,58 €/KG","img":"https://fd13-photos.leclercdrive.fr/image.ashx?id=2106229&use=l&cat=p&typeid=i","cat":284409},{"id":8796,"n":"Saucisse fine de Lyon NRT 120g","p":1.85,"u":"15,42 €/KG","img":"https://fd13-photos.leclercdrive.fr/image.ashx?id=2743870&use=l&cat=p&typeid=i","cat":316012},{"id":8804,"n":"Brownie P'tit Déli Chocolat pépites 285g","p":1.85,"u":"6,49 €/KG","img":"https://fd13-photos.leclercdrive.fr/image.ashx?id=2663365&use=l&cat=p&typeid=i","cat":294776},{"id":8809,"n":"Galettes Bretonnes P'tit Déli Pur beurre 2x125g","p":1.45,"u":"5,80 €/KG","img":"https://fd13-photos.leclercdrive.fr/image.ashx?id=2847961&use=l&cat=p&typeid=i","cat":284487},{"id":8811,"n":"Lait frais Ribot Paysan Breton 50cl","p":1.16,"u":"2,32 €/L","img":"https://fd13-photos.leclercdrive.fr/image.ashx?id=2939379&use=l&cat=p&typeid=i","cat":285609},{"id":8813,"n":"Fromage frais Malo  Nature - 4x100g","p":1.52,"u":"3,80 €/KG","img":"https://fd13-photos.leclercdrive.fr/image.ashx?id=2462592&use=l&cat=p&typeid=i","cat":284409},{"id":8815,"n":"Crêpes dentelle Gavottes Chocolat au lait - 90g","p":1.99,"u":"22,11 €/KG","img":"https://fd13-photos.leclercdrive.fr/image.ashx?id=2582843&use=l&cat=p&typeid=i","cat":284490},{"id":8825,"n":"Barres de céréales Coco Pops Kellogg's - 6x20g","p":1.81,"u":"15,08 €/KG","img":"https://fd13-photos.leclercdrive.fr/image.ashx?id=2677291&use=l&cat=p&typeid=i","cat":285869},{"id":8831,"n":"Nouille Alsacienne Lustucru 250g","p":0.98,"u":"3,92 €/KG","img":"https://fd13-photos.leclercdrive.fr/image.ashx?id=2503942&use=l&cat=p&typeid=i","cat":284427},{"id":8832,"n":"Pâtes Lustucru collerettes 250g","p":0.97,"u":"3,88 €/KG","img":"https://fd13-photos.leclercdrive.fr/image.ashx?id=1943562&use=l&cat=p&typeid=i","cat":284427},{"id":8842,"n":"Couscous poulet bœuf Garbit - 980g","p":4.48,"u":"4,57 €/KG","img":"https://fd13-photos.leclercdrive.fr/image.ashx?id=2677930&use=l&cat=p&typeid=i","cat":325094},{"id":8846,"n":"Jardinière Notre Jardin  De 3 légumes - 420g","p":3.39,"u":"8,07 €/KG","img":"https://fd13-photos.leclercdrive.fr/image.ashx?id=2190005&use=l&cat=p&typeid=i","cat":312607},{"id":8853,"n":"Cappuccino soluble Plantation Chocolat - x8 - 144g","p":2.49,"u":"17,29 €/KG","img":"https://fd13-photos.leclercdrive.fr/image.ashx?id=2460574&use=l&cat=p&typeid=i","cat":284843},{"id":8854,"n":"Café soluble Plantation  Qualité décaféiné - 200g","p":6.55,"u":"32,75 €/KG","img":"https://fd13-photos.leclercdrive.fr/image.ashx?id=2834275&use=l&cat=p&typeid=i","cat":284843},{"id":8855,"n":"Sauce Champignons Turini 420g","p":1.15,"u":"2,74 €/KG","img":"https://fd13-photos.leclercdrive.fr/image.ashx?id=2494189&use=l&cat=p&typeid=i","cat":287599},{"id":8857,"n":"Café soluble Plantation Qualité filtre - x25 - 50g","p":2.09,"u":"41,80 €/KG","img":"https://fd13-photos.leclercdrive.fr/image.ashx?id=2834278&use=l&cat=p&typeid=i","cat":284843},{"id":8858,"n":"Café Soluble Plantation Décaféiné - x25 - 50g","p":2.24,"u":"44,80 €/KG","img":"https://fd13-photos.leclercdrive.fr/image.ashx?id=2834281&use=l&cat=p&typeid=i","cat":284843},{"id":8859,"n":"Café soluble Plantation Chicorée - 100g","p":2.35,"u":"23,50 €/KG","img":"https://fd13-photos.leclercdrive.fr/image.ashx?id=2856468&use=l&cat=p&typeid=i","cat":284843},{"id":8861,"n":"Café soluble Plantation Expresso - x25 - 45g","p":2.25,"u":"50,00 €/KG","img":"https://fd13-photos.leclercdrive.fr/image.ashx?id=2834287&use=l&cat=p&typeid=i","cat":284843},{"id":8864,"n":"Pain de Mie Epi d'or - Nature Longue Conservation - 280g","p":0.76,"u":"2,71 €/KG","img":"https://fd13-photos.leclercdrive.fr/image.ashx?id=1913643&use=l&cat=p&typeid=i","cat":284477},{"id":8865,"n":"Toasts Brioches Epi D'Or x13 - 125g","p":0.94,"u":"7,52 €/KG","img":"https://fd13-photos.leclercdrive.fr/image.ashx?id=1759541&use=l&cat=p&typeid=i","cat":284479},{"id":8869,"n":"Riz complet Comptoir du Grain 10min - 500g","p":1.49,"u":"2,98 €/KG","img":"https://fd13-photos.leclercdrive.fr/image.ashx?id=2909386&use=l&cat=p&typeid=i","cat":284428},{"id":8891,"n":"Soda Jean's Cola Bouteille - 6x1,5L","p":6.79,"u":"0,75 €/L","img":"https://fd13-photos.leclercdrive.fr/image.ashx?id=2637862&use=l&cat=p&typeid=i","cat":284530},{"id":8908,"n":"Crépes Fourrées P'tit Déli Céréales et chocolat x8 - 256g","p":1.81,"u":"7,07 €/KG","img":"https://fd13-photos.leclercdrive.fr/image.ashx?id=2656338&use=l&cat=p&typeid=i","cat":284494},{"id":8910,"n":"Jus 3 agrumes Jafaden Pur jus - 1L","p":2.99,"u":"2,99 €/L","img":"https://fd13-photos.leclercdrive.fr/image.ashx?id=2520029&use=l&cat=p&typeid=i","cat":284917},{"id":8912,"n":"Préparation fraises NRT Sud-Ouest - 315g","p":2.64,"u":"8,38 €/KG","img":"https://fd13-photos.leclercdrive.fr/image.ashx?id=2590472&use=l&cat=p&typeid=i","cat":284480},{"id":8914,"n":"IGP Pays d'Oc Viognier Blanc Vieux Carion 13% vol - 75cl","p":2.99,"u":"3,99 €/L","img":"https://fd13-photos.leclercdrive.fr/image.ashx?id=2677050&use=l&cat=p&typeid=i","cat":289557},{"id":8918,"n":"Crêpe Bretonne Even x12 - 350g","p":2.59,"u":"7,40 €/KG","img":"https://fd13-photos.leclercdrive.fr/image.ashx?id=2314993&use=l&cat=p&typeid=i","cat":284494},{"id":8928,"n":"Lait Ribot Payson Breton 1L","p":1.73,"u":"1,73 €/L","img":"https://fd13-photos.leclercdrive.fr/image.ashx?id=2959445&use=l&cat=p&typeid=i","cat":285609},{"id":8931,"n":"Fromage Emmental Paysan Breton Portion - 220g","p":2.32,"u":"10,55 €/KG","img":"https://fd13-photos.leclercdrive.fr/image.ashx?id=2945559&use=l&cat=p&typeid=i","cat":314034},{"id":8932,"n":"Gin Gibson's 37.5%vol - 1L","p":16.69,"u":"16,69 €/L","img":"https://fd13-photos.leclercdrive.fr/image.ashx?id=2766244&use=l&cat=p&typeid=i","cat":284550},{"id":8963,"n":"Fromage à tartiner Madame Loïk Fouetté Ech. Ciboulette - 150g","p":1.68,"u":"11,20 €/KG","img":"https://fd13-photos.leclercdrive.fr/image.ashx?id=2986356&use=l&cat=p&typeid=i","cat":314029},{"id":8966,"n":"Biscuits chien Pedigree Biscrok - 500g","p":1.54,"u":"3,08 €/KG","img":"https://fd13-photos.leclercdrive.fr/image.ashx?id=2983456&use=l&cat=p&typeid=i","cat":294527},{"id":8968,"n":"Chocolat poudre Banania 400g","p":2.71,"u":"6,78 €/KG","img":"https://fd13-photos.leclercdrive.fr/image.ashx?id=2225276&use=l&cat=p&typeid=i","cat":293235},{"id":8970,"n":"Riz long blanc de Camargue NRT 500g","p":1.59,"u":"3,18 €/KG","img":"https://fd13-photos.leclercdrive.fr/image.ashx?id=2663803&use=l&cat=p&typeid=i","cat":284428},{"id":8972,"n":"Levure boulangère Tablier Blanc x6 - 30g","p":0.69,"u":"23,00 €/KG","img":"https://fd13-photos.leclercdrive.fr/image.ashx?id=2487440&use=l&cat=p&typeid=i","cat":294686},{"id":8977,"n":"Cacahuètes  Benenuts Grillées à sec - 200g","p":1.45,"u":"7,25 €/KG","img":"https://fd13-photos.leclercdrive.fr/image.ashx?id=2389616&use=l&cat=p&typeid=i","cat":284448},{"id":8979,"n":"Lardons Fumés Le Gaulois Canard - 180g","p":2.58,"u":"14,33 €/KG","img":"https://fd13-photos.leclercdrive.fr/image.ashx?id=2236848&use=l&cat=p&typeid=i","cat":316011},{"id":8985,"n":"Soupe Poule au Pot Knorr Déshydratée - 1L","p":0.95,"u":"0,95 €/L","img":"https://fd13-photos.leclercdrive.fr/image.ashx?id=2826471&use=l&cat=p&typeid=i","cat":284463},{"id":8987,"n":"Pâté Hénaff 156g","p":2.28,"u":"14,62 €/KG","img":"https://fd13-photos.leclercdrive.fr/image.ashx?id=2298361&use=l&cat=p&typeid=i","cat":305149},{"id":9033,"n":"Fromage Entremont Dégustation 45%mg - 250g","p":2.84,"u":"11,36 €/KG","img":"https://fd13-photos.leclercdrive.fr/image.ashx?id=2983168&use=l&cat=p&typeid=i","cat":314034},{"id":9065,"n":"Fromage tartiflette Ermitage 27%mg - 500g","p":5.97,"u":"11,94 €/KG","img":"https://fd13-photos.leclercdrive.fr/image.ashx?id=2966011&use=l&cat=p&typeid=i","cat":314037},{"id":9080,"n":"Fromage à Tartiner St Môret  Nature 9 Portions - 180g","p":2.03,"u":"11,28 €/KG","img":"https://fd13-photos.leclercdrive.fr/image.ashx?id=2763319&use=l&cat=p&typeid=i","cat":314029},{"id":9110,"n":"Bûche de chèvre allégée Soignon Lait pasteurisé 29%mg - 180g","p":2.15,"u":"11,94 €/KG","img":"https://fd13-photos.leclercdrive.fr/image.ashx?id=2886987&use=l&cat=p&typeid=i","cat":314031},{"id":9123,"n":"Café soluble Plantation Café Au Lait Chicorée - 400g","p":3.59,"u":"8,98 €/KG","img":"https://fd13-photos.leclercdrive.fr/image.ashx?id=2834232&use=l&cat=p&typeid=i","cat":284843},{"id":9124,"n":"Croquettes chiens Lydog Senior - 3kg","p":5.09,"u":"1,70 €/KG","img":"https://fd13-photos.leclercdrive.fr/image.ashx?id=2047025&use=l&cat=p&typeid=i","cat":284672},{"id":9130,"n":"Mouchoirs blancs 2 plis Caresse Boîte mouchoirs en papier -x110","p":1.33,"u":"0,01 €/P","img":"https://fd13-photos.leclercdrive.fr/image.ashx?id=2390416&use=l&cat=p&typeid=i","cat":284638},{"id":9131,"n":"Gel douche et shampooing Carré Homme Tonifiante - 250ml","p":1.15,"u":"4,60 €/L","img":"https://fd13-photos.leclercdrive.fr/image.ashx?id=2927848&use=l&cat=p&typeid=i","cat":284619},{"id":9132,"n":"Soda Pulp'Orange Canette - 6x33cl","p":3.19,"u":"1,61 €/L","img":"https://fd13-photos.leclercdrive.fr/image.ashx?id=2922406&use=l&cat=p&typeid=i","cat":284532},{"id":9139,"n":"Bouchées chiens Lydog Boeuf - 1.5kg","p":2.79,"u":"1,86 €/KG","img":"https://fd13-photos.leclercdrive.fr/image.ashx?id=1525319&use=l&cat=p&typeid=i","cat":284672},{"id":9144,"n":"Vinaigre de Vin blanc Rustica Aromatisé à la noix - 50cl","p":1.64,"u":"3,28 €/L","img":"https://fd13-photos.leclercdrive.fr/image.ashx?id=1670491&use=l&cat=p&typeid=i","cat":298543},{"id":9150,"n":"Soupe Velouté Régal Soupe Potiron - 2x30cl","p":1.76,"u":"2,93 €/L","img":"https://fd13-photos.leclercdrive.fr/image.ashx?id=2607473&use=l&cat=p&typeid=i","cat":284462},{"id":9164,"n":"Crevettes natures Pêche Océan 125g","p":3.99,"u":"31,92 €/KG","img":"https://fd13-photos.leclercdrive.fr/image.ashx?id=3015242&use=l&cat=p&typeid=i","cat":284343},{"id":9167,"n":"Fromage Edam Mimolette Les Croisés dés 150g","p":1.85,"u":"12,33 €/KG","img":"https://fd13-photos.leclercdrive.fr/image.ashx?id=2365472&use=l&cat=p&typeid=i","cat":314027},{"id":9170,"n":"Spaetzles d'Alsace NRT 250g","p":1.39,"u":"5,56 €/KG","img":"https://fd13-photos.leclercdrive.fr/image.ashx?id=2839962&use=l&cat=p&typeid=i","cat":284427},{"id":9181,"n":"Chinois La Fournée Dorée Crème pâtissière - 600g","p":2.46,"u":"4,10 €/KG","img":"https://fd13-photos.leclercdrive.fr/image.ashx?id=2342090&use=l&cat=p&typeid=i","cat":293600},{"id":9182,"n":"Chinois La Fournée Dorée Crème patissière, Chocolat 500g","p":2.95,"u":"5,90 €/KG","img":"https://fd13-photos.leclercdrive.fr/image.ashx?id=2342093&use=l&cat=p&typeid=i","cat":293600},{"id":9183,"n":"Boules soufflées Tokapi Tomate - 42g","p":0.57,"u":"13,57 €/KG","img":"https://fd13-photos.leclercdrive.fr/image.ashx?id=2898832&use=l&cat=p&typeid=i","cat":284449},{"id":9223,"n":"Pâtes Capellini Turini 500g","p":0.85,"u":"1,70 €/KG","img":"https://fd13-photos.leclercdrive.fr/image.ashx?id=2607482&use=l&cat=p&typeid=i","cat":284427},{"id":9240,"n":"Céréales Special K Kellogg's Chocolat au lait - 300g","p":2.42,"u":"8,07 €/KG","img":"https://fd13-photos.leclercdrive.fr/image.ashx?id=2667124&use=l&cat=p&typeid=i","cat":309512},{"id":9246,"n":"Avocat Bio Bio Village En barquette x2","p":3.29,"u":"1,65 €/P","img":"https://fd13-photos.leclercdrive.fr/image.ashx?id=2551984&use=l&cat=p&typeid=i","cat":284352},{"id":9262,"n":"Matière grasse Rustica Tournesol -60%MG -Doux -500G","p":1.53,"u":"3,06 €/KG","img":"https://fd13-photos.leclercdrive.fr/image.ashx?id=2904553&use=l&cat=p&typeid=i","cat":315229},{"id":9265,"n":"Pêche poire ananas  Douceur du verger - 4x70g","p":2.59,"u":"9,25 €/KG","img":"https://fd13-photos.leclercdrive.fr/image.ashx?id=2349100&use=l&cat=p&typeid=i","cat":284507},{"id":9266,"n":"Ananas papaye mangue DDV Sirop léger - 4x70g","p":2.74,"u":"9,79 €/KG","img":"https://fd13-photos.leclercdrive.fr/image.ashx?id=2100775&use=l&cat=p&typeid=i","cat":284507},{"id":9276,"n":"Biscuits Sprits P'tit Déli Chocolat au lait - 150g","p":1.09,"u":"7,27 €/KG","img":"https://fd13-photos.leclercdrive.fr/image.ashx?id=2081053&use=l&cat=p&typeid=i","cat":284488},{"id":9322,"n":"Tartelette Choco Caramel St Michel Bonne Maman 135g","p":1.27,"u":"9,41 €/KG","img":"https://fd13-photos.leclercdrive.fr/image.ashx?id=2949931&use=l&cat=p&typeid=i","cat":284488},{"id":9413,"n":"Effaceur Magic+ Reynolds Pointe fine x8 + 2 offerts","p":4.33,"img":"https://fd13-photos.leclercdrive.fr/image.ashx?id=2132304&use=l&cat=p&typeid=i","cat":334133},{"id":9435,"n":"AOP Champagne Mercier  Brut - 75cl","p":24.83,"u":"33,11 €/L","img":"https://fd13-photos.leclercdrive.fr/image.ashx?id=1867174&use=l&cat=p&typeid=i","cat":284542},{"id":9465,"n":"Copies doubles Clairefontaine 21x29.7cm - x300","p":2.8,"u":"133,33 €/KG","img":"https://fd13-photos.leclercdrive.fr/image.ashx?id=1699960&use=l&cat=p&typeid=i","cat":284697},{"id":9499,"n":"Cahier piqûre Force 8 24x32 96 pages grands carreaux","p":2.1,"img":"https://fd13-photos.leclercdrive.fr/image.ashx?id=2793524&use=l&cat=p&typeid=i","cat":284697},{"id":9540,"n":"Papier grain Canson 24x32 180g/m2 - 24 feuilles","p":3.22,"img":"https://fd13-photos.leclercdrive.fr/image.ashx?id=2797458&use=l&cat=p&typeid=i","cat":284697},{"id":9545,"n":"Kit de traçage Flex Maped 3 pièces","p":1.46,"img":"https://fd13-photos.leclercdrive.fr/image.ashx?id=2384310&use=l&cat=p&typeid=i","cat":334133},{"id":9566,"n":"Crayons de couleur Bic Kids Tropicolors 17.5cm - x18","p":1.81,"u":"0,10 €/P","img":"https://fd13-photos.leclercdrive.fr/image.ashx?id=1867348&use=l&cat=p&typeid=i","cat":284696},{"id":9567,"n":"Crayons de couleur Bic Kids Tropicolors 2 - Pochette de 12","p":1.36,"img":"https://fd13-photos.leclercdrive.fr/image.ashx?id=2657463&use=l&cat=p&typeid=i","cat":284696},{"id":9568,"n":"Crayons de couleur Tropicolors 17.5cm - x24","p":2.68,"img":"https://fd13-photos.leclercdrive.fr/image.ashx?id=1699421&use=l&cat=p&typeid=i","cat":284696},{"id":9569,"n":"Crayons couleurs Bic Kids x12","p":3.23,"img":"https://fd13-photos.leclercdrive.fr/image.ashx?id=1857847&use=l&cat=p&typeid=i","cat":284696},{"id":9570,"n":"Crayons couleurs Bic Kids x12","p":2.39,"img":"https://fd13-photos.leclercdrive.fr/image.ashx?id=3008287&use=l&cat=p&typeid=i","cat":284696},{"id":9587,"n":"Tube de peinture Esquisse Gouache - 5x10ml","p":0.85,"u":"17,00 €/L","img":"https://fd13-photos.leclercdrive.fr/image.ashx?id=2131185&use=l&cat=p&typeid=i","cat":334133},{"id":9588,"n":"Pinceaux Esquisse x3 taille 4-10 et 16","p":0.95,"img":"https://fd13-photos.leclercdrive.fr/image.ashx?id=1928713&use=l&cat=p&typeid=i","cat":334133},{"id":9589,"n":"Pinceaux Esquisse Taille 6-10 et 14 - x3","p":0.95,"u":"0,32 €/P","img":"https://fd13-photos.leclercdrive.fr/image.ashx?id=1928716&use=l&cat=p&typeid=i","cat":334133},{"id":9591,"n":"Protège-document Esquisse A4 - 120 vues - Multicoloris","p":3.29,"img":"https://fd13-photos.leclercdrive.fr/image.ashx?id=2943148&use=l&cat=p&typeid=i","cat":334133},{"id":9593,"n":"AOP Côtes du Rhône vin rouge Combes Saint Sauveur 75cl","p":3.79,"u":"5,05 €/L","img":"https://fd13-photos.leclercdrive.fr/image.ashx?id=2755414&use=l&cat=p&typeid=i","cat":289556},{"id":9597,"n":"AOP Côtes de Provence rosé Jean Valestrel - 75cl","p":6.6,"u":"8,80 €/L","img":"https://fd13-photos.leclercdrive.fr/image.ashx?id=2236698&use=l&cat=p&typeid=i","cat":289558},{"id":9598,"n":"Nuggets Le Gaulois Extra croustillant x10 - 200g","p":1.97,"u":"9,85 €/KG","img":"https://fd13-photos.leclercdrive.fr/image.ashx?id=2645531&use=l&cat=p&typeid=i","cat":333684},{"id":9602,"n":"Copies doubles Esquisse - x300 21x29.7cm","p":2.15,"img":"https://fd13-photos.leclercdrive.fr/image.ashx?id=1698667&use=l&cat=p&typeid=i","cat":284697},{"id":9603,"n":"Feuilles simples Esquisse Petits carreaux 21x29.7 200+100","p":2.15,"img":"https://fd13-photos.leclercdrive.fr/image.ashx?id=2131209&use=l&cat=p&typeid=i","cat":284697},{"id":9605,"n":"Ruban adhésif Esquisse super transparent - 25m","p":0.65,"u":"0,03 €/MT","img":"https://fd13-photos.leclercdrive.fr/image.ashx?id=2943217&use=l&cat=p&typeid=i","cat":334133},{"id":9632,"n":"IGP Pays d'Oc rouge Les Ormes De Cambras 12.5% vol - 75cl","p":2.95,"u":"3,93 €/L","img":"https://fd13-photos.leclercdrive.fr/image.ashx?id=2445121&use=l&cat=p&typeid=i","cat":289556},{"id":9634,"n":"Scotch Whisky Baird's 40%vol - 1L","p":15.49,"u":"15,49 €/L","img":"https://fd13-photos.leclercdrive.fr/image.ashx?id=2907168&use=l&cat=p&typeid=i","cat":284547},{"id":9635,"n":"Rhum blanc Charrette 49%vol - 1L","p":16.35,"u":"16,35 €/L","img":"https://fd13-photos.leclercdrive.fr/image.ashx?id=1946417&use=l&cat=p&typeid=i","cat":284550},{"id":9641,"n":"Whisky Ballantine's Finest Blended Scotch 40% vol - 1L","p":20.95,"pp":19.45,"u":"19,45 €/L","img":"https://fd13-photos.leclercdrive.fr/image.ashx?id=2816964&use=l&cat=p&typeid=i","cat":284547},{"id":9660,"n":"Patafix Homedéco 32 pastilles - 1 pièce","p":3.3,"img":"https://fd13-photos.leclercdrive.fr/image.ashx?id=1939612&use=l&cat=p&typeid=i","cat":334133},{"id":9672,"n":"Colle 3en1 Uhu  Classique - 35ml","p":2.49,"u":"71,14 €/L","img":"https://fd13-photos.leclercdrive.fr/image.ashx?id=1658636&use=l&cat=p&typeid=i","cat":334133},{"id":9676,"n":"Bâton de colle Uhu stic 2x8.2g","p":2.57,"u":"160,63 €/KG","img":"https://fd13-photos.leclercdrive.fr/image.ashx?id=2901058&use=l&cat=p&typeid=i","cat":334133},{"id":9678,"n":"Bâton de colle Uhu stic Sonic - 2x21g","p":3.75,"u":"1,88 €/P","img":"https://fd13-photos.leclercdrive.fr/image.ashx?id=2901070&use=l&cat=p&typeid=i","cat":334133},{"id":9689,"n":"Muffin complet Epi d'Or x4 - 250g","p":1.7,"u":"6,80 €/KG","img":"https://fd13-photos.leclercdrive.fr/image.ashx?id=2939058&use=l&cat=p&typeid=i","cat":284985},{"id":9690,"n":"Carré à Langer Mots d'Enfants Jetables x10","p":4.1,"u":"0,41 €/P","img":"https://fd13-photos.leclercdrive.fr/image.ashx?id=3014191&use=l&cat=p&typeid=i","cat":284737},{"id":9692,"n":"Chocolat au lait Equador Coeur Praliné - 150g","p":1.99,"u":"13,27 €/KG","img":"https://fd13-photos.leclercdrive.fr/image.ashx?id=2834293&use=l&cat=p&typeid=i","cat":284497},{"id":9708,"n":"Crème aux oeufs Délisse Vanille - 4x100g","p":1.49,"u":"3,73 €/KG","img":"https://fd13-photos.leclercdrive.fr/image.ashx?id=1956631&use=l&cat=p&typeid=i","cat":284419},{"id":9709,"n":"Mini brownies P'tit Déli Chocolat pépites x8 - 240g","p":1.49,"u":"6,21 €/KG","img":"https://fd13-photos.leclercdrive.fr/image.ashx?id=2540945&use=l&cat=p&typeid=i","cat":294776},{"id":9898,"n":"Culotte absorbante Chorys Taille L - x10","p":6.99,"u":"0,70 €/P","img":"https://fd13-photos.leclercdrive.fr/image.ashx?id=2623004&use=l&cat=p&typeid=i","cat":284628},{"id":9899,"n":"Culotte absorbante Chorys Taille M - Plus - x12","p":7.99,"u":"0,67 €/P","img":"https://fd13-photos.leclercdrive.fr/image.ashx?id=2623001&use=l&cat=p&typeid=i","cat":284628},{"id":9915,"n":"Oignons émincés Notre Jardin 1kg","p":1.5,"u":"1,50 €/KG","img":"https://fd13-photos.leclercdrive.fr/image.ashx?id=2873120&use=l&cat=p&typeid=i","cat":319805},{"id":9917,"n":"Whisky J&B Rare 40%vol - 1L","p":21.5,"pp":18.5,"u":"18,50 €/L","img":"https://fd13-photos.leclercdrive.fr/image.ashx?id=2497638&use=l&cat=p&typeid=i","cat":284547},{"id":9920,"n":"Riz rond blanc de Camargue NRT 500g","p":1.79,"u":"3,58 €/KG","img":"https://fd13-photos.leclercdrive.fr/image.ashx?id=2663839&use=l&cat=p&typeid=i","cat":284428},{"id":9933,"n":"Mouchoirs blancs 4 plis Caresse Mouchoirs papier - 24 étuis","p":2.51,"u":"0,10 €/P","img":"https://fd13-photos.leclercdrive.fr/image.ashx?id=2870017&use=l&cat=p&typeid=i","cat":284638},{"id":9937,"n":"Eau de source de Montagne Bouchon sport - 12x33cl","p":2.92,"u":"0,74 €/L","img":"https://fd13-photos.leclercdrive.fr/image.ashx?id=2909879&use=l&cat=p&typeid=i","cat":284535},{"id":9942,"n":"Chemises élastiques  3 rabats 21x29.7cm- x8+2offerts","p":4.95,"u":"0,50 €/P","img":"https://fd13-photos.leclercdrive.fr/image.ashx?id=1874249&use=l&cat=p&typeid=i","cat":284745},{"id":10063,"n":"Whisky Bourbon Four Roses 40%vol - 1L","p":28.9,"u":"28,90 €/L","img":"https://fd13-photos.leclercdrive.fr/image.ashx?id=2929476&use=l&cat=p&typeid=i","cat":284547},{"id":10069,"n":"Gâteaux moelleux Pépito  Pépites de chocolat - 150g","p":1.21,"u":"8,07 €/KG","img":"https://fd13-photos.leclercdrive.fr/image.ashx?id=2374396&use=l&cat=p&typeid=i","cat":284495},{"id":10073,"n":"Tablette chocolat Bio Village Bio Chocolat au lait - 100g","p":1.89,"u":"18,90 €/KG","img":"https://fd13-photos.leclercdrive.fr/image.ashx?id=2861899&use=l&cat=p&typeid=i","cat":284497},{"id":10074,"n":"Tablette de chocolat Equador Noir et menthe 100g","p":1.18,"u":"11,80 €/KG","img":"https://fd13-photos.leclercdrive.fr/image.ashx?id=2834296&use=l&cat=p&typeid=i","cat":284956},{"id":10076,"n":"Tablette chocolat Equador Noir framboise 100g","p":1.82,"u":"18,20 €/KG","img":"https://fd13-photos.leclercdrive.fr/image.ashx?id=2834290&use=l&cat=p&typeid=i","cat":284956},{"id":10086,"n":"Fondants Autour du Dessert Chocolat x2 - 180g","p":2.24,"u":"12,44 €/KG","img":"https://fd13-photos.leclercdrive.fr/image.ashx?id=1887223&use=l&cat=p&typeid=i","cat":284267},{"id":10091,"n":"Filets maquereaux Pêche Océan Tomate basilic - 169g","p":1.46,"u":"8,64 €/KG","img":"https://fd13-photos.leclercdrive.fr/image.ashx?id=2394657&use=l&cat=p&typeid=i","cat":303868},{"id":10092,"n":"Palets de légumes Notre Jardin Courgettes Carottes - x8 300g","p":1.74,"u":"5,80 €/KG","img":"https://fd13-photos.leclercdrive.fr/image.ashx?id=2878711&use=l&cat=p&typeid=i","cat":319802},{"id":10093,"n":"Palets légumes Notre Jardin Poireaux Carottes - x8 300g","p":2.15,"u":"7,17 €/KG","img":"https://fd13-photos.leclercdrive.fr/image.ashx?id=2878708&use=l&cat=p&typeid=i","cat":319802},{"id":10114,"n":"Essuie-tout Uni Vert Compact Ecologique - x2","p":2.7,"u":"1,35 €/P","img":"https://fd13-photos.leclercdrive.fr/image.ashx?id=2571929&use=l&cat=p&typeid=i","cat":284635},{"id":10154,"n":"Boules pralinées Jacquot Chocolat lait - 1kg","p":9.35,"u":"9,35 €/KG","img":"https://fd13-photos.leclercdrive.fr/image.ashx?id=2303300&use=l&cat=p&typeid=i","cat":327595},{"id":10163,"n":"Palets légumes Notre Jardin Choux-fleurs Brocolis - x8 300g","p":2.05,"u":"6,83 €/KG","img":"https://fd13-photos.leclercdrive.fr/image.ashx?id=2878714&use=l&cat=p&typeid=i","cat":319802},{"id":10192,"n":"Olives Vertes Tramier  Dénoyautées 160g","p":1.87,"u":"11,69 €/KG","img":"https://fd13-photos.leclercdrive.fr/image.ashx?id=2363829&use=l&cat=p&typeid=i","cat":284458},{"id":10211,"n":"Pâtes Nouilles Turini 1kg","p":1.35,"u":"1,35 €/KG","img":"https://fd13-photos.leclercdrive.fr/image.ashx?id=2980761&use=l&cat=p&typeid=i","cat":284427},{"id":10212,"n":"Rubans anti-mouches Insectivor x4","p":0.82,"u":"0,21 €/P","img":"https://fd13-photos.leclercdrive.fr/image.ashx?id=2555077&use=l&cat=p&typeid=i","cat":298368},{"id":10215,"n":"Sauce Basquaise Rustica Aux 2 poivrons - 400g","p":1.29,"u":"3,23 €/KG","img":"https://fd13-photos.leclercdrive.fr/image.ashx?id=2887398&use=l&cat=p&typeid=i","cat":287599},{"id":10216,"n":"Sauce Aigre Douce Rustica Légumes croquants - 400g","p":1.27,"u":"3,18 €/KG","img":"https://fd13-photos.leclercdrive.fr/image.ashx?id=2887401&use=l&cat=p&typeid=i","cat":287599},{"id":10217,"n":"Sauce Curry Rustica Légumes et lait de coco - 400g","p":1.31,"u":"3,28 €/KG","img":"https://fd13-photos.leclercdrive.fr/image.ashx?id=2887404&use=l&cat=p&typeid=i","cat":287599},{"id":10220,"n":"Tampons Doulys Compact Normal - x20","p":2.24,"u":"0,11 €/P","img":"https://fd13-photos.leclercdrive.fr/image.ashx?id=2965464&use=l&cat=p&typeid=i","cat":284626},{"id":10227,"n":"Mini gratins Côté Table Dauphinois - x4 480g","p":3.1,"u":"6,46 €/KG","img":"https://fd13-photos.leclercdrive.fr/image.ashx?id=2627640&use=l&cat=p&typeid=i","cat":319802},{"id":10231,"n":"Confiture Douceur du verger Framboises - Allégée - 340g","p":1.29,"u":"3,79 €/KG","img":"https://fd13-photos.leclercdrive.fr/image.ashx?id=2965473&use=l&cat=p&typeid=i","cat":284480},{"id":10232,"n":"Confiture Douceur du Verger Allégée Pêche 340g","p":1.32,"u":"3,88 €/KG","img":"https://fd13-photos.leclercdrive.fr/image.ashx?id=2965476&use=l&cat=p&typeid=i","cat":284480},{"id":10244,"n":"Thon entier Pêche Océan Naturel - 280g","p":3.69,"u":"13,18 €/KG","img":"https://fd13-photos.leclercdrive.fr/image.ashx?id=2941414&use=l&cat=p&typeid=i","cat":303867},{"id":10305,"n":"Bière blonde Amsterdam Navigator 8.4%vol. - 4x50cl","p":5.2,"u":"2,60 €/L","img":"https://fd13-photos.leclercdrive.fr/image.ashx?id=1865205&use=l&cat=p&typeid=i","cat":334853},{"id":10344,"n":"Petit Beurre Pocket P'ti Déli 3x12 sachets 300g","p":1.68,"u":"5,60 €/KG","img":"https://fd13-photos.leclercdrive.fr/image.ashx?id=1965518&use=l&cat=p&typeid=i","cat":284487},{"id":10346,"n":"Vinaigrette allégée Rustica Balsamique huile d'olive - 50cl","p":2.49,"u":"4,98 €/L","img":"https://fd13-photos.leclercdrive.fr/image.ashx?id=1972913&use=l&cat=p&typeid=i","cat":284456},{"id":10348,"n":"Huile de noix Rustica 50cl","p":4.68,"u":"9,36 €/L","img":"https://fd13-photos.leclercdrive.fr/image.ashx?id=2523703&use=l&cat=p&typeid=i","cat":284453},{"id":10351,"n":"Sacs à couche Mots d'Enfant Parfumés - x50","p":1.6,"u":"0,03 €/P","img":"https://fd13-photos.leclercdrive.fr/image.ashx?id=1886564&use=l&cat=p&typeid=i","cat":284737},{"id":10382,"n":"Choucroute Royale Côté Table 400g","p":1.99,"u":"4,98 €/KG","img":"https://fd13-photos.leclercdrive.fr/image.ashx?id=1936188&use=l&cat=p&typeid=i","cat":284441},{"id":10398,"n":"Biscuit apéritif ancel Bretzels Maxi - 200g","p":0.8,"u":"4,00 €/KG","img":"https://fd13-photos.leclercdrive.fr/image.ashx?id=2991813&use=l&cat=p&typeid=i","cat":297000},{"id":10405,"n":"Steak tartare 5%mg Charal Viande bovine - 250g","p":5.59,"u":"22,36 €/KG","img":"https://fd13-photos.leclercdrive.fr/image.ashx?id=2731741&use=l&cat=p&typeid=i","cat":284332},{"id":10406,"n":"Vinaigre d'alcool doux Melfor Miel et infusion plantes - 1L","p":1.7,"u":"1,70 €/L","img":"https://fd13-photos.leclercdrive.fr/image.ashx?id=2289909&use=l&cat=p&typeid=i","cat":298543},{"id":10408,"n":"Boisson végétale Riz nature Bjorg Bio - 1L","p":2.04,"u":"2,04 €/L","img":"https://fd13-photos.leclercdrive.fr/image.ashx?id=2970915&use=l&cat=p&typeid=i","cat":316067},{"id":10465,"n":"Adoucissant Hyperdou Pure caresse - 3x250ml","p":1.19,"u":"1,59 €/L","img":"https://fd13-photos.leclercdrive.fr/image.ashx?id=2809078&use=l&cat=p&typeid=i","cat":284650},{"id":10526,"n":"Pommes Noisettes McCain 1kg","p":3.16,"u":"3,16 €/KG","img":"https://fd13-photos.leclercdrive.fr/image.ashx?id=2911312&use=l&cat=p&typeid=i","cat":319792},{"id":10527,"n":"Pommes Rissolées McCain  1kg","p":2.71,"u":"2,71 €/KG","img":"https://fd13-photos.leclercdrive.fr/image.ashx?id=2911309&use=l&cat=p&typeid=i","cat":319792},{"id":10559,"n":"Peinture gouache Esquisse Pastilles x12   1 pinceau","p":1.75,"img":"https://fd13-photos.leclercdrive.fr/image.ashx?id=1678667&use=l&cat=p&typeid=i","cat":334133},{"id":10560,"n":"Porte mines Critérium Bic HB 2mm","p":5.55,"img":"https://fd13-photos.leclercdrive.fr/image.ashx?id=2356136&use=l&cat=p&typeid=i","cat":284696},{"id":10578,"n":"Oeufs Matines Poules élevées en plein air x6","p":1.98,"u":"5,69 €/KG","img":"https://fd13-photos.leclercdrive.fr/image.ashx?id=2795743&use=l&cat=p&typeid=i","cat":284378},{"id":10591,"n":"Spray vitrocéramique Clair 500ml","p":3.42,"u":"6,84 €/L","img":"https://fd13-photos.leclercdrive.fr/image.ashx?id=2860073&use=l&cat=p&typeid=i","cat":325363},{"id":10637,"n":"Crème entière Délisse Fluide - 30% MG - 2x25cl","p":2.71,"u":"5,42 €/L","img":"https://fd13-photos.leclercdrive.fr/image.ashx?id=3002560&use=l&cat=p&typeid=i","cat":284381},{"id":10638,"n":"Crème légère fluide UHT Délisse 12%mg - 2x25cl","p":2.36,"u":"4,72 €/L","img":"https://fd13-photos.leclercdrive.fr/image.ashx?id=3002566&use=l&cat=p&typeid=i","cat":284381},{"id":10641,"n":"Yaourts lait entier nature Bio Bio village - 4x125g","p":0.95,"u":"1,90 €/KG","img":"https://fd13-photos.leclercdrive.fr/image.ashx?id=2743831&use=l&cat=p&typeid=i","cat":284409},{"id":10655,"n":"IGP Pays d'Oc rouge Cabernet Sauvignon 12.5% vol - 75cl","p":3.04,"u":"4,05 €/L","img":"https://fd13-photos.leclercdrive.fr/image.ashx?id=2189904&use=l&cat=p&typeid=i","cat":289556},{"id":10672,"n":"Pommes Gala  1kg","p":3.29,"u":"3,29 €/KG","img":"https://fd13-photos.leclercdrive.fr/image.ashx?id=1630945&use=l&cat=p&typeid=i","cat":284356},{"id":10674,"n":"Soda Coca-Cola Bouteille - 6x50cl","p":6.4,"u":"2,13 €/L","img":"https://fd13-photos.leclercdrive.fr/image.ashx?id=2885414&use=l&cat=p&typeid=i","cat":284530},{"id":10682,"n":"Pommes Golden  1kg","p":3.29,"u":"3,29 €/KG","img":"https://fd13-photos.leclercdrive.fr/image.ashx?id=1630948&use=l&cat=p&typeid=i","cat":284356},{"id":10697,"n":"Sardines huile olive Connétable Sans arrêtes 115g","p":2.75,"u":"23,91 €/KG","img":"https://fd13-photos.leclercdrive.fr/image.ashx?id=2139046&use=l&cat=p&typeid=i","cat":305146},{"id":10699,"n":"Sardines de Bretagne Connetable Huile d'olive - 135g","p":2.47,"u":"18,30 €/KG","img":"https://fd13-photos.leclercdrive.fr/image.ashx?id=2677330&use=l&cat=p&typeid=i","cat":305146},{"id":10715,"n":"Cidre brut fermier Le Brun 5.5%vol. - 75cl","p":3.46,"u":"4,61 €/L","img":"https://fd13-photos.leclercdrive.fr/image.ashx?id=1654227&use=l&cat=p&typeid=i","cat":334880},{"id":10720,"n":"Vin mousseux Charles Volner Demi-sec - 11%vol. - 75cl","p":4.6,"u":"6,13 €/L","img":"https://fd13-photos.leclercdrive.fr/image.ashx?id=1592055&use=l&cat=p&typeid=i","cat":284544},{"id":10727,"n":"IGP Pays d'oc blanc Roche Mazet Sauvignon 12% vol - 75 cl","p":3.0,"pp":2.25,"u":"3,00 €/L","img":"https://fd13-photos.leclercdrive.fr/image.ashx?id=2342024&use=l&cat=p&typeid=i","cat":289557},{"id":10728,"n":"Beurre Moulé de Baratte Le Gall Demi-sel - 80% MG - 250g","p":2.95,"u":"11,80 €/KG","img":"https://fd13-photos.leclercdrive.fr/image.ashx?id=2438594&use=l&cat=p&typeid=i","cat":284379},{"id":10729,"n":"Crème fraîche Le Gall Fleurette - 25cl","p":1.55,"u":"6,20 €/L","img":"https://fd13-photos.leclercdrive.fr/image.ashx?id=2534731&use=l&cat=p&typeid=i","cat":284381},{"id":10731,"n":"Saucisses fraîches Hénaff Nature petites x5 - 277g","p":5.12,"u":"18,48 €/KG","img":"https://fd13-photos.leclercdrive.fr/image.ashx?id=2794499&use=l&cat=p&typeid=i","cat":284334},{"id":10738,"n":"Jus de pomme Plein Fruit Sill 1L","p":2.23,"u":"2,23 €/L","img":"https://fd13-photos.leclercdrive.fr/image.ashx?id=2867428&use=l&cat=p&typeid=i","cat":284522},{"id":10747,"n":"Café moulu Coïc Le délicieux - 250g","p":5.95,"u":"23,80 €/KG","img":"https://fd13-photos.leclercdrive.fr/image.ashx?id=2467339&use=l&cat=p&typeid=i","cat":284750},{"id":10748,"n":"Café moulu Coïc Moka d'Ethiopie - 250g","p":5.24,"u":"20,96 €/KG","img":"https://fd13-photos.leclercdrive.fr/image.ashx?id=2467345&use=l&cat=p&typeid=i","cat":284750},{"id":10749,"n":"Café moulu Coïc Caraïbes - 250g","p":4.32,"u":"17,28 €/KG","img":"https://fd13-photos.leclercdrive.fr/image.ashx?id=2467348&use=l&cat=p&typeid=i","cat":284750},{"id":10750,"n":"Eau de source Mont d'Arrée 6x1.5L","p":1.67,"u":"0,19 €/L","img":"https://fd13-photos.leclercdrive.fr/image.ashx?id=2979854&use=l&cat=p&typeid=i","cat":284535},{"id":10751,"n":"Eau de source montagne Arrée 5L","p":0.8,"u":"0,16 €/L","img":"https://fd13-photos.leclercdrive.fr/image.ashx?id=2979857&use=l&cat=p&typeid=i","cat":284535},{"id":10752,"n":"Crêpes de froment Le Masson Fraîches faites mains x12 500g","p":5.17,"u":"10,34 €/KG","img":"https://fd13-photos.leclercdrive.fr/image.ashx?id=2180151&use=l&cat=p&typeid=i","cat":284494},{"id":10753,"n":"Mousse au chocolat Marie Morin A l'ancienne - 100g","p":1.87,"u":"18,70 €/KG","img":"https://fd13-photos.leclercdrive.fr/image.ashx?id=2631684&use=l&cat=p&typeid=i","cat":284417},{"id":10759,"n":"Soda Breizh Cola Bouteille - 6x33cl","p":3.93,"u":"1,98 €/L","img":"https://fd13-photos.leclercdrive.fr/image.ashx?id=1564531&use=l&cat=p&typeid=i","cat":284530},{"id":10760,"n":"Soda Breizh Cola sans sucre Bouteille - 1,5L","p":1.42,"u":"0,95 €/L","img":"https://fd13-photos.leclercdrive.fr/image.ashx?id=2458667&use=l&cat=p&typeid=i","cat":284530},{"id":10766,"n":"Pain d'épices P'tit Déli 350g","p":1.8,"u":"5,14 €/KG","img":"https://fd13-photos.leclercdrive.fr/image.ashx?id=1938852&use=l&cat=p&typeid=i","cat":284493},{"id":10767,"n":"Riz cantonais Comptoir du Grain Express 2 min - 250g","p":1.19,"u":"4,76 €/KG","img":"https://fd13-photos.leclercdrive.fr/image.ashx?id=2441198&use=l&cat=p&typeid=i","cat":287600},{"id":10781,"n":"Chair de tomate Notre Jardin Nature - 400g","p":1.99,"u":"4,98 €/KG","img":"https://fd13-photos.leclercdrive.fr/image.ashx?id=2590436&use=l&cat=p&typeid=i","cat":312608},{"id":10785,"n":"Mogette cuisinée NRT De Vendée - 820g","p":3.15,"u":"3,84 €/KG","img":"https://fd13-photos.leclercdrive.fr/image.ashx?id=2771384&use=l&cat=p&typeid=i","cat":312606},{"id":10787,"n":"Huile de colza Bio Village Bio - 75cl","p":3.79,"u":"5,05 €/L","img":"https://fd13-photos.leclercdrive.fr/image.ashx?id=2989715&use=l&cat=p&typeid=i","cat":284453},{"id":10788,"n":"Moutarde de Dijon Bio Village Bio - 200g","p":1.54,"u":"7,70 €/KG","img":"https://fd13-photos.leclercdrive.fr/image.ashx?id=2607954&use=l&cat=p&typeid=i","cat":288850},{"id":10795,"n":"Moutarde de Dijon NRT À l'ancienne - 200g","p":1.39,"u":"6,95 €/KG","img":"https://fd13-photos.leclercdrive.fr/image.ashx?id=2644921&use=l&cat=p&typeid=i","cat":288850},{"id":10796,"n":"Terrine Côté Table Sanglier cognac - 180g","p":2.99,"u":"16,61 €/KG","img":"https://fd13-photos.leclercdrive.fr/image.ashx?id=2519423&use=l&cat=p&typeid=i","cat":305149},{"id":10919,"n":"Crème dessert La Laitière Pot de crème choco noir- 4x100g","p":2.35,"u":"5,88 €/KG","img":"https://fd13-photos.leclercdrive.fr/image.ashx?id=2224049&use=l&cat=p&typeid=i","cat":285041},{"id":10927,"n":"Noix de cajou grilées Eco+ Salées - 125g","p":1.34,"u":"10,72 €/KG","img":"https://fd13-photos.leclercdrive.fr/image.ashx?id=2839815&use=l&cat=p&typeid=i","cat":284448},{"id":10928,"n":"Mélange Eco+ Graines et raisin - 200g","p":1.45,"u":"7,25 €/KG","img":"https://fd13-photos.leclercdrive.fr/image.ashx?id=2780713&use=l&cat=p&typeid=i","cat":284448},{"id":10930,"n":"Chocolat pâtissier Eco+ Spécial dessert 200g","p":1.59,"u":"7,95 €/KG","img":"https://fd13-photos.leclercdrive.fr/image.ashx?id=2498925&use=l&cat=p&typeid=i","cat":285562},{"id":10932,"n":"Sauce tomate cuisinée Eco+ 420g","p":0.8,"u":"1,90 €/KG","img":"https://fd13-photos.leclercdrive.fr/image.ashx?id=2739715&use=l&cat=p&typeid=i","cat":288384},{"id":10933,"n":"Huile olive Eco+ Extra vierge - 1L","p":6.71,"u":"6,71 €/L","img":"https://fd13-photos.leclercdrive.fr/image.ashx?id=2699547&use=l&cat=p&typeid=i","cat":284453},{"id":10938,"n":"Barquette chien Eco+ Au boeuf - 300g","p":0.52,"u":"1,73 €/KG","img":"https://fd13-photos.leclercdrive.fr/image.ashx?id=2957545&use=l&cat=p&typeid=i","cat":284673},{"id":10955,"n":"Blocs WC Eco+ Eau bleue - x2","p":0.67,"u":"0,34 €/P","img":"https://fd13-photos.leclercdrive.fr/image.ashx?id=2856115&use=l&cat=p&typeid=i","cat":284662},{"id":10956,"n":"Pain de campagne tranché   400g","p":1.75,"u":"4,38 €/KG","img":"https://fd13-photos.leclercdrive.fr/image.ashx?id=2062918&use=l&cat=p&typeid=i","cat":284359},{"id":10966,"n":"Crêpes froment Maison Le Coent Fraîches fait mains x12 - 360g","p":4.39,"u":"12,19 €/KG","img":"https://fd13-photos.leclercdrive.fr/image.ashx?id=2180103&use=l&cat=p&typeid=i","cat":284494},{"id":10967,"n":"Jus d'orange Andros Oranges pressées - 1L","p":2.54,"u":"2,54 €/L","img":"https://fd13-photos.leclercdrive.fr/image.ashx?id=2882632&use=l&cat=p&typeid=i","cat":285435},{"id":10968,"n":"Jus d'ananas Andros Ananas pressés - 1L","p":3.28,"u":"3,28 €/L","img":"https://fd13-photos.leclercdrive.fr/image.ashx?id=2292203&use=l&cat=p&typeid=i","cat":285435},{"id":10970,"n":"Jus de clémentines Andros  Clémentines Pressées - 1L","p":2.43,"u":"2,43 €/L","img":"https://fd13-photos.leclercdrive.fr/image.ashx?id=2882647&use=l&cat=p&typeid=i","cat":285435},{"id":10971,"n":"Jus de pommes pressées Andros 1L","p":2.48,"u":"2,48 €/L","img":"https://fd13-photos.leclercdrive.fr/image.ashx?id=2882644&use=l&cat=p&typeid=i","cat":285435},{"id":10994,"n":"Gâteaux P'tit Déli Pépites de chocolat 10x30g","p":1.89,"u":"6,30 €/KG","img":"https://fd13-photos.leclercdrive.fr/image.ashx?id=1947354&use=l&cat=p&typeid=i","cat":284495},{"id":11002,"n":"AOC Champagne brut blanc  Grande cuvée Pol Carson - 75cl","p":22.25,"u":"29,67 €/L","img":"https://fd13-photos.leclercdrive.fr/image.ashx?id=2995887&use=l&cat=p&typeid=i","cat":284542},{"id":11003,"n":"Compote Douceur du Verger Coupelle pomme poire - 4x100g","p":1.36,"u":"3,40 €/KG","img":"https://fd13-photos.leclercdrive.fr/image.ashx?id=2663485&use=l&cat=p&typeid=i","cat":284508},{"id":11007,"n":"Barquettes chats Tous mes amis Les Menus 4 variétés - 8x100g","p":4.49,"u":"5,61 €/KG","img":"https://fd13-photos.leclercdrive.fr/image.ashx?id=2050645&use=l&cat=p&typeid=i","cat":285286},{"id":11024,"n":"Mayonnaise Rustica A la moutarde de Dijon - 175g","p":0.66,"u":"3,77 €/KG","img":"https://fd13-photos.leclercdrive.fr/image.ashx?id=980107&use=l&cat=p&typeid=i","cat":298295},{"id":11033,"n":"Compote Douceur du Verger Gourdes pomme - 4x90g","p":0.99,"u":"2,75 €/KG","img":"https://fd13-photos.leclercdrive.fr/image.ashx?id=2837042&use=l&cat=p&typeid=i","cat":284508},{"id":11034,"n":"Terrine de campagne Côté Table Porc confit - 2x180g","p":2.49,"u":"6,92 €/KG","img":"https://fd13-photos.leclercdrive.fr/image.ashx?id=2519426&use=l&cat=p&typeid=i","cat":305149},{"id":11037,"n":"Sauce tomate Italienne Zapetti - 3x190g","p":3.18,"u":"5,58 €/KG","img":"https://fd13-photos.leclercdrive.fr/image.ashx?id=2579975&use=l&cat=p&typeid=i","cat":288384},{"id":11046,"n":"Duo de riz Camargue Bio village Bio  - 500g","p":3.9,"u":"7,80 €/KG","img":"https://fd13-photos.leclercdrive.fr/image.ashx?id=2477008&use=l&cat=p&typeid=i","cat":284428},{"id":11070,"n":"Soupe instantanée Royco  Oignons & Croûtons - 4x200ml","p":1.44,"u":"18,00 €/KG","img":"https://fd13-photos.leclercdrive.fr/image.ashx?id=2650985&use=l&cat=p&typeid=i","cat":293527},{"id":11079,"n":"Brioches fourrées Epi d'Or Chocolat x8 - 310g","p":1.65,"u":"5,32 €/KG","img":"https://fd13-photos.leclercdrive.fr/image.ashx?id=2860730&use=l&cat=p&typeid=i","cat":293505},{"id":11093,"n":"Céréales Spécial K Kellogg's Chocolat noir - 300g","p":2.76,"u":"9,20 €/KG","img":"https://fd13-photos.leclercdrive.fr/image.ashx?id=2583912&use=l&cat=p&typeid=i","cat":309512},{"id":11143,"n":"Beurre de Baratte Le Gall Demi-sel - 80% MG - 500g","p":5.91,"u":"11,82 €/KG","img":"https://fd13-photos.leclercdrive.fr/image.ashx?id=2380994&use=l&cat=p&typeid=i","cat":284379},{"id":11175,"n":"Plat bébé soir Blédiner 8 mois Risotto courgette - 2x200g","p":2.26,"u":"5,65 €/KG","img":"https://fd13-photos.leclercdrive.fr/image.ashx?id=2921043&use=l&cat=p&typeid=i","cat":312239},{"id":11176,"n":"Lait céréales bébé Blédiner 6m Courgette soir - 2x250ml","p":1.81,"u":"3,62 €/L","img":"https://fd13-photos.leclercdrive.fr/image.ashx?id=2960147&use=l&cat=p&typeid=i","cat":312239},{"id":11178,"n":"Plat bébé soir Blédiner 12 mois Pâtes tomate courgette - 2x200g","p":2.3,"u":"5,75 €/KG","img":"https://fd13-photos.leclercdrive.fr/image.ashx?id=2902966&use=l&cat=p&typeid=i","cat":312239},{"id":11225,"n":"AOP Blaye Côtes de Bordeaux vin rouge Chantet Blanet - BIB 3L","p":11.99,"u":"4,00 €/L","img":"https://fd13-photos.leclercdrive.fr/image.ashx?id=2231196&use=l&cat=p&typeid=i","cat":289560},{"id":11238,"n":"Confiture artisanale Abricots - 400g","p":3.74,"u":"9,35 €/KG","img":"https://fd13-photos.leclercdrive.fr/image.ashx?id=2849025&use=l&cat=p&typeid=i","cat":284480},{"id":11292,"n":"AOC Clairette de Die Jaillance Esprit de terroirTradition 75cl","p":5.95,"u":"7,93 €/L","img":"https://fd13-photos.leclercdrive.fr/image.ashx?id=2453499&use=l&cat=p&typeid=i","cat":284545},{"id":11308,"n":"Couscous Tipiak - Grain moyen Prêt en 4 min - 1kg","p":1.82,"u":"1,82 €/KG","img":"https://fd13-photos.leclercdrive.fr/image.ashx?id=2947826&use=l&cat=p&typeid=i","cat":284429},{"id":11309,"n":"Fromage de Brebis Le Brebiou  Des Pyrénées - 180g","p":2.94,"u":"16,33 €/KG","img":"https://fd13-photos.leclercdrive.fr/image.ashx?id=2472855&use=l&cat=p&typeid=i","cat":314031},{"id":11311,"n":"AOP Crème Fraîche Isigny Sainte Mère 40%mg - 40cl","p":3.33,"u":"8,33 €/L","img":"https://fd13-photos.leclercdrive.fr/image.ashx?id=2575225&use=l&cat=p&typeid=i","cat":284381},{"id":11365,"n":"Crème aux oeufs La Laitière Vanille - 4x100g","p":1.77,"u":"4,43 €/KG","img":"https://fd13-photos.leclercdrive.fr/image.ashx?id=3007987&use=l&cat=p&typeid=i","cat":284419},{"id":11367,"n":"Yaourt à la grecque YAOS Nature - 4x150g","p":2.1,"u":"3,50 €/KG","img":"https://fd13-photos.leclercdrive.fr/image.ashx?id=2365006&use=l&cat=p&typeid=i","cat":314999},{"id":11391,"n":"Crème caramel Bonne Maman Aux oeufs frais - 4x100g","p":2.13,"u":"5,33 €/KG","img":"https://fd13-photos.leclercdrive.fr/image.ashx?id=1987563&use=l&cat=p&typeid=i","cat":284419},{"id":11399,"n":"Beurre ovale Le Marin 82% MG - 250g","p":3.23,"u":"12,92 €/KG","img":"https://fd13-photos.leclercdrive.fr/image.ashx?id=2896949&use=l&cat=p&typeid=i","cat":284379},{"id":11454,"n":"Pasta box Sodebo Tortellini Jambon - 280g","p":3.03,"u":"10,82 €/KG","img":"https://fd13-photos.leclercdrive.fr/image.ashx?id=2362630&use=l&cat=p&typeid=i","cat":334983},{"id":11455,"n":"Pasta Box Sodebo Tortellini Ricotta Épinards - 280g","p":2.69,"u":"9,61 €/KG","img":"https://fd13-photos.leclercdrive.fr/image.ashx?id=2919778&use=l&cat=p&typeid=i","cat":334983},{"id":11464,"n":"Pointe de brie Président Crémeux - 200g","p":1.99,"u":"9,95 €/KG","img":"https://fd13-photos.leclercdrive.fr/image.ashx?id=2029841&use=l&cat=p&typeid=i","cat":314033},{"id":11465,"n":"Beurre La Motte Président Demi-sel - 80%MG - 250g","p":3.19,"u":"12,76 €/KG","img":"https://fd13-photos.leclercdrive.fr/image.ashx?id=2896970&use=l&cat=p&typeid=i","cat":284379},{"id":11481,"n":"Salade Coleslaw Pierre Martinet Chou et carottes rapées - 500g","p":1.79,"u":"3,58 €/KG","img":"https://fd13-photos.leclercdrive.fr/image.ashx?id=2733076&use=l&cat=p&typeid=i","cat":333657},{"id":11490,"n":"Taboulé Pierre Martinet 5 légumes - 500g","p":2.67,"u":"5,34 €/KG","img":"https://fd13-photos.leclercdrive.fr/image.ashx?id=2877901&use=l&cat=p&typeid=i","cat":333657},{"id":11498,"n":"Lait Bio écrémé Lactel UHT Bouteille - 6x1l","p":9.09,"u":"1,52 €/L","img":"https://fd13-photos.leclercdrive.fr/image.ashx?id=2890986&use=l&cat=p&typeid=i","cat":284949},{"id":11499,"n":"Lait Bio entier Lactel UHT Bouteille - 6x1l","p":11.1,"u":"1,85 €/L","img":"https://fd13-photos.leclercdrive.fr/image.ashx?id=2892775&use=l&cat=p&typeid=i","cat":285610},{"id":11501,"n":"Yaourts Mamie Nova Cerise griotte - 2x150g","p":1.27,"u":"4,23 €/KG","img":"https://fd13-photos.leclercdrive.fr/image.ashx?id=2912245&use=l&cat=p&typeid=i","cat":284410},{"id":11503,"n":"Crème gourmande Mamie Nova Vanille bourbon 2x150g","p":1.72,"u":"5,73 €/KG","img":"https://fd13-photos.leclercdrive.fr/image.ashx?id=2909017&use=l&cat=p&typeid=i","cat":285041},{"id":11507,"n":"Yaourts Mamie Nova Noix de coco - 2x150g","p":1.38,"u":"4,60 €/KG","img":"https://fd13-photos.leclercdrive.fr/image.ashx?id=2888488&use=l&cat=p&typeid=i","cat":284410},{"id":11508,"n":"Lait céréales Blédidej 6 mois Biscuit  - 4x250ml","p":3.51,"u":"3,51 €/L","img":"https://fd13-photos.leclercdrive.fr/image.ashx?id=2921040&use=l&cat=p&typeid=i","cat":312226},{"id":11509,"n":"Feuille de brick Tablier Blanc 8 feuilles - 136g","p":0.77,"u":"5,66 €/KG","img":"https://fd13-photos.leclercdrive.fr/image.ashx?id=1938558&use=l&cat=p&typeid=i","cat":333681},{"id":11516,"n":"Mi-bas voile résistant Tissaia Beige foncé taille unique - x3","p":2.7,"u":"0,90 €/P","img":"https://fd13-photos.leclercdrive.fr/image.ashx?id=2193347&use=l&cat=p&typeid=i","cat":334130},{"id":11517,"n":"Mi-bas mousse Tissaia Beige moyen taille unique - x3","p":1.95,"u":"0,65 €/P","img":"https://fd13-photos.leclercdrive.fr/image.ashx?id=2193323&use=l&cat=p&typeid=i","cat":334130},{"id":11520,"n":"Mi-bas mousse lycra Tissaia Gris moyen taille unique - x3","p":2.5,"u":"0,83 €/P","img":"https://fd13-photos.leclercdrive.fr/image.ashx?id=2193332&use=l&cat=p&typeid=i","cat":334130},{"id":11522,"n":"Socquettes mousse Tissaia Elasthanne beige moyen TU - x3","p":1.85,"u":"0,62 €/P","img":"https://fd13-photos.leclercdrive.fr/image.ashx?id=2660498&use=l&cat=p&typeid=i","cat":334130},{"id":11523,"n":"Socquettes voile Tissaia Résistant Noir Taille Unique-x3","p":2.95,"u":"0,98 €/P","img":"https://fd13-photos.leclercdrive.fr/image.ashx?id=2193362&use=l&cat=p&typeid=i","cat":334130},{"id":11524,"n":"Socquettes voile Tissaia Résistant beige moyen TU - x3","p":2.95,"u":"0,98 €/P","img":"https://fd13-photos.leclercdrive.fr/image.ashx?id=2193365&use=l&cat=p&typeid=i","cat":334130},{"id":11527,"n":"Essuie-tout blanc Mimosa Super absorbant - x6","p":3.7,"u":"0,62 €/P","img":"https://fd13-photos.leclercdrive.fr/image.ashx?id=2401882&use=l&cat=p&typeid=i","cat":284635},{"id":11558,"n":"Vin du Maroc Boulaouane rosé  Cinsault grenache gris 12% 75cl","p":3.43,"u":"4,57 €/L","img":"https://fd13-photos.leclercdrive.fr/image.ashx?id=2179362&use=l&cat=p&typeid=i","cat":289558},{"id":11561,"n":"Boisson sans alcool D'Artigny Classic - 75cl","p":3.28,"u":"4,37 €/L","img":"https://fd13-photos.leclercdrive.fr/image.ashx?id=2804430&use=l&cat=p&typeid=i","cat":289460},{"id":11562,"n":"Boisson sans alcool D'Artigny Pêche - 75cl","p":3.31,"u":"4,41 €/L","img":"https://fd13-photos.leclercdrive.fr/image.ashx?id=2854393&use=l&cat=p&typeid=i","cat":289460},{"id":11587,"n":"Papier toilette Mimosa Rose - Ultra doux - x12","p":2.91,"u":"0,24 €/P","img":"https://fd13-photos.leclercdrive.fr/image.ashx?id=2448303&use=l&cat=p&typeid=i","cat":284634},{"id":11611,"n":"Avocats mûrs à point  Panier du Primeur x2","p":2.99,"u":"1,50 €/P","img":"https://fd13-photos.leclercdrive.fr/image.ashx?id=2313373&use=l&cat=p&typeid=i","cat":284352},{"id":11633,"n":"Collant Well Elastivoile Satiné ibiza T1","p":4.9,"img":"https://fd13-photos.leclercdrive.fr/image.ashx?id=2056377&use=l&cat=p&typeid=i","cat":334130},{"id":11635,"n":"Collant Well Elastivoile Satiné ibiza T2","p":4.9,"img":"https://fd13-photos.leclercdrive.fr/image.ashx?id=2056380&use=l&cat=p&typeid=i","cat":334130},{"id":11643,"n":"Mi-bas Well Actiwell Circulation noir T39/41 x1","p":3.7,"img":"https://fd13-photos.leclercdrive.fr/image.ashx?id=2587539&use=l&cat=p&typeid=i","cat":334130},{"id":11645,"n":"Mi-bas Well Actiwell Circulation ibiza T36/38 x1","p":3.7,"img":"https://fd13-photos.leclercdrive.fr/image.ashx?id=2056413&use=l&cat=p&typeid=i","cat":334130},{"id":11646,"n":"Mi-bas Well Actiwell Circulation noir T36/38 x1","p":3.7,"img":"https://fd13-photos.leclercdrive.fr/image.ashx?id=2587542&use=l&cat=p&typeid=i","cat":334130},{"id":11647,"n":"Collant voile Well Body Galbe Noir - T1","p":5.9,"img":"https://fd13-photos.leclercdrive.fr/image.ashx?id=589096&use=l&cat=p&typeid=i","cat":334130},{"id":11649,"n":"Collant voile Well Body Galbe Noir - T3","p":5.9,"img":"https://fd13-photos.leclercdrive.fr/image.ashx?id=589104&use=l&cat=p&typeid=i","cat":334130},{"id":11667,"n":"Collant voile Tissaia Résistant beige foncé T2 - x2","p":3.25,"u":"1,63 €/P","img":"https://fd13-photos.leclercdrive.fr/image.ashx?id=2193051&use=l&cat=p&typeid=i","cat":334130},{"id":11671,"n":"Collant voile Tissaia Résistant beige foncé T3 - x2","p":3.25,"u":"1,63 €/P","img":"https://fd13-photos.leclercdrive.fr/image.ashx?id=2193057&use=l&cat=p&typeid=i","cat":334130},{"id":11675,"n":"Collant voile Tissaia Résistant beige foncé T4 - x2","p":3.25,"u":"1,63 €/P","img":"https://fd13-photos.leclercdrive.fr/image.ashx?id=2193063&use=l&cat=p&typeid=i","cat":334130},{"id":11679,"n":"Collant voile Tissaia Résistant beige foncé T5 - x2","p":3.25,"u":"1,63 €/P","img":"https://fd13-photos.leclercdrive.fr/image.ashx?id=2193069&use=l&cat=p&typeid=i","cat":334130},{"id":11684,"n":"Collants Well Elastivoile Résistant noir T3","p":3.95,"img":"https://fd13-photos.leclercdrive.fr/image.ashx?id=2056545&use=l&cat=p&typeid=i","cat":334130},{"id":11689,"n":"Collant mousse Tissaia Confort beige moyen T2 - x2","p":1.95,"u":"0,98 €/P","img":"https://fd13-photos.leclercdrive.fr/image.ashx?id=2193084&use=l&cat=p&typeid=i","cat":334130},{"id":11690,"n":"Collant mousse Tissaia Confort beige moyen T3 - x2","p":1.95,"u":"0,98 €/P","img":"https://fd13-photos.leclercdrive.fr/image.ashx?id=2193087&use=l&cat=p&typeid=i","cat":334130},{"id":11692,"n":"Collant mousse Tissaia Confort beige moyen T4 - x2","p":1.95,"u":"0,98 €/P","img":"https://fd13-photos.leclercdrive.fr/image.ashx?id=2193090&use=l&cat=p&typeid=i","cat":334130},{"id":11695,"n":"Collant mousse Tissaia Elasthanne Gris moyen T2 - x2","p":2.6,"u":"1,30 €/P","img":"https://fd13-photos.leclercdrive.fr/image.ashx?id=2193108&use=l&cat=p&typeid=i","cat":334130},{"id":11696,"n":"Collant mousse Tissaia Elasthanne Gris moyen T3 - x2","p":2.6,"u":"1,30 €/P","img":"https://fd13-photos.leclercdrive.fr/image.ashx?id=2193263&use=l&cat=p&typeid=i","cat":334130},{"id":11697,"n":"Collant mousse Tissaia Elasthanne Gris moyen T4 - x2","p":2.6,"u":"1,30 €/P","img":"https://fd13-photos.leclercdrive.fr/image.ashx?id=2193275&use=l&cat=p&typeid=i","cat":334130},{"id":11736,"n":"Mi-bas opaque Tissaia Noir taille unique - x2","p":3.95,"u":"1,98 €/P","img":"https://fd13-photos.leclercdrive.fr/image.ashx?id=2193317&use=l&cat=p&typeid=i","cat":334130},{"id":11741,"n":"Mi-bas mousse lycra Tissaia Beige foncé taille unique - x3","p":2.5,"u":"0,83 €/P","img":"https://fd13-photos.leclercdrive.fr/image.ashx?id=1513870&use=l&cat=p&typeid=i","cat":334130},{"id":11745,"n":"Mi-bas voile résistant Tissaia Gris moyen taille unique - x3","p":2.7,"u":"0,90 €/P","img":"https://fd13-photos.leclercdrive.fr/image.ashx?id=2193350&use=l&cat=p&typeid=i","cat":334130},{"id":11795,"n":"Confiture Andros Fraises - 1kg","p":3.49,"u":"3,49 €/KG","img":"https://fd13-photos.leclercdrive.fr/image.ashx?id=2946892&use=l&cat=p&typeid=i","cat":284480},{"id":11804,"n":"Collant voile Well Body Galbe Noir - T2","p":5.9,"img":"https://fd13-photos.leclercdrive.fr/image.ashx?id=589530&use=l&cat=p&typeid=i","cat":334130},{"id":11805,"n":"Collant voile Well Body Galbe Noir - T4","p":5.9,"img":"https://fd13-photos.leclercdrive.fr/image.ashx?id=589532&use=l&cat=p&typeid=i","cat":334130},{"id":11810,"n":"Collant Well Elastivoile Résistant noir T4","p":3.95,"img":"https://fd13-photos.leclercdrive.fr/image.ashx?id=2056374&use=l&cat=p&typeid=i","cat":334130},{"id":11878,"n":"AOC Bordeaux vin rouge Chantet Blanet - BIB 3L","p":9.99,"u":"3,33 €/L","img":"https://fd13-photos.leclercdrive.fr/image.ashx?id=2646752&use=l&cat=p&typeid=i","cat":289560},{"id":11879,"n":"AOC Côtes du Rhône vin rouge Grégoire XI - BIB 3L","p":9.99,"u":"3,33 €/L","img":"https://fd13-photos.leclercdrive.fr/image.ashx?id=2920169&use=l&cat=p&typeid=i","cat":289560},{"id":11880,"n":"AOC Vouvray brut Les Caractères - 75cl","p":5.99,"u":"7,99 €/L","img":"https://fd13-photos.leclercdrive.fr/image.ashx?id=2677035&use=l&cat=p&typeid=i","cat":284544},{"id":11881,"n":"AOP Vouvray demi-sec Les Caractères - 75cl","p":5.63,"u":"7,51 €/L","img":"https://fd13-photos.leclercdrive.fr/image.ashx?id=2308701&use=l&cat=p&typeid=i","cat":284544},{"id":11882,"n":"AOC Bordeaux vin rosé Chantet Blanet - BIB 3L","p":11.49,"u":"3,83 €/L","img":"https://fd13-photos.leclercdrive.fr/image.ashx?id=2913663&use=l&cat=p&typeid=i","cat":289560},{"id":11885,"n":"Fruits au sirop St Mamet Cocktail avec son jus - 3x125g","p":3.75,"u":"10,00 €/KG","img":"https://fd13-photos.leclercdrive.fr/image.ashx?id=2628440&use=l&cat=p&typeid=i","cat":284507},{"id":11886,"n":"IGP Pays d'Oc Gris vin rosé Rives & Terrasses 12.5% BIB 3L","p":8.49,"u":"2,83 €/L","img":"https://fd13-photos.leclercdrive.fr/image.ashx?id=2909383&use=l&cat=p&typeid=i","cat":289560},{"id":11888,"n":"AOC Crémant d'Alsace brut rosé Rebmann - 75 cl","p":5.95,"u":"7,93 €/L","img":"https://fd13-photos.leclercdrive.fr/image.ashx?id=2388095&use=l&cat=p&typeid=i","cat":284545},{"id":11895,"n":"AOC Côtes du Rhône vin rouge Grégoire XI - BIB 5L","p":16.49,"u":"3,30 €/L","img":"https://fd13-photos.leclercdrive.fr/image.ashx?id=2655277&use=l&cat=p&typeid=i","cat":289560},{"id":11900,"n":"Arôme naturel de vanille Vahiné 20ml","p":2.41,"u":"120,50 €/L","img":"https://fd13-photos.leclercdrive.fr/image.ashx?id=2559766&use=l&cat=p&typeid=i","cat":284504},{"id":11902,"n":"Arôme amande amère Vahiné 20ml","p":1.2,"u":"60,00 €/L","img":"https://fd13-photos.leclercdrive.fr/image.ashx?id=2559769&use=l&cat=p&typeid=i","cat":284504},{"id":11903,"n":"Arôme naturel de citron Vahiné 20ml","p":1.25,"u":"62,50 €/L","img":"https://fd13-photos.leclercdrive.fr/image.ashx?id=2559772&use=l&cat=p&typeid=i","cat":284504},{"id":11906,"n":"Nappage caramel Vahiné 700g","p":3.76,"u":"5,37 €/KG","img":"https://fd13-photos.leclercdrive.fr/image.ashx?id=2983234&use=l&cat=p&typeid=i","cat":284504},{"id":11908,"n":"Perles multicolores Vahiné 80g","p":1.64,"u":"20,50 €/KG","img":"https://fd13-photos.leclercdrive.fr/image.ashx?id=2524308&use=l&cat=p&typeid=i","cat":284504},{"id":11910,"n":"Colorant alimentaire Vahiné Assortiment x3","p":1.75,"u":"0,58 €/P","img":"https://fd13-photos.leclercdrive.fr/image.ashx?id=2939352&use=l&cat=p&typeid=i","cat":284504},{"id":11917,"n":"Crayon pâtissier Vahiné x1","p":1.73,"img":"https://fd13-photos.leclercdrive.fr/image.ashx?id=2983240&use=l&cat=p&typeid=i","cat":284504},{"id":11923,"n":"Glaçage au chocolat Vahiné 120g","p":2.51,"u":"20,92 €/KG","img":"https://fd13-photos.leclercdrive.fr/image.ashx?id=1888620&use=l&cat=p&typeid=i","cat":284504},{"id":12000,"n":"Couscous Comptoir du Grain Grain moyen - 5x100g","p":0.84,"u":"1,68 €/KG","img":"https://fd13-photos.leclercdrive.fr/image.ashx?id=3012815&use=l&cat=p&typeid=i","cat":284429},{"id":12015,"n":"Riz long Vivien Paille Bomba perliz cello 1kg","p":2.91,"u":"2,91 €/KG","img":"https://fd13-photos.leclercdrive.fr/image.ashx?id=2284085&use=l&cat=p&typeid=i","cat":284428},{"id":12017,"n":"Riz rond Vivien Paille dessert Perliz cello - 1kg","p":2.29,"u":"2,29 €/KG","img":"https://fd13-photos.leclercdrive.fr/image.ashx?id=2284082&use=l&cat=p&typeid=i","cat":284428},{"id":12023,"n":"Préparation brioche Mon Fournil Levure boulangère 1kg","p":2.17,"u":"2,17 €/KG","img":"https://fd13-photos.leclercdrive.fr/image.ashx?id=2378036&use=l&cat=p&typeid=i","cat":284506},{"id":12063,"n":"Rasoirs jetables Bic sensitive 3 lames - x12","p":4.25,"u":"0,35 €/P","img":"https://fd13-photos.leclercdrive.fr/image.ashx?id=2768502&use=l&cat=p&typeid=i","cat":284616},{"id":12078,"n":"Pâte à tartiner Nustikao 400g","p":1.83,"u":"4,58 €/KG","img":"https://fd13-photos.leclercdrive.fr/image.ashx?id=2856411&use=l&cat=p&typeid=i","cat":284481},{"id":12102,"n":"Roquette Notre Jardin  - 125g","p":1.42,"u":"11,36 €/KG","img":"https://fd13-photos.leclercdrive.fr/image.ashx?id=2720157&use=l&cat=p&typeid=i","cat":284353},{"id":12109,"n":"Purée de piments Suzi Wan 100g","p":1.48,"u":"14,80 €/KG","img":"https://fd13-photos.leclercdrive.fr/image.ashx?id=2892565&use=l&cat=p&typeid=i","cat":288992},{"id":12116,"n":"Sauce aigre douce Suzi Wan 400g","p":1.35,"u":"3,38 €/KG","img":"https://fd13-photos.leclercdrive.fr/image.ashx?id=2024300&use=l&cat=p&typeid=i","cat":288992},{"id":12122,"n":"Vermicelles de riz Suzi Wan 250g","p":1.88,"u":"7,52 €/KG","img":"https://fd13-photos.leclercdrive.fr/image.ashx?id=3002183&use=l&cat=p&typeid=i","cat":288992},{"id":12129,"n":"Vermicelles soja Suzi Wan 100g","p":1.9,"u":"19,00 €/KG","img":"https://fd13-photos.leclercdrive.fr/image.ashx?id=2886259&use=l&cat=p&typeid=i","cat":288992},{"id":12131,"n":"Crème coco Suzi Wan 200ml","p":1.29,"u":"6,45 €/L","img":"https://fd13-photos.leclercdrive.fr/image.ashx?id=2886250&use=l&cat=p&typeid=i","cat":288992},{"id":12152,"n":"Oeufs frais Bio Matines Plein Air - x6","p":2.63,"u":"0,44 €/P","img":"https://fd13-photos.leclercdrive.fr/image.ashx?id=2432307&use=l&cat=p&typeid=i","cat":284378},{"id":12218,"n":"AOC Tursan rouge Secret d'Eugénie - 75cl","p":4.3,"u":"5,73 €/L","img":"https://fd13-photos.leclercdrive.fr/image.ashx?id=2732845&use=l&cat=p&typeid=i","cat":289556},{"id":12233,"n":"Jus ananas Pago 75cl","p":1.8,"u":"2,40 €/L","img":"https://fd13-photos.leclercdrive.fr/image.ashx?id=2985702&use=l&cat=p&typeid=i","cat":284916},{"id":12235,"n":"Tapenade olives vertes NRT 90g","p":1.84,"u":"20,44 €/KG","img":"https://fd13-photos.leclercdrive.fr/image.ashx?id=2839986&use=l&cat=p&typeid=i","cat":284451},{"id":12236,"n":"Spaghetti d'Alsace NRT 250g","p":1.39,"u":"5,56 €/KG","img":"https://fd13-photos.leclercdrive.fr/image.ashx?id=2839983&use=l&cat=p&typeid=i","cat":284427},{"id":12239,"n":"Rillettes de sardine NRT 125g","p":2.49,"u":"19,92 €/KG","img":"https://fd13-photos.leclercdrive.fr/image.ashx?id=2782801&use=l&cat=p&typeid=i","cat":305146},{"id":12242,"n":"Rillettes de saumon MSC Ronde des mers - 150g","p":1.99,"u":"13,27 €/KG","img":"https://fd13-photos.leclercdrive.fr/image.ashx?id=2822729&use=l&cat=p&typeid=i","cat":285191},{"id":12243,"n":"Rillettes de thon MSC Ronde des mers - 150g","p":1.99,"u":"13,27 €/KG","img":"https://fd13-photos.leclercdrive.fr/image.ashx?id=2644873&use=l&cat=p&typeid=i","cat":285191},{"id":12245,"n":"Galettes Bretonnes P'tit Déli Pépites chocolat 130g","p":1.31,"u":"10,08 €/KG","img":"https://fd13-photos.leclercdrive.fr/image.ashx?id=2387973&use=l&cat=p&typeid=i","cat":284487},{"id":12249,"n":"Torsades d'Alsace NRT 250g","p":1.57,"u":"6,28 €/KG","img":"https://fd13-photos.leclercdrive.fr/image.ashx?id=2839980&use=l&cat=p&typeid=i","cat":284427},{"id":12258,"n":"Gros sel de l'Ile de Ré NRT Sachet -1kg","p":1.69,"u":"1,69 €/KG","img":"https://fd13-photos.leclercdrive.fr/image.ashx?id=2802879&use=l&cat=p&typeid=i","cat":284457},{"id":12261,"n":"Double concentré tomates Turini 3X70g","p":2.15,"u":"10,24 €/KG","img":"https://fd13-photos.leclercdrive.fr/image.ashx?id=2623962&use=l&cat=p&typeid=i","cat":288384},{"id":12362,"n":"Thon entier Pêche Océan Naturel - 2x140g","p":3.75,"u":"13,39 €/KG","img":"https://fd13-photos.leclercdrive.fr/image.ashx?id=2941423&use=l&cat=p&typeid=i","cat":303867},{"id":12363,"n":"Thon entier Pêche Océan Naturel - 3x93g","p":3.47,"u":"12,44 €/KG","img":"https://fd13-photos.leclercdrive.fr/image.ashx?id=2941411&use=l&cat=p&typeid=i","cat":303867},{"id":12365,"n":"Couscous royal Côté Table Volaille et merguez 980g","p":3.69,"u":"3,77 €/KG","img":"https://fd13-photos.leclercdrive.fr/image.ashx?id=2977144&use=l&cat=p&typeid=i","cat":325094},{"id":12373,"n":"Moutarde Rustica Mi-forte - 415g","p":1.31,"u":"3,16 €/KG","img":"https://fd13-photos.leclercdrive.fr/image.ashx?id=1961437&use=l&cat=p&typeid=i","cat":288850},{"id":12374,"n":"Purée de tomates Turini 3x200g","p":1.19,"u":"1,98 €/KG","img":"https://fd13-photos.leclercdrive.fr/image.ashx?id=2174684&use=l&cat=p&typeid=i","cat":288384},{"id":12376,"n":"Pâtes Alphabet Turini 500g","p":0.99,"u":"1,98 €/KG","img":"https://fd13-photos.leclercdrive.fr/image.ashx?id=2591521&use=l&cat=p&typeid=i","cat":284427},{"id":12380,"n":"Infusion Tiséa Digestion facilitée x25","p":0.99,"u":"24,75 €/KG","img":"https://fd13-photos.leclercdrive.fr/image.ashx?id=2696253&use=l&cat=p&typeid=i","cat":293234},{"id":12391,"n":"Sirop Frucci Fraise - 1L","p":3.5,"u":"3,50 €/L","img":"https://fd13-photos.leclercdrive.fr/image.ashx?id=2954076&use=l&cat=p&typeid=i","cat":295020},{"id":12394,"n":"Nectar Jafaden Abricot - 4x20cl","p":2.63,"u":"3,29 €/L","img":"https://fd13-photos.leclercdrive.fr/image.ashx?id=2955674&use=l&cat=p&typeid=i","cat":284524},{"id":12396,"n":"100% Pur jus de tomate Jafaden - 4x20cl","p":2.32,"u":"2,90 €/L","img":"https://fd13-photos.leclercdrive.fr/image.ashx?id=2562858&use=l&cat=p&typeid=i","cat":284523},{"id":12397,"n":"Vin mousseux d'Union Européenne Brut Blazer - 75 cl","p":3.15,"u":"4,20 €/L","img":"https://fd13-photos.leclercdrive.fr/image.ashx?id=2623950&use=l&cat=p&typeid=i","cat":284544},{"id":12398,"n":"Vin mousseux d'Union Européenne  Demi-sec Blazer - 75cl","p":3.19,"u":"4,25 €/L","img":"https://fd13-photos.leclercdrive.fr/image.ashx?id=2623953&use=l&cat=p&typeid=i","cat":284544},{"id":12399,"n":"Apéritif anisé Cantanis Sans alcool - 1L","p":2.25,"u":"2,25 €/L","img":"https://fd13-photos.leclercdrive.fr/image.ashx?id=2081035&use=l&cat=p&typeid=i","cat":284549},{"id":12402,"n":"Crème de mûres Auguste Muniot 15%vol. - 50cl","p":4.58,"u":"9,16 €/L","img":"https://fd13-photos.leclercdrive.fr/image.ashx?id=2541525&use=l&cat=p&typeid=i","cat":286032},{"id":12422,"n":"Jus de citron vert Rustica 2x12,5cll","p":1.29,"u":"5,16 €/L","img":"https://fd13-photos.leclercdrive.fr/image.ashx?id=2974789&use=l&cat=p&typeid=i","cat":288383},{"id":12424,"n":"Pâtes Spaghetti Turini 3min - 500g","p":0.78,"u":"1,56 €/KG","img":"https://fd13-photos.leclercdrive.fr/image.ashx?id=2607464&use=l&cat=p&typeid=i","cat":284427},{"id":12426,"n":"Pâtes Cheveux d'anges Turini 1kg","p":1.61,"u":"1,61 €/KG","img":"https://fd13-photos.leclercdrive.fr/image.ashx?id=2476957&use=l&cat=p&typeid=i","cat":284427},{"id":12438,"n":"Vinaigre Balsamique MAILLE Velours de Modène - 25cl","p":3.34,"u":"13,36 €/L","img":"https://fd13-photos.leclercdrive.fr/image.ashx?id=2889994&use=l&cat=p&typeid=i","cat":298543},{"id":12441,"n":"Moutarde Amora Fine et douce  - 435g","p":1.74,"u":"4,00 €/KG","img":"https://fd13-photos.leclercdrive.fr/image.ashx?id=2507608&use=l&cat=p&typeid=i","cat":288850},{"id":12451,"n":"Thé glacé Fresh Tea Pêche - Brique - 6x20cl","p":2.43,"u":"2,03 €/L","img":"https://fd13-photos.leclercdrive.fr/image.ashx?id=2622248&use=l&cat=p&typeid=i","cat":295019},{"id":12453,"n":"Soda Jean's Cola sans Caféine Zéro - Bouteille - 1,5L","p":0.96,"u":"0,64 €/L","img":"https://fd13-photos.leclercdrive.fr/image.ashx?id=2637865&use=l&cat=p&typeid=i","cat":284530},{"id":12464,"n":"Soda Jean's Cola Zéro Bouteille - 1,5L","p":0.45,"u":"0,30 €/L","img":"https://fd13-photos.leclercdrive.fr/image.ashx?id=2637883&use=l&cat=p&typeid=i","cat":284530},{"id":12467,"n":"Jus multifruits Jafaden Pur jus - 1L","p":1.99,"u":"1,99 €/L","img":"https://fd13-photos.leclercdrive.fr/image.ashx?id=2958705&use=l&cat=p&typeid=i","cat":284917},{"id":12469,"n":"100% Pur jus d'orange Jafaden  Sans pulpe - 1L","p":1.99,"u":"1,99 €/L","img":"https://fd13-photos.leclercdrive.fr/image.ashx?id=2842477&use=l&cat=p&typeid=i","cat":284521},{"id":12470,"n":"Pur Jus de raisin Bio Village Bio - 1L","p":2.29,"u":"2,29 €/L","img":"https://fd13-photos.leclercdrive.fr/image.ashx?id=2901518&use=l&cat=p&typeid=i","cat":284915},{"id":12471,"n":"Thon entier Pêche Océan Huile de tournesol - 160g","p":1.63,"u":"10,19 €/KG","img":"https://fd13-photos.leclercdrive.fr/image.ashx?id=2941399&use=l&cat=p&typeid=i","cat":303867},{"id":12477,"n":"Cassoulet Saucisse de Toulouse Côté Table - 420g","p":2.11,"u":"5,02 €/KG","img":"https://fd13-photos.leclercdrive.fr/image.ashx?id=2977861&use=l&cat=p&typeid=i","cat":284440},{"id":12501,"n":"Café soluble Plantation Sélection - 200g","p":4.44,"u":"22,20 €/KG","img":"https://fd13-photos.leclercdrive.fr/image.ashx?id=2834266&use=l&cat=p&typeid=i","cat":284843},{"id":12506,"n":"Marshmallows Copains Copines Vanille 300g","p":1.25,"u":"4,17 €/KG","img":"https://fd13-photos.leclercdrive.fr/image.ashx?id=2934646&use=l&cat=p&typeid=i","cat":304250},{"id":12512,"n":"Vinaigre de vin aux noix Maille - 50cl","p":1.77,"u":"3,54 €/L","img":"https://fd13-photos.leclercdrive.fr/image.ashx?id=2875999&use=l&cat=p&typeid=i","cat":298543},{"id":12513,"n":"Cornichons Maille Malossol A la russe 440g","p":4.01,"u":"9,11 €/KG","img":"https://fd13-photos.leclercdrive.fr/image.ashx?id=2076023&use=l&cat=p&typeid=i","cat":284458},{"id":12521,"n":"Miettes de thon Pêche Océan Huile de tournesol - 3x80g","p":2.35,"u":"9,79 €/KG","img":"https://fd13-photos.leclercdrive.fr/image.ashx?id=2943608&use=l&cat=p&typeid=i","cat":303867},{"id":12527,"n":"Chocolat Pâtissier Tablette dOr Noir - 200g","p":1.79,"u":"8,95 €/KG","img":"https://fd13-photos.leclercdrive.fr/image.ashx?id=2723356&use=l&cat=p&typeid=i","cat":285562},{"id":12529,"n":"Moutarde de Dijon Rustica  195g","p":1.25,"u":"6,41 €/KG","img":"https://fd13-photos.leclercdrive.fr/image.ashx?id=1921604&use=l&cat=p&typeid=i","cat":288850},{"id":12532,"n":"Café en grains Plantation Tradition - 1kg","p":10.15,"u":"10,15 €/KG","img":"https://fd13-photos.leclercdrive.fr/image.ashx?id=2856405&use=l&cat=p&typeid=i","cat":293237},{"id":12551,"n":"Raviolis légumes Bio Village Bio - 700g","p":2.83,"u":"4,04 €/KG","img":"https://fd13-photos.leclercdrive.fr/image.ashx?id=2717252&use=l&cat=p&typeid=i","cat":284442},{"id":12557,"n":"Vinaigrette Rustica Echalote - 50cl","p":1.25,"u":"2,50 €/L","img":"https://fd13-photos.leclercdrive.fr/image.ashx?id=1972901&use=l&cat=p&typeid=i","cat":284456},{"id":12564,"n":"Châtaignes Notre Jardin Entières - 420g","p":5.09,"u":"12,12 €/KG","img":"https://fd13-photos.leclercdrive.fr/image.ashx?id=2263146&use=l&cat=p&typeid=i","cat":312612},{"id":12565,"n":"Haricots beurre Notre Jardin Extra fins - 220g","p":1.88,"u":"8,55 €/KG","img":"https://fd13-photos.leclercdrive.fr/image.ashx?id=2988039&use=l&cat=p&typeid=i","cat":312606},{"id":12567,"n":"Andouillettes de Troyes NRT  2x150g","p":3.49,"u":"11,63 €/KG","img":"https://fd13-photos.leclercdrive.fr/image.ashx?id=2991500&use=l&cat=p&typeid=i","cat":316012},{"id":12573,"n":"Eponges Mamison salle de bain Décorées x2","p":0.99,"u":"0,50 €/P","img":"https://fd13-photos.leclercdrive.fr/image.ashx?id=2199055&use=l&cat=p&typeid=i","cat":284667},{"id":12581,"n":"Soupe Déshydratée Thaï KNORR Nouilles & Champignons - 70cl","p":1.28,"u":"1,83 €/L","img":"https://fd13-photos.leclercdrive.fr/image.ashx?id=2772554&use=l&cat=p&typeid=i","cat":284463},{"id":12584,"n":"Pain grillé bio Bio Village Blé complet x12 - 250g","p":1.74,"u":"6,96 €/KG","img":"https://fd13-photos.leclercdrive.fr/image.ashx?id=2619749&use=l&cat=p&typeid=i","cat":284479},{"id":12587,"n":"Compote Douceur du Verger Gourdes multivariétés - 12x90g","p":3.93,"u":"3,64 €/KG","img":"https://fd13-photos.leclercdrive.fr/image.ashx?id=2837036&use=l&cat=p&typeid=i","cat":284508},{"id":12588,"n":"Sel régénérant Visior Lave-vaisselle - 4x1kg","p":2.69,"u":"0,67 €/KG","img":"https://fd13-photos.leclercdrive.fr/image.ashx?id=2463401&use=l&cat=p&typeid=i","cat":284657},{"id":12591,"n":"Soupe déshydratée Knorr 9 légumes - 75cl","p":0.89,"u":"1,19 €/L","img":"https://fd13-photos.leclercdrive.fr/image.ashx?id=2790585&use=l&cat=p&typeid=i","cat":284463},{"id":12593,"n":"Soupe déshydratée Knorr 9 légumes - 105g","p":0.93,"u":"8,86 €/KG","img":"https://fd13-photos.leclercdrive.fr/image.ashx?id=2875930&use=l&cat=p&typeid=i","cat":284463},{"id":12602,"n":"Ciboulette Rustica Coupé - 50g","p":1.74,"u":"34,80 €/KG","img":"https://fd13-photos.leclercdrive.fr/image.ashx?id=2365460&use=l&cat=p&typeid=i","cat":319804},{"id":12605,"n":"Cornichons Maille Le Mini 210g","p":2.59,"u":"12,33 €/KG","img":"https://fd13-photos.leclercdrive.fr/image.ashx?id=2877310&use=l&cat=p&typeid=i","cat":284458},{"id":12627,"n":"Crème Nourrissante Karité Dop Cheveux très sec, frisé - 300ml","p":3.37,"u":"11,23 €/L","img":"https://fd13-photos.leclercdrive.fr/image.ashx?id=590700&use=l&cat=p&typeid=i","cat":284608},{"id":12669,"n":"Sauce Burger AMORA 260g","p":1.57,"u":"6,04 €/KG","img":"https://fd13-photos.leclercdrive.fr/image.ashx?id=2893853&use=l&cat=p&typeid=i","cat":318431},{"id":12670,"n":"Basilic Rustica Coupé - 50g","p":1.69,"u":"33,80 €/KG","img":"https://fd13-photos.leclercdrive.fr/image.ashx?id=2365463&use=l&cat=p&typeid=i","cat":319804},{"id":12674,"n":"Nids d'Alsace NRT 250g","p":1.39,"u":"5,56 €/KG","img":"https://fd13-photos.leclercdrive.fr/image.ashx?id=2839968&use=l&cat=p&typeid=i","cat":284427},{"id":12675,"n":"Pizza Cuite sur pierre Turini 4 fromages - 400g","p":2.62,"u":"6,55 €/KG","img":"https://fd13-photos.leclercdrive.fr/image.ashx?id=2815229&use=l&cat=p&typeid=i","cat":284256},{"id":12676,"n":"Pizza Cuite sur pierre Turini Chorizo - 400g","p":2.77,"u":"6,93 €/KG","img":"https://fd13-photos.leclercdrive.fr/image.ashx?id=2815226&use=l&cat=p&typeid=i","cat":284256},{"id":12680,"n":"Filets d'Anchois Pêche Océan Marinés à l'Orientale - 100g","p":1.99,"u":"19,90 €/KG","img":"https://fd13-photos.leclercdrive.fr/image.ashx?id=2992519&use=l&cat=p&typeid=i","cat":285190},{"id":12684,"n":"Filets d'Anchois Pêche Océan Marinés à la provençale - 100g","p":1.99,"u":"19,90 €/KG","img":"https://fd13-photos.leclercdrive.fr/image.ashx?id=2993567&use=l&cat=p&typeid=i","cat":285190},{"id":12685,"n":"Biscuit P'tit Beurres chocolait P'tit Déli 268g","p":2.69,"u":"10,04 €/KG","img":"https://fd13-photos.leclercdrive.fr/image.ashx?id=2473975&use=l&cat=p&typeid=i","cat":284488},{"id":12706,"n":"Dentifrice Dentamyl Soin complet 75ml","p":0.76,"u":"10,13 €/L","img":"https://fd13-photos.leclercdrive.fr/image.ashx?id=2276480&use=l&cat=p&typeid=i","cat":284612},{"id":12729,"n":"Pânés poulet Le Gaulois x2 -  200g","p":2.02,"u":"10,10 €/KG","img":"https://fd13-photos.leclercdrive.fr/image.ashx?id=2261660&use=l&cat=p&typeid=i","cat":333684},{"id":12733,"n":"Bacon Herta superposé x15 150g","p":2.09,"u":"13,93 €/KG","img":"https://fd13-photos.leclercdrive.fr/image.ashx?id=2889325&use=l&cat=p&typeid=i","cat":316007},{"id":12739,"n":"Friand viande Côté Table 2x110g","p":1.65,"u":"7,50 €/KG","img":"https://fd13-photos.leclercdrive.fr/image.ashx?id=2820436&use=l&cat=p&typeid=i","cat":333671},{"id":12741,"n":"Emmental fromage râpé bio Bio village - 100g","p":1.49,"u":"14,90 €/KG","img":"https://fd13-photos.leclercdrive.fr/image.ashx?id=2757942&use=l&cat=p&typeid=i","cat":314035},{"id":12752,"n":"Filet Poulet blanc LR X2  IGP Volailles du Maine  - 240g","p":6.8,"u":"28,33 €/KG","img":"https://fd13-photos.leclercdrive.fr/image.ashx?id=2250558&use=l&cat=p&typeid=i","cat":284336},{"id":12771,"n":"Collants mousse Tissaia Elasthanne beige foncé T2 - x2","p":2.6,"u":"1,30 €/P","img":"https://fd13-photos.leclercdrive.fr/image.ashx?id=2193105&use=l&cat=p&typeid=i","cat":334130},{"id":12772,"n":"Boisson Jafaden Cranberry - 1L","p":1.92,"u":"1,92 €/L","img":"https://fd13-photos.leclercdrive.fr/image.ashx?id=2591394&use=l&cat=p&typeid=i","cat":284915},{"id":12776,"n":"Collants mousse Tissaia Elasthanne beige foncé T3 - x2","p":2.6,"u":"1,30 €/P","img":"https://fd13-photos.leclercdrive.fr/image.ashx?id=2193260&use=l&cat=p&typeid=i","cat":334130},{"id":12779,"n":"Collant mousse Tissaia Elasthanne beige foncé T4 - x2","p":2.6,"u":"1,30 €/P","img":"https://fd13-photos.leclercdrive.fr/image.ashx?id=2193272&use=l&cat=p&typeid=i","cat":334130},{"id":12794,"n":"Foie gras Pierre de Chaumeyrac IGP Entier du Sud Ouest - 240g","p":15.91,"u":"66,29 €/KG","img":"https://fd13-photos.leclercdrive.fr/image.ashx?id=1872576&use=l&cat=p&typeid=i","cat":316008},{"id":12838,"n":"Foie de volaille Le Gaulois Confit - 300g","p":2.72,"u":"9,07 €/KG","img":"https://fd13-photos.leclercdrive.fr/image.ashx?id=2732719&use=l&cat=p&typeid=i","cat":284715},{"id":12914,"n":"Fromage persillé 125g","p":1.94,"u":"15,52 €/KG","img":"https://fd13-photos.leclercdrive.fr/image.ashx?id=2609553&use=l&cat=p&typeid=i","cat":314032},{"id":12917,"n":"Infusion bio Bio Village Pour le soir x20 - 30g","p":1.75,"u":"58,33 €/KG","img":"https://fd13-photos.leclercdrive.fr/image.ashx?id=2646020&use=l&cat=p&typeid=i","cat":293234},{"id":12928,"n":"Tapenade noire NRT à la provençale - 90g","p":2.5,"u":"27,78 €/KG","img":"https://fd13-photos.leclercdrive.fr/image.ashx?id=2991085&use=l&cat=p&typeid=i","cat":315999},{"id":12939,"n":"Lait Bio demi-écrémé Grandlait Candia Bouteille - 6x1L","p":10.29,"u":"1,72 €/L","img":"https://fd13-photos.leclercdrive.fr/image.ashx?id=2735086&use=l&cat=p&typeid=i","cat":284377},{"id":12965,"n":"Crêpes dentelles chocolat NRT 100g","p":1.82,"u":"18,20 €/KG","img":"https://fd13-photos.leclercdrive.fr/image.ashx?id=2770265&use=l&cat=p&typeid=i","cat":284490},{"id":12966,"n":"Assortiment biscuits fins P'tit Déli 200g","p":2.39,"u":"11,95 €/KG","img":"https://fd13-photos.leclercdrive.fr/image.ashx?id=2554578&use=l&cat=p&typeid=i","cat":284490},{"id":12977,"n":"Tomato Ketchup Heinz Offre Limitée - 700g","p":2.65,"u":"0,38 €/L","img":"https://fd13-photos.leclercdrive.fr/image.ashx?id=2288815&use=l&cat=p&typeid=i","cat":284455},{"id":13014,"n":"Déodorant spray Scorpio Scorpio rouge - 150ml","p":2.52,"u":"16,80 €/L","img":"https://fd13-photos.leclercdrive.fr/image.ashx?id=2329780&use=l&cat=p&typeid=i","cat":284618},{"id":13072,"n":"Pâte de fruits Jacquot Grand Verger- 1kg","p":5.99,"u":"5,99 €/KG","img":"https://fd13-photos.leclercdrive.fr/image.ashx?id=2855175&use=l&cat=p&typeid=i","cat":327606},{"id":13204,"n":"Cahier TP Esquisse Vert anis Vert - 24x32cm -120p","p":2.25,"img":"https://fd13-photos.leclercdrive.fr/image.ashx?id=1928809&use=l&cat=p&typeid=i","cat":284697},{"id":13207,"n":"Crayon à papier HB Eco+ x10","p":0.45,"img":"https://fd13-photos.leclercdrive.fr/image.ashx?id=1929747&use=l&cat=p&typeid=i","cat":284696},{"id":13233,"n":"Petits pois Jean Nicolas A l'étuvée - Extra fins - 560g","p":2.21,"u":"3,95 €/KG","img":"https://fd13-photos.leclercdrive.fr/image.ashx?id=2116386&use=l&cat=p&typeid=i","cat":312607},{"id":13241,"n":"Macédoine légumes Jean Nicolas 530g","p":1.65,"u":"3,11 €/KG","img":"https://fd13-photos.leclercdrive.fr/image.ashx?id=2116389&use=l&cat=p&typeid=i","cat":312612},{"id":13253,"n":"Crayons de couleur Esquisse x18","p":1.29,"u":"0,07 €/P","img":"https://fd13-photos.leclercdrive.fr/image.ashx?id=2943169&use=l&cat=p&typeid=i","cat":284696},{"id":13254,"n":"Pinceaux Esquisse Taille 2-8 et 12 - x3","p":0.95,"u":"0,32 €/P","img":"https://fd13-photos.leclercdrive.fr/image.ashx?id=981363&use=l&cat=p&typeid=i","cat":334133},{"id":13272,"n":"Equerre Esquisse 45 degrés - 20cm","p":0.33,"img":"https://fd13-photos.leclercdrive.fr/image.ashx?id=1698649&use=l&cat=p&typeid=i","cat":334133},{"id":13279,"n":"Rapporteur Esquisse 180° 12cm","p":0.23,"img":"https://fd13-photos.leclercdrive.fr/image.ashx?id=1928725&use=l&cat=p&typeid=i","cat":334133},{"id":13281,"n":"Petits pois carottes Extra fins Jean Nicolas - 265g","p":1.29,"u":"4,87 €/KG","img":"https://fd13-photos.leclercdrive.fr/image.ashx?id=2354386&use=l&cat=p&typeid=i","cat":312607},{"id":13296,"n":"Flageolets verts Jean Nicolas Extra fins - 265g","p":1.4,"u":"5,28 €/KG","img":"https://fd13-photos.leclercdrive.fr/image.ashx?id=2429800&use=l&cat=p&typeid=i","cat":312606},{"id":13300,"n":"Tube de colle liquide Esquisse Transparente gel - 30ml","p":0.99,"u":"33,00 €/L","img":"https://fd13-photos.leclercdrive.fr/image.ashx?id=1928779&use=l&cat=p&typeid=i","cat":334133},{"id":13301,"n":"Tube de colle liquide Esquisse Double applicateur - 35ml","p":0.7,"u":"20,00 €/L","img":"https://fd13-photos.leclercdrive.fr/image.ashx?id=1928803&use=l&cat=p&typeid=i","cat":334133},{"id":13321,"n":"Stylo bille Bic 4 couleurs - x1","p":1.55,"img":"https://fd13-photos.leclercdrive.fr/image.ashx?id=2730874&use=l&cat=p&typeid=i","cat":284696},{"id":13339,"n":"Anchois entiers Connétable Huile d'olive - 100g","p":2.14,"u":"21,40 €/KG","img":"https://fd13-photos.leclercdrive.fr/image.ashx?id=2807570&use=l&cat=p&typeid=i","cat":305147},{"id":13342,"n":"Thon entier Le Savoureux Huile d'olive - 160g","p":3.18,"u":"19,88 €/KG","img":"https://fd13-photos.leclercdrive.fr/image.ashx?id=2960159&use=l&cat=p&typeid=i","cat":303867},{"id":13345,"n":"Thon blanc entier Connétable MSC - Naturel - 112g","p":3.43,"u":"30,63 €/KG","img":"https://fd13-photos.leclercdrive.fr/image.ashx?id=2943990&use=l&cat=p&typeid=i","cat":303867},{"id":13347,"n":"Sardines de garde Connétable Huile d'olive - 115g","p":2.67,"u":"23,22 €/KG","img":"https://fd13-photos.leclercdrive.fr/image.ashx?id=2962605&use=l&cat=p&typeid=i","cat":305146},{"id":13349,"n":"Etui de mines pour compas Maped 10 mines de 2mm","p":0.93,"img":"https://fd13-photos.leclercdrive.fr/image.ashx?id=2508957&use=l&cat=p&typeid=i","cat":334133},{"id":13350,"n":"Pâté Hénaff 260g","p":3.2,"u":"12,31 €/KG","img":"https://fd13-photos.leclercdrive.fr/image.ashx?id=2662178&use=l&cat=p&typeid=i","cat":305149},{"id":13351,"n":"Pâté de porc Hénaff 390g","p":4.6,"u":"11,79 €/KG","img":"https://fd13-photos.leclercdrive.fr/image.ashx?id=2280546&use=l&cat=p&typeid=i","cat":305149},{"id":13356,"n":"IGP Fleur de sel Le Guérandais Tradition -  125g","p":2.87,"u":"22,96 €/KG","img":"https://fd13-photos.leclercdrive.fr/image.ashx?id=2457881&use=l&cat=p&typeid=i","cat":284457},{"id":13364,"n":"Agrafes n°10 Maped x2000","p":1.18,"img":"https://fd13-photos.leclercdrive.fr/image.ashx?id=2962254&use=l&cat=p&typeid=i","cat":334133},{"id":13370,"n":"Barre quatre-quarts Le Glazik 300g","p":2.88,"u":"9,60 €/KG","img":"https://fd13-photos.leclercdrive.fr/image.ashx?id=2507958&use=l&cat=p&typeid=i","cat":294776},{"id":13371,"n":"Gomme dessin blanche Maped x1","p":0.78,"img":"https://fd13-photos.leclercdrive.fr/image.ashx?id=2384235&use=l&cat=p&typeid=i","cat":334133},{"id":13372,"n":"Kouign Amann Berrou Pur beurre 350g","p":5.56,"u":"15,89 €/KG","img":"https://fd13-photos.leclercdrive.fr/image.ashx?id=2504824&use=l&cat=p&typeid=i","cat":293600},{"id":13377,"n":"Taille-crayon Galatic Maped avec réserve - 1 pièce","p":1.2,"img":"https://fd13-photos.leclercdrive.fr/image.ashx?id=2762070&use=l&cat=p&typeid=i","cat":334133},{"id":13381,"n":"Brosse effaçable Maped Pour ardoise pierre et blanches","p":0.77,"img":"https://fd13-photos.leclercdrive.fr/image.ashx?id=2508954&use=l&cat=p&typeid=i","cat":334133},{"id":13383,"n":"Galettes bretonnes Le Glazik Pur beurre - 400g","p":4.13,"u":"10,33 €/KG","img":"https://fd13-photos.leclercdrive.fr/image.ashx?id=2509376&use=l&cat=p&typeid=i","cat":284487},{"id":13406,"n":"Palets Traou Mad de Pont-Aven 300g","p":6.59,"u":"21,97 €/KG","img":"https://fd13-photos.leclercdrive.fr/image.ashx?id=2996560&use=l&cat=p&typeid=i","cat":284487},{"id":13407,"n":"Galettes Traou Mad de Pont-Aven x12 sachets fraîcheur 100g","p":2.48,"u":"24,80 €/KG","img":"https://fd13-photos.leclercdrive.fr/image.ashx?id=2996563&use=l&cat=p&typeid=i","cat":284487},{"id":13419,"n":"Whisky Breton 40%vol. - 70cl","p":16.66,"u":"23,80 €/L","img":"https://fd13-photos.leclercdrive.fr/image.ashx?id=1652005&use=l&cat=p&typeid=i","cat":284547},{"id":13425,"n":"Beurre Moulé Paysan Breton Demi-sel - 80% MG - 500g","p":5.99,"u":"11,98 €/KG","img":"https://fd13-photos.leclercdrive.fr/image.ashx?id=2774499&use=l&cat=p&typeid=i","cat":284379},{"id":13427,"n":"Camembert Kergall Paysan Breton 45%MG - 250g","p":2.2,"u":"8,80 €/KG","img":"https://fd13-photos.leclercdrive.fr/image.ashx?id=2731807&use=l&cat=p&typeid=i","cat":314033},{"id":13428,"n":"Beurre Moulé Paysan Breton Demi-sel - 80% MG - 125g","p":1.67,"u":"13,36 €/KG","img":"https://fd13-photos.leclercdrive.fr/image.ashx?id=2939766&use=l&cat=p&typeid=i","cat":284379},{"id":13429,"n":"Mini-beurre Paysan Breton Demi-sel x20 - 82%MG - 200g","p":2.68,"u":"13,40 €/KG","img":"https://fd13-photos.leclercdrive.fr/image.ashx?id=2774571&use=l&cat=p&typeid=i","cat":284379},{"id":13434,"n":"Dessert Empresure Malo Chocolat - 4x125g","p":1.79,"u":"3,58 €/KG","img":"https://fd13-photos.leclercdrive.fr/image.ashx?id=2842684&use=l&cat=p&typeid=i","cat":285041},{"id":13435,"n":"Truite fumée Guyader Bretagne 4 tranches - 120g","p":4.9,"pp":3.43,"u":"28,58 €/KG","img":"https://fd13-photos.leclercdrive.fr/image.ashx?id=1551290&use=l&cat=p&typeid=i","cat":285188},{"id":13532,"n":"Purée pomme de terre Pom'lisse Saveur d'antan - 4x125g - 500g","p":2.49,"u":"4,98 €/KG","img":"https://fd13-photos.leclercdrive.fr/image.ashx?id=2929867&use=l&cat=p&typeid=i","cat":284431},{"id":13533,"n":"Anneaux de dentition Tigex Marin 1ère âge x2","p":3.1,"img":"https://fd13-photos.leclercdrive.fr/image.ashx?id=2553632&use=l&cat=p&typeid=i","cat":289435},{"id":13559,"n":"Thé breakfast Britley 50 sachets - 100g","p":1.22,"u":"12,20 €/KG","img":"https://fd13-photos.leclercdrive.fr/image.ashx?id=2645906&use=l&cat=p&typeid=i","cat":293233},{"id":13570,"n":"Andouillettes de Troyes NRT 3x150g","p":4.99,"u":"11,09 €/KG","img":"https://fd13-photos.leclercdrive.fr/image.ashx?id=1912307&use=l&cat=p&typeid=i","cat":316012},{"id":13583,"n":"Fromage L'Ortolan Léger Fromagerie Milleret -  250g","p":2.95,"u":"11,80 €/KG","img":"https://fd13-photos.leclercdrive.fr/image.ashx?id=2450916&use=l&cat=p&typeid=i","cat":314036},{"id":13589,"n":"Fromage Brillat Savarin NRT  IGP - 200g","p":3.39,"u":"16,95 €/KG","img":"https://fd13-photos.leclercdrive.fr/image.ashx?id=2771064&use=l&cat=p&typeid=i","cat":329558},{"id":13590,"n":"Profiteroles Trofic Crème glacée vanille 280g","p":3.72,"u":"13,29 €/KG","img":"https://fd13-photos.leclercdrive.fr/image.ashx?id=2982604&use=l&cat=p&typeid=i","cat":284267},{"id":13593,"n":"Kouign Amann breton NRT Pur beurre - 400g","p":4.99,"u":"12,48 €/KG","img":"https://fd13-photos.leclercdrive.fr/image.ashx?id=2622317&use=l&cat=p&typeid=i","cat":293600},{"id":13605,"n":"Panés de colin Pêche Océan Colin d'Alaska - 200g","p":1.99,"u":"9,95 €/KG","img":"https://fd13-photos.leclercdrive.fr/image.ashx?id=2953605&use=l&cat=p&typeid=i","cat":284344},{"id":13613,"n":"Feuilles blanches A4 Eco+ x500 - 80g","p":3.89,"u":"48,63 €/KG","img":"https://fd13-photos.leclercdrive.fr/image.ashx?id=2943130&use=l&cat=p&typeid=i","cat":284697},{"id":13636,"n":"Cuisse Poulet Blanc LR x2  IGP Volailles du Maine  - 480g","p":4.96,"u":"10,33 €/KG","img":"https://fd13-photos.leclercdrive.fr/image.ashx?id=2250552&use=l&cat=p&typeid=i","cat":284336},{"id":13637,"n":"Aiguillette poulet Le Gaulois Blanc - 210g","p":3.42,"u":"16,29 €/KG","img":"https://fd13-photos.leclercdrive.fr/image.ashx?id=2239564&use=l&cat=p&typeid=i","cat":284336},{"id":13639,"n":"Nougat tendre de Montélimar NRT  sachet 200g","p":3.99,"u":"19,95 €/KG","img":"https://fd13-photos.leclercdrive.fr/image.ashx?id=2771028&use=l&cat=p&typeid=i","cat":304249},{"id":13643,"n":"Biscuits nappés Bio Village Bio Chocolat au lait 200g","p":2.42,"u":"12,10 €/KG","img":"https://fd13-photos.leclercdrive.fr/image.ashx?id=1937516&use=l&cat=p&typeid=i","cat":284488},{"id":13647,"n":"Rochers Equador Chocolat au lait x7 - 245g","p":2.45,"u":"10,00 €/KG","img":"https://fd13-photos.leclercdrive.fr/image.ashx?id=2842480&use=l&cat=p&typeid=i","cat":327600},{"id":13649,"n":"Pansement Primoplast Cicatrisant hydrocolloïde x8","p":5.95,"img":"https://fd13-photos.leclercdrive.fr/image.ashx?id=2856480&use=l&cat=p&typeid=i","cat":284630},{"id":13650,"n":"Gel à l'arnica Primoplast 50g","p":1.66,"u":"33,20 €/KG","img":"https://fd13-photos.leclercdrive.fr/image.ashx?id=2856477&use=l&cat=p&typeid=i","cat":284630},{"id":13663,"n":"Mini-crêpes fourrées Tokapi  Comté - 65g","p":1.96,"u":"30,15 €/KG","img":"https://fd13-photos.leclercdrive.fr/image.ashx?id=2499085&use=l&cat=p&typeid=i","cat":297000},{"id":13679,"n":"Croûtons salade Epi d'Or Nature - 60g","p":0.6,"u":"10,00 €/KG","img":"https://fd13-photos.leclercdrive.fr/image.ashx?id=2607909&use=l&cat=p&typeid=i","cat":284464},{"id":13681,"n":"Pâté pur porc Côtés Table 2 Foie 1 campagne - 3x78g","p":1.92,"u":"8,21 €/KG","img":"https://fd13-photos.leclercdrive.fr/image.ashx?id=2518505&use=l&cat=p&typeid=i","cat":305149},{"id":13683,"n":"Pâté de foie Côté Table Pur porc - 3x78g","p":1.99,"u":"8,50 €/KG","img":"https://fd13-photos.leclercdrive.fr/image.ashx?id=2518502&use=l&cat=p&typeid=i","cat":305149},{"id":13685,"n":"Bouillon de volaille Rustica Cubes - 12x10g","p":0.8,"u":"6,67 €/KG","img":"https://fd13-photos.leclercdrive.fr/image.ashx?id=1880027&use=l&cat=p&typeid=i","cat":288379},{"id":13686,"n":"Bouillon Pot au feu Rustica Cubes - 12x10g","p":1.39,"u":"11,58 €/KG","img":"https://fd13-photos.leclercdrive.fr/image.ashx?id=1880024&use=l&cat=p&typeid=i","cat":288379},{"id":13693,"n":"Gaufrettes fourrées Tokapi Chèvre et poivre - 75g","p":1.29,"u":"17,20 €/KG","img":"https://fd13-photos.leclercdrive.fr/image.ashx?id=2067944&use=l&cat=p&typeid=i","cat":297000},{"id":13694,"n":"Riz long Comptoir du Grain 500g","p":1.45,"u":"2,90 €/KG","img":"https://fd13-photos.leclercdrive.fr/image.ashx?id=2886534&use=l&cat=p&typeid=i","cat":284428},{"id":13696,"n":"Soufflés Snack's Tokapi Cacahuète - 90g","p":0.47,"u":"5,22 €/KG","img":"https://fd13-photos.leclercdrive.fr/image.ashx?id=2677026&use=l&cat=p&typeid=i","cat":284449},{"id":13698,"n":"Légumes couscous Notre Jardin 400g","p":1.43,"u":"3,58 €/KG","img":"https://fd13-photos.leclercdrive.fr/image.ashx?id=2854216&use=l&cat=p&typeid=i","cat":312612},{"id":13699,"n":"Gaufrettes fourrées Tokapi Gouda et noix - 75g","p":1.29,"u":"17,20 €/KG","img":"https://fd13-photos.leclercdrive.fr/image.ashx?id=2063329&use=l&cat=p&typeid=i","cat":297000},{"id":13700,"n":"Gaufrettes fourrées Tokapi Fromage - 75g","p":0.95,"u":"12,67 €/KG","img":"https://fd13-photos.leclercdrive.fr/image.ashx?id=2067929&use=l&cat=p&typeid=i","cat":297000},{"id":13701,"n":"Riz Thaï Comptoir du Grain Sélection Riz long - 500g","p":1.79,"u":"3,58 €/KG","img":"https://fd13-photos.leclercdrive.fr/image.ashx?id=2565610&use=l&cat=p&typeid=i","cat":284428},{"id":13703,"n":"Petits pois Notre Jardin A l'étuvée - Très fins - 560g","p":1.39,"u":"2,48 €/KG","img":"https://fd13-photos.leclercdrive.fr/image.ashx?id=2691018&use=l&cat=p&typeid=i","cat":312607},{"id":13711,"n":"Croquettes chat Ultima Stérilisé - Poulet - 1.5kg","p":5.97,"u":"3,98 €/KG","img":"https://fd13-photos.leclercdrive.fr/image.ashx?id=2886385&use=l&cat=p&typeid=i","cat":284680},{"id":13715,"n":"Croquettes chat Purina One Stérilisé - Boeuf/Blé-1.5kg","p":6.52,"u":"4,35 €/KG","img":"https://fd13-photos.leclercdrive.fr/image.ashx?id=2488040&use=l&cat=p&typeid=i","cat":284680},{"id":13716,"n":"Croquettes chat Purina One Adulte - Poisson de mer - 3kg","p":13.75,"u":"4,58 €/KG","img":"https://fd13-photos.leclercdrive.fr/image.ashx?id=2902340&use=l&cat=p&typeid=i","cat":284680},{"id":13719,"n":"Croquettes chat Purina One Adulte - Poulet/Céréales -1.5kg","p":6.16,"u":"4,11 €/KG","img":"https://fd13-photos.leclercdrive.fr/image.ashx?id=2537682&use=l&cat=p&typeid=i","cat":284680},{"id":13722,"n":"Croquettes chat Ultima Stérilisé - Saumon - 1.5kg","p":5.97,"u":"3,98 €/KG","img":"https://fd13-photos.leclercdrive.fr/image.ashx?id=2921897&use=l&cat=p&typeid=i","cat":284680},{"id":13731,"n":"Barquettes chats Gourmet Gold Les mousselines - 12x85g","p":5.42,"u":"5,31 €/KG","img":"https://fd13-photos.leclercdrive.fr/image.ashx?id=2967046&use=l&cat=p&typeid=i","cat":285286},{"id":13733,"n":"Barquettes chats Gourmet Gold Les terrines - 12x85g","p":5.35,"u":"5,25 €/KG","img":"https://fd13-photos.leclercdrive.fr/image.ashx?id=2979069&use=l&cat=p&typeid=i","cat":285286},{"id":13742,"n":"Tablette chocolat Côte d'Or Truffé noir - 190g","p":3.73,"u":"19,63 €/KG","img":"https://fd13-photos.leclercdrive.fr/image.ashx?id=2938932&use=l&cat=p&typeid=i","cat":284956},{"id":13751,"n":"Croquettes chiens Ultima Allégées - 2kg","p":6.35,"u":"3,18 €/KG","img":"https://fd13-photos.leclercdrive.fr/image.ashx?id=3008821&use=l&cat=p&typeid=i","cat":284672},{"id":13770,"n":"Croissants surgelés Epi d'Or Cuisson four - 6x60g","p":2.89,"u":"8,03 €/KG","img":"https://fd13-photos.leclercdrive.fr/image.ashx?id=2900088&use=l&cat=p&typeid=i","cat":284267},{"id":13776,"n":"Mouchoirs blancs 3 plis Caresse Boîte - x110","p":1.35,"u":"0,01 €/P","img":"https://fd13-photos.leclercdrive.fr/image.ashx?id=2858784&use=l&cat=p&typeid=i","cat":284638},{"id":13777,"n":"Lingettes bébé Eco+ Epaisses - x72","p":0.72,"u":"0,01 €/P","img":"https://fd13-photos.leclercdrive.fr/image.ashx?id=2874672&use=l&cat=p&typeid=i","cat":284738},{"id":13782,"n":"Déodorant Manava anti-traces 200ml","p":1.37,"u":"6,85 €/L","img":"https://fd13-photos.leclercdrive.fr/image.ashx?id=2692952&use=l&cat=p&typeid=i","cat":284595},{"id":13784,"n":"Gel douche et shampooing Carré Homme Energisante - 250ml","p":1.21,"u":"4,84 €/L","img":"https://fd13-photos.leclercdrive.fr/image.ashx?id=1544231&use=l&cat=p&typeid=i","cat":284619},{"id":13785,"n":"Shampooing Vitanove Réparateur - 250ml","p":1.43,"u":"5,72 €/L","img":"https://fd13-photos.leclercdrive.fr/image.ashx?id=1879257&use=l&cat=p&typeid=i","cat":284606},{"id":13786,"n":"Shampooing Vitanove Equilibrant - 250ml","p":1.79,"u":"7,16 €/L","img":"https://fd13-photos.leclercdrive.fr/image.ashx?id=1913165&use=l&cat=p&typeid=i","cat":284606},{"id":13787,"n":"Shampooing Vitanove Extra Color - 250ml","p":1.5,"u":"6,00 €/L","img":"https://fd13-photos.leclercdrive.fr/image.ashx?id=1889779&use=l&cat=p&typeid=i","cat":284606},{"id":13788,"n":"Après-shampooing Vitanove Extra color - 200ml","p":1.33,"u":"6,65 €/L","img":"https://fd13-photos.leclercdrive.fr/image.ashx?id=2618302&use=l&cat=p&typeid=i","cat":284607},{"id":13789,"n":"Shampooing Vitanove Lissant - 250ml","p":1.79,"u":"7,16 €/L","img":"https://fd13-photos.leclercdrive.fr/image.ashx?id=1907456&use=l&cat=p&typeid=i","cat":284606},{"id":13790,"n":"Après-shampooing Vitanove Lissant - 200ml","p":1.49,"u":"7,45 €/L","img":"https://fd13-photos.leclercdrive.fr/image.ashx?id=1879260&use=l&cat=p&typeid=i","cat":284607},{"id":13811,"n":"Nettoyant visage Argile Garnier Peaux à imperfections - 150ml","p":3.97,"u":"26,47 €/L","img":"https://fd13-photos.leclercdrive.fr/image.ashx?id=2867548&use=l&cat=p&typeid=i","cat":284603},{"id":13914,"n":"Whisky Balvenie Double Wood 12 ans 40D 70cl","p":39.83,"u":"56,90 €/L","img":"https://fd13-photos.leclercdrive.fr/image.ashx?id=2435522&use=l&cat=p&typeid=i","cat":284547},{"id":13975,"n":"Salade Notre Jardin Mâche - 200g","p":1.52,"u":"7,60 €/KG","img":"https://fd13-photos.leclercdrive.fr/image.ashx?id=2662583&use=l&cat=p&typeid=i","cat":284353},{"id":13977,"n":"Salade Notre Jardin Coeurs de laitue - 320g","p":1.58,"u":"4,94 €/KG","img":"https://fd13-photos.leclercdrive.fr/image.ashx?id=2720142&use=l&cat=p&typeid=i","cat":284353},{"id":13978,"n":"Salade composée Notre Jardin 250g","p":1.21,"u":"4,84 €/KG","img":"https://fd13-photos.leclercdrive.fr/image.ashx?id=2663266&use=l&cat=p&typeid=i","cat":284353},{"id":13987,"n":"Bande cohésive Primoplast 2.5m x 6cm","p":2.75,"img":"https://fd13-photos.leclercdrive.fr/image.ashx?id=2856438&use=l&cat=p&typeid=i","cat":284630},{"id":13992,"n":"Recharge savon mains Manava Gel lavande - 250ml","p":0.69,"u":"2,76 €/L","img":"https://fd13-photos.leclercdrive.fr/image.ashx?id=2935477&use=l&cat=p&typeid=i","cat":284597},{"id":13995,"n":"Bandes extensibles Primoplast 4mx6cm - x2","p":1.31,"img":"https://fd13-photos.leclercdrive.fr/image.ashx?id=2856444&use=l&cat=p&typeid=i","cat":284630},{"id":14006,"n":"Jambon de Vendée IGP NRT 2x90g","p":3.95,"u":"21,94 €/KG","img":"https://fd13-photos.leclercdrive.fr/image.ashx?id=2991482&use=l&cat=p&typeid=i","cat":316007},{"id":14007,"n":"Jambon de Bayonne IGP NRT 4 Grandes Tranches - 120g","p":3.63,"u":"30,25 €/KG","img":"https://fd13-photos.leclercdrive.fr/image.ashx?id=2207661&use=l&cat=p&typeid=i","cat":316007},{"id":14018,"n":"Chocolat Pâtissier Tablette dOr Noir corsé - 64% cacao - 200g","p":2.13,"u":"10,65 €/KG","img":"https://fd13-photos.leclercdrive.fr/image.ashx?id=2602349&use=l&cat=p&typeid=i","cat":285562},{"id":14023,"n":"Rasoir Carré Homme 3 lames - x1","p":3.99,"img":"https://fd13-photos.leclercdrive.fr/image.ashx?id=2704618&use=l&cat=p&typeid=i","cat":284616},{"id":14027,"n":"Lingettes Hygiène intime Doulys x20","p":1.69,"img":"https://fd13-photos.leclercdrive.fr/image.ashx?id=2815632&use=l&cat=p&typeid=i","cat":284627},{"id":14031,"n":"Crème Décolorante Siliss Visage et Corps - 2x50ml","p":2.77,"u":"27,70 €/L","img":"https://fd13-photos.leclercdrive.fr/image.ashx?id=2743783&use=l&cat=p&typeid=i","cat":325351},{"id":14033,"n":"Crochets anti-mites Insectivor Cèdre 2x3ml","p":1.99,"u":"331,67 €/L","img":"https://fd13-photos.leclercdrive.fr/image.ashx?id=2849575&use=l&cat=p&typeid=i","cat":298368},{"id":14050,"n":"Rhum blanc Réunion 49%vol NRT 1L","p":14.62,"u":"14,62 €/L","img":"https://fd13-photos.leclercdrive.fr/image.ashx?id=1208791&use=l&cat=p&typeid=i","cat":284550},{"id":14064,"n":"Préparation NRT Abricots d'Occitanie - 315g","p":2.99,"u":"9,49 €/KG","img":"https://fd13-photos.leclercdrive.fr/image.ashx?id=2590466&use=l&cat=p&typeid=i","cat":284480},{"id":14066,"n":"Crème anchoïade NRT à la provençale - 90g","p":2.09,"u":"23,22 €/KG","img":"https://fd13-photos.leclercdrive.fr/image.ashx?id=2991166&use=l&cat=p&typeid=i","cat":285191},{"id":14068,"n":"Miel Nid d'Abeille A tartiner - 500 g","p":3.19,"u":"6,38 €/KG","img":"https://fd13-photos.leclercdrive.fr/image.ashx?id=2693120&use=l&cat=p&typeid=i","cat":287643},{"id":14075,"n":"Lait de coco Tables du monde 400ml","p":1.52,"u":"3,80 €/L","img":"https://fd13-photos.leclercdrive.fr/image.ashx?id=1960758&use=l&cat=p&typeid=i","cat":288992},{"id":14081,"n":"Ratatouille Bio Village Bio A la provençale - 650g","p":2.35,"u":"3,62 €/KG","img":"https://fd13-photos.leclercdrive.fr/image.ashx?id=2762513&use=l&cat=p&typeid=i","cat":312612},{"id":14082,"n":"Miel de fleurs bio Bio Village 500g","p":4.99,"u":"9,98 €/KG","img":"https://fd13-photos.leclercdrive.fr/image.ashx?id=2348265&use=l&cat=p&typeid=i","cat":287643},{"id":14087,"n":"Quenelles de veau Coté Table Sauce financière 400g","p":1.85,"u":"4,63 €/KG","img":"https://fd13-photos.leclercdrive.fr/image.ashx?id=2977864&use=l&cat=p&typeid=i","cat":284441},{"id":14088,"n":"Garnit bouchée reine Coté Table 400g","p":1.87,"u":"4,68 €/KG","img":"https://fd13-photos.leclercdrive.fr/image.ashx?id=2977150&use=l&cat=p&typeid=i","cat":284441},{"id":14092,"n":"Brandade de morue NRT de Nîmes - 150g","p":3.82,"u":"19,10 €/KG","img":"https://fd13-photos.leclercdrive.fr/image.ashx?id=2663833&use=l&cat=p&typeid=i","cat":285191},{"id":14094,"n":"Confiture pêches de vigne NRT De la Valée du Rhône - 315g","p":3.03,"u":"9,62 €/KG","img":"https://fd13-photos.leclercdrive.fr/image.ashx?id=2657286&use=l&cat=p&typeid=i","cat":284480},{"id":14099,"n":"Spray nettoyant Eco+ avec Javel 750ml","p":0.87,"u":"1,16 €/L","img":"https://fd13-photos.leclercdrive.fr/image.ashx?id=2837003&use=l&cat=p&typeid=i","cat":325357},{"id":14104,"n":"Gâteau breton fourré NRT Pruneaux - 400g","p":4.49,"u":"11,23 €/KG","img":"https://fd13-photos.leclercdrive.fr/image.ashx?id=2622305&use=l&cat=p&typeid=i","cat":293600},{"id":14111,"n":"Houmous Tables du Monde 200g","p":1.43,"u":"7,15 €/KG","img":"https://fd13-photos.leclercdrive.fr/image.ashx?id=2872258&use=l&cat=p&typeid=i","cat":315999},{"id":14113,"n":"Rasoirs jetables Siliss 2 lames - x10","p":1.19,"u":"0,12 €/P","img":"https://fd13-photos.leclercdrive.fr/image.ashx?id=2602763&use=l&cat=p&typeid=i","cat":325352},{"id":14118,"n":"Carottes râpées Eco+ Assaisonnées - 500g","p":0.84,"u":"1,68 €/KG","img":"https://fd13-photos.leclercdrive.fr/image.ashx?id=2850805&use=l&cat=p&typeid=i","cat":333657},{"id":14122,"n":"Bâtonnets crâbe Eco+ x24 - 400g","p":1.27,"u":"3,18 €/KG","img":"https://fd13-photos.leclercdrive.fr/image.ashx?id=2865239&use=l&cat=p&typeid=i","cat":285189},{"id":14124,"n":"Rosette pur porc Eco+ 12 tranches - 150g","p":1.26,"u":"8,40 €/KG","img":"https://fd13-photos.leclercdrive.fr/image.ashx?id=2728222&use=l&cat=p&typeid=i","cat":316007},{"id":14126,"n":"Lasagnes bolognaise Eco+ 1kg","p":3.31,"u":"3,31 €/KG","img":"https://fd13-photos.leclercdrive.fr/image.ashx?id=2814842&use=l&cat=p&typeid=i","cat":333666},{"id":14131,"n":"Désodorisant Visior Lave-vaisselle Citron - x2","p":1.29,"u":"0,65 €/P","img":"https://fd13-photos.leclercdrive.fr/image.ashx?id=2951119&use=l&cat=p&typeid=i","cat":284657},{"id":14132,"n":"Bloc wc javel Syphon 2x40g","p":1.46,"u":"18,25 €/KG","img":"https://fd13-photos.leclercdrive.fr/image.ashx?id=2302540&use=l&cat=p&typeid=i","cat":284662},{"id":14135,"n":"Brosse à dents Eco+ Médium x2","p":0.29,"u":"0,15 €/P","img":"https://fd13-photos.leclercdrive.fr/image.ashx?id=2783783&use=l&cat=p&typeid=i","cat":284614},{"id":14138,"n":"Lingettes dépoussiérantes Eco+ x40","p":1.76,"u":"0,04 €/P","img":"https://fd13-photos.leclercdrive.fr/image.ashx?id=2805972&use=l&cat=p&typeid=i","cat":325364},{"id":14140,"n":"Savon extra-doux Manava Douceur d'amande 6x100g","p":3.16,"u":"5,27 €/KG","img":"https://fd13-photos.leclercdrive.fr/image.ashx?id=2331312&use=l&cat=p&typeid=i","cat":284597},{"id":14144,"n":"Lingettes bébé Mots d'Enfants Débarbouillantes - x40","p":1.3,"u":"0,03 €/P","img":"https://fd13-photos.leclercdrive.fr/image.ashx?id=2856471&use=l&cat=p&typeid=i","cat":284738},{"id":14150,"n":"Nettoyant sol carrelés Clair Savon huile de lin 1L","p":2.15,"u":"2,15 €/L","img":"https://fd13-photos.leclercdrive.fr/image.ashx?id=1944577&use=l&cat=p&typeid=i","cat":284907},{"id":14153,"n":"Bonbons Eco+ Menthe Eucalyptus - 240g","p":1.0,"u":"4,17 €/KG","img":"https://fd13-photos.leclercdrive.fr/image.ashx?id=2133506&use=l&cat=p&typeid=i","cat":304252},{"id":14154,"n":"Bonbons gélifiés Eco+ Frites - 200g","p":1.11,"u":"5,55 €/KG","img":"https://fd13-photos.leclercdrive.fr/image.ashx?id=2184460&use=l&cat=p&typeid=i","cat":304250},{"id":14158,"n":"Fromage Mystère du Prieuré Lait pasteurisé - 340g","p":2.65,"u":"7,79 €/KG","img":"https://fd13-photos.leclercdrive.fr/image.ashx?id=2900085&use=l&cat=p&typeid=i","cat":329184},{"id":14159,"n":"Bonbons gélifiés Eco+ Goût cola - 200g","p":0.95,"u":"4,75 €/KG","img":"https://fd13-photos.leclercdrive.fr/image.ashx?id=2387073&use=l&cat=p&typeid=i","cat":304250},{"id":14163,"n":"Crème nettoyante Clair 3en1 - Fraicheur - 750ml","p":1.44,"u":"1,92 €/L","img":"https://fd13-photos.leclercdrive.fr/image.ashx?id=2358324&use=l&cat=p&typeid=i","cat":325357},{"id":14164,"n":"Roquefort AOP Eco+ Lait cru brebis 150g","p":2.17,"u":"14,47 €/KG","img":"https://fd13-photos.leclercdrive.fr/image.ashx?id=2712858&use=l&cat=p&typeid=i","cat":314032},{"id":14165,"n":"Crème de soin cheveux Vitanove Boucles sans rinçage 200ml","p":1.29,"u":"6,45 €/L","img":"https://fd13-photos.leclercdrive.fr/image.ashx?id=1947997&use=l&cat=p&typeid=i","cat":284608},{"id":14167,"n":"Brosse à dents Dentamyl Extra souple x1","p":0.85,"img":"https://fd13-photos.leclercdrive.fr/image.ashx?id=2790925&use=l&cat=p&typeid=i","cat":284614},{"id":14170,"n":"Nettoyant lave-vaisselle Visior 250ml","p":2.7,"u":"10,80 €/L","img":"https://fd13-photos.leclercdrive.fr/image.ashx?id=2946451&use=l&cat=p&typeid=i","cat":284657},{"id":14179,"n":"Betteraves rouges Bio Village Bio - 200g","p":1.99,"u":"9,95 €/KG","img":"https://fd13-photos.leclercdrive.fr/image.ashx?id=2659197&use=l&cat=p&typeid=i","cat":333657},{"id":14182,"n":"Déodorant stick Carré Homme Marine - 50ml","p":2.18,"u":"43,60 €/L","img":"https://fd13-photos.leclercdrive.fr/image.ashx?id=2481207&use=l&cat=p&typeid=i","cat":284618},{"id":14183,"n":"Lame de rasoir Siliss 3 lames - x4","p":3.59,"img":"https://fd13-photos.leclercdrive.fr/image.ashx?id=2699414&use=l&cat=p&typeid=i","cat":325352},{"id":14187,"n":"Masque réparateur Vitanove Secs abîmés cassants 300ml","p":2.64,"u":"8,80 €/L","img":"https://fd13-photos.leclercdrive.fr/image.ashx?id=2856275&use=l&cat=p&typeid=i","cat":284608},{"id":14190,"n":"Savon mains en crème Manava nourrissante à l'amande - 300ml","p":0.88,"u":"2,93 €/L","img":"https://fd13-photos.leclercdrive.fr/image.ashx?id=2935471&use=l&cat=p&typeid=i","cat":284597},{"id":14193,"n":"Masque capillaire Vitanove Extra color 300ml","p":2.69,"u":"8,97 €/L","img":"https://fd13-photos.leclercdrive.fr/image.ashx?id=2149095&use=l&cat=p&typeid=i","cat":284608},{"id":14195,"n":"Bande à découper Primoplast Peaux sensibles - 10x6cm","p":0.89,"img":"https://fd13-photos.leclercdrive.fr/image.ashx?id=2856417&use=l&cat=p&typeid=i","cat":284630},{"id":14196,"n":"Après-shampooing Vitanove Réparateur - 200ml","p":1.38,"u":"6,90 €/L","img":"https://fd13-photos.leclercdrive.fr/image.ashx?id=2618311&use=l&cat=p&typeid=i","cat":284607},{"id":14201,"n":"Filets de Morue Ronde des Mers Prêt à cuisiner 400g","p":7.99,"u":"19,98 €/KG","img":"https://fd13-photos.leclercdrive.fr/image.ashx?id=2694221&use=l&cat=p&typeid=i","cat":284342},{"id":14211,"n":"Lotion après-rasage Carré Homme Boisée tonifiant 100ml","p":2.62,"u":"26,20 €/L","img":"https://fd13-photos.leclercdrive.fr/image.ashx?id=1648320&use=l&cat=p&typeid=i","cat":288147},{"id":14217,"n":"Crème pieds Primoplast Nutri-réparatrice - 75ml","p":1.49,"u":"19,87 €/L","img":"https://fd13-photos.leclercdrive.fr/image.ashx?id=2832927&use=l&cat=p&typeid=i","cat":325354},{"id":14218,"n":"Dentifrice enfant Dentamyl Bubble gum - 3 à 6 ans - 50ml","p":0.87,"u":"17,40 €/L","img":"https://fd13-photos.leclercdrive.fr/image.ashx?id=2075185&use=l&cat=p&typeid=i","cat":288898},{"id":14219,"n":"Dentifrice enfant Dentamyl Menthe - 7 à 13 ans - 75ml","p":0.74,"u":"9,87 €/L","img":"https://fd13-photos.leclercdrive.fr/image.ashx?id=2489113&use=l&cat=p&typeid=i","cat":288898},{"id":14220,"n":"Shampooing Vitanove Volumateur - 250ml","p":1.79,"u":"7,16 €/L","img":"https://fd13-photos.leclercdrive.fr/image.ashx?id=1909519&use=l&cat=p&typeid=i","cat":284606},{"id":14222,"n":"Lait de toilette Mots d'Enfants Bébé peaux délicates - 250ml","p":1.91,"u":"7,64 €/L","img":"https://fd13-photos.leclercdrive.fr/image.ashx?id=3015024&use=l&cat=p&typeid=i","cat":284741},{"id":14223,"n":"Dépoussiérant meubles Clair Multi-surfaces 300ml","p":1.03,"u":"3,43 €/L","img":"https://fd13-photos.leclercdrive.fr/image.ashx?id=2856681&use=l&cat=p&typeid=i","cat":325364},{"id":14224,"n":"Gel wc Syphon surpuissant 750ml","p":1.07,"u":"1,43 €/L","img":"https://fd13-photos.leclercdrive.fr/image.ashx?id=2558790&use=l&cat=p&typeid=i","cat":284662},{"id":14235,"n":"Change complet Chorys Taille M - x20","p":9.94,"u":"0,50 €/P","img":"https://fd13-photos.leclercdrive.fr/image.ashx?id=2905219&use=l&cat=p&typeid=i","cat":284628},{"id":14243,"n":"Pain de mie nature Epi d'Or Grandes tranches - 825g","p":1.59,"u":"1,93 €/KG","img":"https://fd13-photos.leclercdrive.fr/image.ashx?id=2860724&use=l&cat=p&typeid=i","cat":284477},{"id":14269,"n":"Cidre de Cornouaille NRT AOP  4.5%vol - 75cl","p":3.89,"u":"5,19 €/L","img":"https://fd13-photos.leclercdrive.fr/image.ashx?id=1931556&use=l&cat=p&typeid=i","cat":334880},{"id":14271,"n":"Crème de marrons NRT De l'Ardèche - 325g","p":3.03,"u":"9,32 €/KG","img":"https://fd13-photos.leclercdrive.fr/image.ashx?id=2771061&use=l&cat=p&typeid=i","cat":284481},{"id":14273,"n":"Fromage Pont-l'Evêque AOP  Nos Régions ont du Talent 220g","p":2.65,"u":"12,05 €/KG","img":"https://fd13-photos.leclercdrive.fr/image.ashx?id=2356344&use=l&cat=p&typeid=i","cat":329558},{"id":14278,"n":"Carottes râpées Bio Bio village - 200g","p":1.73,"u":"8,65 €/KG","img":"https://fd13-photos.leclercdrive.fr/image.ashx?id=2670374&use=l&cat=p&typeid=i","cat":333657},{"id":14281,"n":"Galettes du bocage Normand NRT -375g","p":2.95,"u":"7,87 €/KG","img":"https://fd13-photos.leclercdrive.fr/image.ashx?id=2679786&use=l&cat=p&typeid=i","cat":284487},{"id":14285,"n":"Fromage Emmental Eco+ Râpé - 200g","p":1.55,"u":"7,75 €/KG","img":"https://fd13-photos.leclercdrive.fr/image.ashx?id=2942166&use=l&cat=p&typeid=i","cat":314035},{"id":14292,"n":"Eau aromatisée Volvic Zest  Citron - 1,5L","p":1.06,"u":"0,71 €/L","img":"https://fd13-photos.leclercdrive.fr/image.ashx?id=2730253&use=l&cat=p&typeid=i","cat":284537},{"id":14293,"n":"Eau aromatisée Volvic Zest Citron - 6x50cl","p":3.12,"u":"1,04 €/L","img":"https://fd13-photos.leclercdrive.fr/image.ashx?id=2730256&use=l&cat=p&typeid=i","cat":284537},{"id":14316,"n":"Lasagnes saumon Côté Table 1kg","p":6.63,"u":"6,63 €/KG","img":"https://fd13-photos.leclercdrive.fr/image.ashx?id=2790928&use=l&cat=p&typeid=i","cat":284254},{"id":14330,"n":"Poêlée de légumes Notre Jardin Légumes grillés - 750g","p":3.19,"u":"4,25 €/KG","img":"https://fd13-photos.leclercdrive.fr/image.ashx?id=2771369&use=l&cat=p&typeid=i","cat":319823},{"id":14334,"n":"Ratatouille Notre Jardin Cuisinée 750g","p":2.85,"u":"3,80 €/KG","img":"https://fd13-photos.leclercdrive.fr/image.ashx?id=2873129&use=l&cat=p&typeid=i","cat":319823},{"id":14349,"n":"Biscuits Truffine Equador  Meringue crème cacao - 100g","p":2.97,"u":"29,70 €/KG","img":"https://fd13-photos.leclercdrive.fr/image.ashx?id=2597618&use=l&cat=p&typeid=i","cat":284490},{"id":14351,"n":"Bandes non tissées Siliss Recharges -  2x14","p":2.2,"u":"0,08 €/P","img":"https://fd13-photos.leclercdrive.fr/image.ashx?id=2510729&use=l&cat=p&typeid=i","cat":325351},{"id":14352,"n":"Savon Manava  Karité - 2x100g","p":1.44,"u":"7,20 €/KG","img":"https://fd13-photos.leclercdrive.fr/image.ashx?id=1258167&use=l&cat=p&typeid=i","cat":284597},{"id":14359,"n":"Change complet Chorys Taille L - x20","p":10.7,"u":"0,54 €/P","img":"https://fd13-photos.leclercdrive.fr/image.ashx?id=2699435&use=l&cat=p&typeid=i","cat":284628},{"id":14360,"n":"Yaourts à boire Délisse Petits Délis fruits - 8x100g","p":3.21,"u":"4,01 €/KG","img":"https://fd13-photos.leclercdrive.fr/image.ashx?id=2754886&use=l&cat=p&typeid=i","cat":284415},{"id":14371,"n":"Mousse à la crème Duodélisse Nature - 4x100g","p":1.49,"u":"3,73 €/KG","img":"https://fd13-photos.leclercdrive.fr/image.ashx?id=2387334&use=l&cat=p&typeid=i","cat":284409},{"id":14376,"n":"Dés de fromage Les Croisés Ail et fines herbes - 120g","p":1.54,"u":"12,83 €/KG","img":"https://fd13-photos.leclercdrive.fr/image.ashx?id=2741616&use=l&cat=p&typeid=i","cat":314027},{"id":14378,"n":"Dés de fromage Les Croisés Basilic ciboulette - 120g","p":1.69,"u":"14,08 €/KG","img":"https://fd13-photos.leclercdrive.fr/image.ashx?id=2741619&use=l&cat=p&typeid=i","cat":314027},{"id":14381,"n":"Palets bretons NRT 100g","p":1.79,"u":"17,90 €/KG","img":"https://fd13-photos.leclercdrive.fr/image.ashx?id=2622299&use=l&cat=p&typeid=i","cat":284487},{"id":14383,"n":"Blocs WC Syphon Activ' Effect  Lavande - x3","p":1.09,"u":"0,36 €/P","img":"https://fd13-photos.leclercdrive.fr/image.ashx?id=2320710&use=l&cat=p&typeid=i","cat":284662},{"id":14389,"n":"Abricots Maitre Prunille Moelleux - 250g","p":3.55,"u":"14,20 €/KG","img":"https://fd13-photos.leclercdrive.fr/image.ashx?id=1747031&use=l&cat=p&typeid=i","cat":284357},{"id":14415,"n":"Levure chimique Vahiné 5x11g","p":0.46,"u":"8,36 €/KG","img":"https://fd13-photos.leclercdrive.fr/image.ashx?id=2490542&use=l&cat=p&typeid=i","cat":294686},{"id":14427,"n":"Pastis Ricard Anisé 45% vol - 70cl","p":15.7,"u":"22,43 €/L","img":"https://fd13-photos.leclercdrive.fr/image.ashx?id=2976776&use=l&cat=p&typeid=i","cat":284548},{"id":14428,"n":"Whisky Clan Campbell Blended Scotch 40% vol - 1L","p":20.25,"u":"20,25 €/L","img":"https://fd13-photos.leclercdrive.fr/image.ashx?id=2868921&use=l&cat=p&typeid=i","cat":284547},{"id":14431,"n":"Rhum Lagoa 40%vol - 1L","p":13.59,"u":"13,59 €/L","img":"https://fd13-photos.leclercdrive.fr/image.ashx?id=2966481&use=l&cat=p&typeid=i","cat":284550},{"id":14434,"n":"Pastis de Marseille Vivalis 45%vol - 70cl","p":12.88,"u":"18,40 €/L","img":"https://fd13-photos.leclercdrive.fr/image.ashx?id=2590406&use=l&cat=p&typeid=i","cat":284548},{"id":14440,"n":"Bière blonde Desquiles Canette - 5.9%vol. - 50cl","p":1.35,"u":"2,70 €/L","img":"https://fd13-photos.leclercdrive.fr/image.ashx?id=2646991&use=l&cat=p&typeid=i","cat":334853},{"id":14441,"n":"Eau minérale naturelle Evian  6x1l","p":2.93,"u":"0,49 €/L","img":"https://fd13-photos.leclercdrive.fr/image.ashx?id=2969019&use=l&cat=p&typeid=i","cat":284535},{"id":14442,"n":"Champagne brut blanc Pol Carson - 37,5cl","p":11.99,"u":"31,97 €/L","img":"https://fd13-photos.leclercdrive.fr/image.ashx?id=1468965&use=l&cat=p&typeid=i","cat":284542},{"id":14447,"n":"Sirop Frucci Thé Pêche - 75cl","p":3.2,"u":"4,27 €/L","img":"https://fd13-photos.leclercdrive.fr/image.ashx?id=2922697&use=l&cat=p&typeid=i","cat":295020},{"id":14451,"n":"Sirop Frucci Menthe - 1L","p":2.42,"u":"2,42 €/L","img":"https://fd13-photos.leclercdrive.fr/image.ashx?id=2954067&use=l&cat=p&typeid=i","cat":295020},{"id":14452,"n":"Sirop Sport Citron - 1L","p":2.3,"u":"2,30 €/L","img":"https://fd13-photos.leclercdrive.fr/image.ashx?id=3011182&use=l&cat=p&typeid=i","cat":295020},{"id":14458,"n":"Biscuits tablette Eco+ Chocolat au lait - 150g","p":0.98,"u":"6,53 €/KG","img":"https://fd13-photos.leclercdrive.fr/image.ashx?id=2682750&use=l&cat=p&typeid=i","cat":284488},{"id":14494,"n":"Coquilles Saint-Jacques Tipiak À la bretonne - 4x90g","p":6.48,"u":"18,00 €/KG","img":"https://fd13-photos.leclercdrive.fr/image.ashx?id=2559754&use=l&cat=p&typeid=i","cat":319775},{"id":14512,"n":"Sachets glaçons Elembal x15","p":0.79,"img":"https://fd13-photos.leclercdrive.fr/image.ashx?id=2671810&use=l&cat=p&typeid=i","cat":334134},{"id":14536,"n":"Escalope Fine Dinde LR x2  IGP Volailles du Maine  - 240g","p":5.34,"u":"22,25 €/KG","img":"https://fd13-photos.leclercdrive.fr/image.ashx?id=2250567&use=l&cat=p&typeid=i","cat":284337},{"id":14543,"n":"Serviettes papier Homeside Double épaisseur 33x33cm - x100","p":2.29,"img":"https://fd13-photos.leclercdrive.fr/image.ashx?id=1659678&use=l&cat=p&typeid=i","cat":334134},{"id":14544,"n":"Serviettes papier Homeside Triple épaisseur 40x40 x50","p":2.99,"u":"0,06 €/P","img":"https://fd13-photos.leclercdrive.fr/image.ashx?id=1659681&use=l&cat=p&typeid=i","cat":334134},{"id":14563,"n":"Serviettes Eco+ papier blanc x200","p":1.23,"u":"0,01 €/P","img":"https://fd13-photos.leclercdrive.fr/image.ashx?id=1413111&use=l&cat=p&typeid=i","cat":334134},{"id":14570,"n":"Nappe Eco+ papier blanche 25m","p":4.77,"u":"0,19 €/MT","img":"https://fd13-photos.leclercdrive.fr/image.ashx?id=1300431&use=l&cat=p&typeid=i","cat":334134},{"id":14574,"n":"Serviette incontinence Chorys Normal - x12","p":1.99,"u":"0,17 €/P","img":"https://fd13-photos.leclercdrive.fr/image.ashx?id=2393848&use=l&cat=p&typeid=i","cat":284628},{"id":14575,"n":"Serviette incontinence Chorys Mini - x20","p":2.55,"u":"0,13 €/P","img":"https://fd13-photos.leclercdrive.fr/image.ashx?id=2448409&use=l&cat=p&typeid=i","cat":284628},{"id":14578,"n":"Papier toilette Mimosa Rose - Ultra doux - x6","p":2.68,"u":"0,45 €/P","img":"https://fd13-photos.leclercdrive.fr/image.ashx?id=2816115&use=l&cat=p&typeid=i","cat":284634},{"id":14582,"n":"Bandes de cire froide Siliss Corps - Peaux sensibles - x40","p":2.25,"u":"0,06 €/P","img":"https://fd13-photos.leclercdrive.fr/image.ashx?id=2699426&use=l&cat=p&typeid=i","cat":325351},{"id":14625,"n":"Boisson énergétique Powerade Ice storm - 50cl","p":0.91,"u":"1,82 €/L","img":"https://fd13-photos.leclercdrive.fr/image.ashx?id=2970756&use=l&cat=p&typeid=i","cat":284533},{"id":14626,"n":"Boisson aux fruits Oasis Saveur Pêche Abricot - 2L","p":2.25,"u":"1,13 €/L","img":"https://fd13-photos.leclercdrive.fr/image.ashx?id=2688635&use=l&cat=p&typeid=i","cat":295018},{"id":14635,"n":"Soda Jean's Cola Bouteille - 4x50cl","p":2.75,"u":"1,38 €/L","img":"https://fd13-photos.leclercdrive.fr/image.ashx?id=2684811&use=l&cat=p&typeid=i","cat":284530},{"id":14636,"n":"Soda Jean's Cola Zéro Canette - 6x33cl","p":1.98,"u":"1,00 €/L","img":"https://fd13-photos.leclercdrive.fr/image.ashx?id=2637886&use=l&cat=p&typeid=i","cat":284530},{"id":14637,"n":"Biscuits P'tit Déli ronds Chocolat noir 200g","p":1.4,"u":"7,00 €/KG","img":"https://fd13-photos.leclercdrive.fr/image.ashx?id=2884207&use=l&cat=p&typeid=i","cat":284488},{"id":14654,"n":"Soupe liquide Liebig  Potiron - Brique 1L","p":2.81,"u":"2,81 €/L","img":"https://fd13-photos.leclercdrive.fr/image.ashx?id=2785355&use=l&cat=p&typeid=i","cat":284462},{"id":14657,"n":"Eponges gratounette Spontex x2","p":2.05,"u":"1,03 €/P","img":"https://fd13-photos.leclercdrive.fr/image.ashx?id=2392292&use=l&cat=p&typeid=i","cat":284667},{"id":14659,"n":"Gel désinfectant mains Sanytol Au thé vert - 250ml","p":3.5,"u":"14,00 €/L","img":"https://fd13-photos.leclercdrive.fr/image.ashx?id=1754056&use=l&cat=p&typeid=i","cat":284630},{"id":14660,"n":"Gel désinfectant mains Sanytol Au thé vert - 75ml","p":1.95,"u":"26,00 €/L","img":"https://fd13-photos.leclercdrive.fr/image.ashx?id=2338730&use=l&cat=p&typeid=i","cat":284630},{"id":14675,"n":"boisson végétale lait d'amande  bio bjorg intense - 1L","p":2.82,"u":"2,82 €/L","img":"https://fd13-photos.leclercdrive.fr/image.ashx?id=2970918&use=l&cat=p&typeid=i","cat":316067},{"id":14688,"n":"Biscuits Bjorg Fourrés Chocolat lait bio 225g","p":2.94,"u":"13,07 €/KG","img":"https://fd13-photos.leclercdrive.fr/image.ashx?id=2970927&use=l&cat=p&typeid=i","cat":284488},{"id":14713,"n":"Rasoirs jetables Bic Twin Lady x8","p":1.57,"u":"0,20 €/P","img":"https://fd13-photos.leclercdrive.fr/image.ashx?id=2887569&use=l&cat=p&typeid=i","cat":325352},{"id":14749,"n":"Eau nettoyante Mixa Bébé  Hydratante - 250ml","p":2.64,"u":"10,56 €/L","img":"https://fd13-photos.leclercdrive.fr/image.ashx?id=2286603&use=l&cat=p&typeid=i","cat":284741},{"id":14761,"n":"Baume Après-rasage Nivea Men Peaux Sensibles - 100ml","p":4.11,"u":"41,10 €/L","img":"https://fd13-photos.leclercdrive.fr/image.ashx?id=3014590&use=l&cat=p&typeid=i","cat":288147},{"id":14763,"n":"Shampooing Pétrol Hahn Force -  250ml","p":2.3,"u":"9,20 €/L","img":"https://fd13-photos.leclercdrive.fr/image.ashx?id=2104450&use=l&cat=p&typeid=i","cat":284621},{"id":14765,"n":"Pile alcaline Tech+ Foxter 9V/6LP3146","p":2.29,"img":"https://fd13-photos.leclercdrive.fr/image.ashx?id=2162180&use=l&cat=p&typeid=i","cat":300572},{"id":14814,"n":"Compotes pommes Andros 4x100g","p":1.35,"u":"3,38 €/KG","img":"https://fd13-photos.leclercdrive.fr/image.ashx?id=2883925&use=l&cat=p&typeid=i","cat":284416},{"id":14827,"n":"Bloc notes adhésif Esquisse  76mmx76mm - 2x100","p":0.99,"img":"https://fd13-photos.leclercdrive.fr/image.ashx?id=1678694&use=l&cat=p&typeid=i","cat":334133},{"id":14828,"n":"Rouleau adhésif transparent Eco + x1","p":0.14,"img":"https://fd13-photos.leclercdrive.fr/image.ashx?id=1701136&use=l&cat=p&typeid=i","cat":334133},{"id":14833,"n":"Copies doubles Eco+ Grands carreaux A4 - x400","p":1.99,"img":"https://fd13-photos.leclercdrive.fr/image.ashx?id=1929750&use=l&cat=p&typeid=i","cat":284697},{"id":14836,"n":"Crayon à papier HB  Eco+ + gomme - x4","p":0.2,"u":"0,05 €/P","img":"https://fd13-photos.leclercdrive.fr/image.ashx?id=1699678&use=l&cat=p&typeid=i","cat":284696},{"id":14852,"n":"Kit traçage Eco+ 3 pièces","p":0.49,"img":"https://fd13-photos.leclercdrive.fr/image.ashx?id=2943136&use=l&cat=p&typeid=i","cat":334133},{"id":14854,"n":"Crayons de couleur Eco+ x12","p":0.59,"img":"https://fd13-photos.leclercdrive.fr/image.ashx?id=1929756&use=l&cat=p&typeid=i","cat":284696},{"id":14858,"n":"Feutres Eco+ x12","p":0.59,"img":"https://fd13-photos.leclercdrive.fr/image.ashx?id=2553941&use=l&cat=p&typeid=i","cat":284696},{"id":14873,"n":"Pastilles javel La Croix x40","p":2.02,"u":"15,07 €/KG","img":"https://fd13-photos.leclercdrive.fr/image.ashx?id=2679693&use=l&cat=p&typeid=i","cat":284661},{"id":14880,"n":"Compote Charles & Alice Pommes Mangues - 4x100g","p":1.44,"u":"3,60 €/KG","img":"https://fd13-photos.leclercdrive.fr/image.ashx?id=2757347&use=l&cat=p&typeid=i","cat":284416},{"id":14887,"n":"Compote Charles & Alice Pommes - 4x100g","p":1.45,"u":"3,63 €/KG","img":"https://fd13-photos.leclercdrive.fr/image.ashx?id=2757677&use=l&cat=p&typeid=i","cat":284416},{"id":14888,"n":"Compote Charles & Alice Pommes Poires - 4x100g","p":1.46,"u":"3,65 €/KG","img":"https://fd13-photos.leclercdrive.fr/image.ashx?id=2936902&use=l&cat=p&typeid=i","cat":284416},{"id":14901,"n":"Mozzarella di Buffala AOP Les Croisés - 125g","p":1.65,"u":"13,20 €/KG","img":"https://fd13-photos.leclercdrive.fr/image.ashx?id=2146137&use=l&cat=p&typeid=i","cat":314026},{"id":14911,"n":"Bloc WC cuvette Harpic  Eau Bleue - x2","p":1.32,"u":"17,37 €/KG","img":"https://fd13-photos.leclercdrive.fr/image.ashx?id=2264743&use=l&cat=p&typeid=i","cat":284662},{"id":14917,"n":"CILLIT BANG Gel WC Surpuissant  Désinfectant Javel - 750ml","p":2.95,"u":"3,93 €/L","img":"https://fd13-photos.leclercdrive.fr/image.ashx?id=2902322&use=l&cat=p&typeid=i","cat":284662},{"id":14918,"n":"Dessert fruitier framboise Douceur du Verger s/sucre 4x97g","p":1.42,"u":"3,66 €/KG","img":"https://fd13-photos.leclercdrive.fr/image.ashx?id=1957075&use=l&cat=p&typeid=i","cat":284416},{"id":14924,"n":"Lasagnes chèvre épinards Côté Table - 500g","p":2.85,"u":"5,70 €/KG","img":"https://fd13-photos.leclercdrive.fr/image.ashx?id=2647874&use=l&cat=p&typeid=i","cat":284254},{"id":14932,"n":"Rhum blanc Saint James 40% vol - 70cl","p":11.43,"u":"16,33 €/L","img":"https://fd13-photos.leclercdrive.fr/image.ashx?id=2970948&use=l&cat=p&typeid=i","cat":284550},{"id":14934,"n":"Gin Gibson 37.5%vol - 70cl","p":11.0,"u":"15,71 €/L","img":"https://fd13-photos.leclercdrive.fr/image.ashx?id=2755396&use=l&cat=p&typeid=i","cat":284550},{"id":14978,"n":"Liqueur de whisky Baird's Irish cream 17%vol. - 70cl","p":6.69,"u":"9,56 €/L","img":"https://fd13-photos.leclercdrive.fr/image.ashx?id=1654895&use=l&cat=p&typeid=i","cat":286032},{"id":14979,"n":"Crème de cassis de dijon NRT 20%vol. - 70cl","p":9.99,"u":"14,27 €/L","img":"https://fd13-photos.leclercdrive.fr/image.ashx?id=2762632&use=l&cat=p&typeid=i","cat":286032},{"id":14980,"n":"Crème de framboise Auguste  Mugniot 15%vol. - 50cl","p":5.49,"u":"10,98 €/L","img":"https://fd13-photos.leclercdrive.fr/image.ashx?id=829186&use=l&cat=p&typeid=i","cat":286032},{"id":14982,"n":"Cocktail Punch coco Lagoa 15%vol - 70cl","p":4.99,"u":"7,13 €/L","img":"https://fd13-photos.leclercdrive.fr/image.ashx?id=2958311&use=l&cat=p&typeid=i","cat":284551},{"id":14983,"n":"Pastis de Marseille Vivalis 45%vol - 1,5L","p":25.35,"u":"16,90 €/L","img":"https://fd13-photos.leclercdrive.fr/image.ashx?id=2805015&use=l&cat=p&typeid=i","cat":284548},{"id":14984,"n":"Guignolet Auguste Mugniot Kirsch - 15%vol. - 1L","p":6.99,"u":"6,99 €/L","img":"https://fd13-photos.leclercdrive.fr/image.ashx?id=745118&use=l&cat=p&typeid=i","cat":286032},{"id":14985,"n":"Liqueur de gentiane Boliane 15%vol. 1L","p":4.34,"u":"4,34 €/L","img":"https://fd13-photos.leclercdrive.fr/image.ashx?id=751429&use=l&cat=p&typeid=i","cat":284913},{"id":14987,"n":"Scotch Whisky Baird's 40%vol - 1,5L","p":22.93,"u":"15,29 €/L","img":"https://fd13-photos.leclercdrive.fr/image.ashx?id=2913660&use=l&cat=p&typeid=i","cat":284547},{"id":14989,"n":"Bière blonde Amsterdam  Navigator 8%vol. - 50cl","p":1.4,"u":"2,80 €/L","img":"https://fd13-photos.leclercdrive.fr/image.ashx?id=2191104&use=l&cat=p&typeid=i","cat":334853},{"id":14993,"n":"Bière blonde Leffe Rituel 9% - 6x25cl","p":5.63,"u":"3,75 €/L","img":"https://fd13-photos.leclercdrive.fr/image.ashx?id=2548285&use=l&cat=p&typeid=i","cat":334852},{"id":15007,"n":"Protège-slips Doulys Ultra-mince Normal Plié - x30","p":1.19,"u":"0,04 €/P","img":"https://fd13-photos.leclercdrive.fr/image.ashx?id=2816109&use=l&cat=p&typeid=i","cat":284625},{"id":15009,"n":"Champagne Mercier Demi-sec 12%vol - 75cl","p":24.9,"u":"33,20 €/L","img":"https://fd13-photos.leclercdrive.fr/image.ashx?id=1867171&use=l&cat=p&typeid=i","cat":284542},{"id":15010,"n":"Serviette incontinence Chorys Extra - x10","p":1.99,"u":"0,20 €/P","img":"https://fd13-photos.leclercdrive.fr/image.ashx?id=2393851&use=l&cat=p&typeid=i","cat":284628},{"id":15016,"n":"AOP Crémant d'Alsace Wolfberger Brut - 75cl","p":7.56,"u":"10,08 €/L","img":"https://fd13-photos.leclercdrive.fr/image.ashx?id=2323502&use=l&cat=p&typeid=i","cat":284544},{"id":15022,"n":"Jus de pamplemousse rose Bio Bio Village - 1L","p":3.82,"u":"3,82 €/L","img":"https://fd13-photos.leclercdrive.fr/image.ashx?id=1959487&use=l&cat=p&typeid=i","cat":284914},{"id":15023,"n":"Crème adhésive Dentamyl 50g","p":2.08,"u":"41,60 €/KG","img":"https://fd13-photos.leclercdrive.fr/image.ashx?id=2643372&use=l&cat=p&typeid=i","cat":285158},{"id":15025,"n":"Nectar Jafaden Pomme kiwi - 1L","p":2.35,"u":"2,35 €/L","img":"https://fd13-photos.leclercdrive.fr/image.ashx?id=2895771&use=l&cat=p&typeid=i","cat":284915},{"id":15034,"n":"Déodorant bille Bio Naïa 50ml","p":1.25,"u":"25,00 €/L","img":"https://fd13-photos.leclercdrive.fr/image.ashx?id=1858223&use=l&cat=p&typeid=i","cat":284595},{"id":15036,"n":"Huile sèche corps bio Bio Naïa Spray - 100ml","p":4.49,"u":"44,90 €/L","img":"https://fd13-photos.leclercdrive.fr/image.ashx?id=1655769&use=l&cat=p&typeid=i","cat":325349},{"id":15039,"n":"Crème visage bio Bio Naïa Hydratante 50ml","p":1.99,"u":"39,80 €/L","img":"https://fd13-photos.leclercdrive.fr/image.ashx?id=2436651&use=l&cat=p&typeid=i","cat":325345},{"id":15053,"n":"Déodorant Manava Grenade - 200ml","p":1.37,"u":"6,85 €/L","img":"https://fd13-photos.leclercdrive.fr/image.ashx?id=2699276&use=l&cat=p&typeid=i","cat":284595},{"id":15058,"n":"Biscuits tablettes Bio Village Bio Chocolat au lait 150g","p":2.38,"u":"15,87 €/KG","img":"https://fd13-photos.leclercdrive.fr/image.ashx?id=2650819&use=l&cat=p&typeid=i","cat":284488},{"id":15059,"n":"Gaufrettes P'tit Déli Praliné chocolat au lait - 175g","p":1.85,"u":"10,57 €/KG","img":"https://fd13-photos.leclercdrive.fr/image.ashx?id=2402802&use=l&cat=p&typeid=i","cat":284488},{"id":15060,"n":"Biscuits tablettes Bio Village Bio Chocolat noir 150g","p":2.39,"u":"15,93 €/KG","img":"https://fd13-photos.leclercdrive.fr/image.ashx?id=2708943&use=l&cat=p&typeid=i","cat":284488},{"id":15066,"n":"Savon douceur Manava Bouquet fleurs blanches 4x100g","p":1.37,"u":"3,43 €/KG","img":"https://fd13-photos.leclercdrive.fr/image.ashx?id=2358342&use=l&cat=p&typeid=i","cat":284597},{"id":15076,"n":"Recharges plaquettes Insectivor Anti-moustiques - x30","p":2.99,"u":"0,10 €/P","img":"https://fd13-photos.leclercdrive.fr/image.ashx?id=1938552&use=l&cat=p&typeid=i","cat":298368},{"id":15108,"n":"Salade Mexicaine Petit Navire 220g","p":1.95,"u":"8,86 €/KG","img":"https://fd13-photos.leclercdrive.fr/image.ashx?id=2829652&use=l&cat=p&typeid=i","cat":284437},{"id":15125,"n":"Marrons glacés Equador 10 marrons entiers - 200g","p":8.9,"u":"44,50 €/KG","img":"https://fd13-photos.leclercdrive.fr/image.ashx?id=2228004&use=l&cat=p&typeid=i","cat":327603},{"id":15131,"n":"Nectar multifruits Jafaden 2L","p":2.49,"u":"1,25 €/L","img":"https://fd13-photos.leclercdrive.fr/image.ashx?id=2956032&use=l&cat=p&typeid=i","cat":284917},{"id":15139,"n":"Boisson instantanée cacao Eco+ Granules - 800g","p":3.01,"u":"3,76 €/KG","img":"https://fd13-photos.leclercdrive.fr/image.ashx?id=2843093&use=l&cat=p&typeid=i","cat":293235},{"id":15142,"n":"Biscuits P'tit Déli Florentin Amande chocolat 100g","p":1.96,"u":"19,60 €/KG","img":"https://fd13-photos.leclercdrive.fr/image.ashx?id=2562701&use=l&cat=p&typeid=i","cat":284490},{"id":15145,"n":"Champignons Tables du Monde Noirs déshydratés 25g","p":2.49,"u":"99,60 €/KG","img":"https://fd13-photos.leclercdrive.fr/image.ashx?id=2920166&use=l&cat=p&typeid=i","cat":288992},{"id":15146,"n":"Génoises fourrées P'tit Déli Citron - 150g","p":1.88,"u":"12,53 €/KG","img":"https://fd13-photos.leclercdrive.fr/image.ashx?id=2482499&use=l&cat=p&typeid=i","cat":284489},{"id":15149,"n":"Petit Beurre P'tit Déli Pépites chocolat x24 200g","p":1.76,"u":"8,80 €/KG","img":"https://fd13-photos.leclercdrive.fr/image.ashx?id=2694100&use=l&cat=p&typeid=i","cat":284487},{"id":15150,"n":"Biscuits P'tit Déli Déli'Coco 100g","p":1.89,"u":"18,90 €/KG","img":"https://fd13-photos.leclercdrive.fr/image.ashx?id=2562704&use=l&cat=p&typeid=i","cat":284490},{"id":15152,"n":"Biscuits P'tit Déli Fleur de caramel 100g","p":2.25,"u":"22,50 €/KG","img":"https://fd13-photos.leclercdrive.fr/image.ashx?id=2935220&use=l&cat=p&typeid=i","cat":284490},{"id":15159,"n":"Fécule de maïs Tablier Blanc 400g","p":1.19,"u":"2,98 €/KG","img":"https://fd13-photos.leclercdrive.fr/image.ashx?id=2487443&use=l&cat=p&typeid=i","cat":288382},{"id":15162,"n":"Rillettes pur porc Côté Table 3x78g","p":2.75,"u":"11,75 €/KG","img":"https://fd13-photos.leclercdrive.fr/image.ashx?id=2518514&use=l&cat=p&typeid=i","cat":305149},{"id":15163,"n":"Sablés fourrés P'tit Déli Noisette 125g","p":1.92,"u":"15,36 €/KG","img":"https://fd13-photos.leclercdrive.fr/image.ashx?id=2791266&use=l&cat=p&typeid=i","cat":284487},{"id":15181,"n":"Boisson aux fruits Oasis Saveur Fraise Framboise - 2L","p":2.22,"u":"1,11 €/L","img":"https://fd13-photos.leclercdrive.fr/image.ashx?id=2677819&use=l&cat=p&typeid=i","cat":295018},{"id":15182,"n":"Filets de maquereaux Saupiquet Tomate basilic - 169g","p":1.98,"u":"11,72 €/KG","img":"https://fd13-photos.leclercdrive.fr/image.ashx?id=2829964&use=l&cat=p&typeid=i","cat":303868},{"id":15183,"n":"Filets de maquereaux Saupiquet Escabèche - 169g","p":1.89,"u":"11,18 €/KG","img":"https://fd13-photos.leclercdrive.fr/image.ashx?id=2829970&use=l&cat=p&typeid=i","cat":303868},{"id":15194,"n":"Pineau des Charentes J. Gautret Blanc 17%vol. 75cl","p":9.92,"u":"13,23 €/L","img":"https://fd13-photos.leclercdrive.fr/image.ashx?id=1654314&use=l&cat=p&typeid=i","cat":284913},{"id":15256,"n":"Barre chocolat au lait Lion x6 barres - 252g","p":2.35,"u":"9,33 €/KG","img":"https://fd13-photos.leclercdrive.fr/image.ashx?id=2736991&use=l&cat=p&typeid=i","cat":284498},{"id":15288,"n":"Mouchoirs blancs 4 plis Caresse Mini étuis x15","p":1.16,"u":"0,08 €/P","img":"https://fd13-photos.leclercdrive.fr/image.ashx?id=2824262&use=l&cat=p&typeid=i","cat":284638},{"id":15305,"n":"Eau minérale Saint Antonin 6x1L","p":2.77,"u":"0,46 €/L","img":"https://fd13-photos.leclercdrive.fr/image.ashx?id=2653891&use=l&cat=p&typeid=i","cat":284535},{"id":15431,"n":"Cappuccino nature  x10 stick - 140g","p":2.66,"u":"19,00 €/KG","img":"https://fd13-photos.leclercdrive.fr/image.ashx?id=2458055&use=l&cat=p&typeid=i","cat":284843},{"id":15476,"n":"Eau nettoyante Mots d'Enfants Hydratante - 250ml","p":1.93,"u":"7,72 €/L","img":"https://fd13-photos.leclercdrive.fr/image.ashx?id=3015048&use=l&cat=p&typeid=i","cat":284741},{"id":15499,"n":"Ruban adhésif Crystal Scotch Dévidoir 25mx19mm x1","p":1.95,"img":"https://fd13-photos.leclercdrive.fr/image.ashx?id=2753587&use=l&cat=p&typeid=i","cat":334133},{"id":15500,"n":"Ruban adhésif Magic Scotch Dévidoir 25mx19mm x1","p":1.95,"img":"https://fd13-photos.leclercdrive.fr/image.ashx?id=2753590&use=l&cat=p&typeid=i","cat":334133},{"id":15513,"n":"Gâteau cacao Oreo Lu Rouleaux Vanille - 154g","p":1.09,"u":"7,08 €/KG","img":"https://fd13-photos.leclercdrive.fr/image.ashx?id=3002282&use=l&cat=p&typeid=i","cat":284488},{"id":15525,"n":"Mini gâches briochettes NRT Chocolat noir x8 - 360g","p":2.79,"u":"7,75 €/KG","img":"https://fd13-photos.leclercdrive.fr/image.ashx?id=2670440&use=l&cat=p&typeid=i","cat":284478},{"id":15542,"n":"Prépartion mirabelles NRT De Lorraine  - 315g","p":2.66,"u":"8,44 €/KG","img":"https://fd13-photos.leclercdrive.fr/image.ashx?id=2699795&use=l&cat=p&typeid=i","cat":284480},{"id":15544,"n":"Crackers Tokapi  Fromage et graines - 65g","p":1.34,"u":"20,62 €/KG","img":"https://fd13-photos.leclercdrive.fr/image.ashx?id=2075247&use=l&cat=p&typeid=i","cat":297000},{"id":15592,"n":"Fromage enfant Ficello Nature à effilocher x8 - 168g","p":3.39,"u":"20,18 €/KG","img":"https://fd13-photos.leclercdrive.fr/image.ashx?id=2375376&use=l&cat=p&typeid=i","cat":314030},{"id":15615,"n":"Multifruits Jafaden 100% Pur jus - 1,5L","p":1.99,"u":"1,33 €/L","img":"https://fd13-photos.leclercdrive.fr/image.ashx?id=2890000&use=l&cat=p&typeid=i","cat":284917},{"id":15626,"n":"Salade maxi Florette Laitue iceberg - 450g","p":2.54,"u":"5,64 €/KG","img":"https://fd13-photos.leclercdrive.fr/image.ashx?id=2090039&use=l&cat=p&typeid=i","cat":284353},{"id":15637,"n":"Ciboulette Florette 11g","p":1.69,"u":"153,64 €/KG","img":"https://fd13-photos.leclercdrive.fr/image.ashx?id=2633017&use=l&cat=p&typeid=i","cat":293607},{"id":15638,"n":"Basilic Florette 11g","p":1.72,"u":"156,36 €/KG","img":"https://fd13-photos.leclercdrive.fr/image.ashx?id=2633014&use=l&cat=p&typeid=i","cat":293607},{"id":15641,"n":"Menthe Florette 11g","p":1.69,"u":"153,64 €/KG","img":"https://fd13-photos.leclercdrive.fr/image.ashx?id=2633023&use=l&cat=p&typeid=i","cat":293607},{"id":15642,"n":"Coriandre Florette 11g","p":1.71,"u":"155,45 €/KG","img":"https://fd13-photos.leclercdrive.fr/image.ashx?id=2633020&use=l&cat=p&typeid=i","cat":293607},{"id":15646,"n":"Saumon Atlantique Connétable 112g","p":4.26,"u":"38,04 €/KG","img":"https://fd13-photos.leclercdrive.fr/image.ashx?id=2960162&use=l&cat=p&typeid=i","cat":305147},{"id":15701,"n":"Filets hareng sans peau Baltic à la crème - 400g","p":2.95,"u":"7,38 €/KG","img":"https://fd13-photos.leclercdrive.fr/image.ashx?id=2845889&use=l&cat=p&typeid=i","cat":285190},{"id":15741,"n":"Tampons Doulys Compact Super - x20","p":2.35,"u":"0,12 €/P","img":"https://fd13-photos.leclercdrive.fr/image.ashx?id=2965467&use=l&cat=p&typeid=i","cat":284626},{"id":15746,"n":"Soupe Liquide Liebig  Bisque de Homard - 300g","p":2.47,"u":"8,23 €/KG","img":"https://fd13-photos.leclercdrive.fr/image.ashx?id=2651390&use=l&cat=p&typeid=i","cat":287366},{"id":15801,"n":"IGP Pays d'Oc rosé Cinsault Syrah Ormes de Cambras 12% 75cl","p":2.95,"u":"3,93 €/L","img":"https://fd13-photos.leclercdrive.fr/image.ashx?id=2105158&use=l&cat=p&typeid=i","cat":289558},{"id":15805,"n":"Boisson énergisante Red Bull sans sucres, 4x250ml","p":4.28,"u":"4,28 €/L","img":"https://fd13-photos.leclercdrive.fr/image.ashx?id=3009371&use=l&cat=p&typeid=i","cat":284533},{"id":15807,"n":"Boisson aux fruits Oasis Goût Pomme Cassis Framboise 2L","p":2.42,"u":"1,21 €/L","img":"https://fd13-photos.leclercdrive.fr/image.ashx?id=3014452&use=l&cat=p&typeid=i","cat":295018},{"id":15839,"n":"Coloration Casting Crème gloss Chocolat n°535 - 1 pièce","p":8.83,"img":"https://fd13-photos.leclercdrive.fr/image.ashx?id=2869086&use=l&cat=p&typeid=i","cat":288899},{"id":15840,"n":"Coloration Casting crème gloss Noir ébène n°200 - 1 pièce","p":8.87,"img":"https://fd13-photos.leclercdrive.fr/image.ashx?id=2871973&use=l&cat=p&typeid=i","cat":288899},{"id":15841,"n":"Coloration Casting crème gloss Marron glacé n°415","p":8.8,"img":"https://fd13-photos.leclercdrive.fr/image.ashx?id=1630170&use=l&cat=p&typeid=i","cat":288899},{"id":15842,"n":"Coloration Casting Crème Gloss Chatain foncé corsé n°300","p":9.23,"img":"https://fd13-photos.leclercdrive.fr/image.ashx?id=2869071&use=l&cat=p&typeid=i","cat":288899},{"id":15844,"n":"Coloration Casting crème gloss Chatain clair n°500","p":8.83,"img":"https://fd13-photos.leclercdrive.fr/image.ashx?id=2869083&use=l&cat=p&typeid=i","cat":288899},{"id":15875,"n":"Eau de Cologne Bien Etre Naturelle - 250ml","p":4.42,"u":"17,68 €/L","img":"https://fd13-photos.leclercdrive.fr/image.ashx?id=2353665&use=l&cat=p&typeid=i","cat":291525},{"id":15895,"n":"Soin cheveux nutrition Garnier Cheveu bouclé à frisé - 200ml","p":2.4,"u":"12,00 €/L","img":"https://fd13-photos.leclercdrive.fr/image.ashx?id=2985354&use=l&cat=p&typeid=i","cat":284608},{"id":15908,"n":"Shampooing Pétrol Hahn original Cheveux normaux 250ml","p":2.38,"u":"9,52 €/L","img":"https://fd13-photos.leclercdrive.fr/image.ashx?id=2480512&use=l&cat=p&typeid=i","cat":284621},{"id":15909,"n":"Shampooing Pétrol Hahn Anti-chûte 250ml","p":2.32,"u":"9,28 €/L","img":"https://fd13-photos.leclercdrive.fr/image.ashx?id=2450649&use=l&cat=p&typeid=i","cat":284606},{"id":15910,"n":"Lait de toilette Mixa Bébé  Très Doux - 400ml","p":3.43,"u":"8,58 €/L","img":"https://fd13-photos.leclercdrive.fr/image.ashx?id=2548672&use=l&cat=p&typeid=i","cat":284740},{"id":15912,"n":"Mousse à raser Williams Peau sensible 200ml","p":1.57,"u":"7,85 €/L","img":"https://fd13-photos.leclercdrive.fr/image.ashx?id=2785976&use=l&cat=p&typeid=i","cat":284617},{"id":15916,"n":"Baume après rasage Nivéa For Men Hydratant - 100ml","p":5.57,"u":"55,70 €/L","img":"https://fd13-photos.leclercdrive.fr/image.ashx?id=2981653&use=l&cat=p&typeid=i","cat":288147},{"id":15919,"n":"Soin hydratant L'Oréal Paris Men Expert Anti-fatigue - 50ml","p":5.69,"u":"113,80 €/L","img":"https://fd13-photos.leclercdrive.fr/image.ashx?id=2811278&use=l&cat=p&typeid=i","cat":284622},{"id":15929,"n":"Masque nutri-extrême Dessange Cheveux Très Secs - 250ml","p":5.5,"u":"22,00 €/L","img":"https://fd13-photos.leclercdrive.fr/image.ashx?id=2458742&use=l&cat=p&typeid=i","cat":284608},{"id":15937,"n":"Serviette Hygienique Vania  Maxi confort normal plus - x16","p":1.73,"u":"0,11 €/P","img":"https://fd13-photos.leclercdrive.fr/image.ashx?id=2908027&use=l&cat=p&typeid=i","cat":284624},{"id":16042,"n":"Bâtonnets Trium Café x4 - 280g","p":4.46,"u":"15,93 €/KG","img":"https://fd13-photos.leclercdrive.fr/image.ashx?id=2071086&use=l&cat=p&typeid=i","cat":284265},{"id":16046,"n":"Fromage de chèvre Les Croisés Frais rond - 200g","p":1.89,"u":"9,45 €/KG","img":"https://fd13-photos.leclercdrive.fr/image.ashx?id=2742571&use=l&cat=p&typeid=i","cat":314031},{"id":16061,"n":"Sauce Tomates Barilla Basilic - 400g","p":1.65,"u":"4,13 €/KG","img":"https://fd13-photos.leclercdrive.fr/image.ashx?id=2832518&use=l&cat=p&typeid=i","cat":287599},{"id":16062,"n":"Sauce Pesto Genovese Barilla Au basilic frais - 190g","p":1.87,"u":"9,84 €/KG","img":"https://fd13-photos.leclercdrive.fr/image.ashx?id=2737585&use=l&cat=p&typeid=i","cat":287599},{"id":16063,"n":"Sauce Pesto Barilla Rosso - 200g","p":1.87,"u":"9,35 €/KG","img":"https://fd13-photos.leclercdrive.fr/image.ashx?id=2308348&use=l&cat=p&typeid=i","cat":287599},{"id":16065,"n":"Bouillon de boeuf Maggi 8 tablettes 80g","p":0.88,"u":"11,00 €/KG","img":"https://fd13-photos.leclercdrive.fr/image.ashx?id=2729932&use=l&cat=p&typeid=i","cat":288379},{"id":16066,"n":"Bouillon pot-au-feu Maggi 8 tablettes 80g","p":0.96,"u":"12,00 €/KG","img":"https://fd13-photos.leclercdrive.fr/image.ashx?id=1551233&use=l&cat=p&typeid=i","cat":288379},{"id":16076,"n":"Sauce Italienne Zapetti 3x95g","p":2.58,"u":"9,05 €/KG","img":"https://fd13-photos.leclercdrive.fr/image.ashx?id=2579978&use=l&cat=p&typeid=i","cat":288384},{"id":16094,"n":"Pansements bain Mercurochrome Bain 3 tailles x16","p":3.62,"u":"0,23 €/P","img":"https://fd13-photos.leclercdrive.fr/image.ashx?id=2663965&use=l&cat=p&typeid=i","cat":284630},{"id":16095,"n":"Spray anti-moustique Marie Rose 8h - 100ml","p":5.91,"u":"59,10 €/L","img":"https://fd13-photos.leclercdrive.fr/image.ashx?id=2666749&use=l&cat=p&typeid=i","cat":299654},{"id":16142,"n":"Eau de source de Montagne 6x1L","p":1.55,"u":"0,26 €/L","img":"https://fd13-photos.leclercdrive.fr/image.ashx?id=2597621&use=l&cat=p&typeid=i","cat":284535},{"id":16153,"n":"Biscuits petit déj Bio Village Bio Chocolat / Noisettes - 200g","p":2.04,"u":"10,20 €/KG","img":"https://fd13-photos.leclercdrive.fr/image.ashx?id=2371560&use=l&cat=p&typeid=i","cat":284491},{"id":16154,"n":"Tartelettes Bio Village Framboises Bio - x9 - 125g","p":2.11,"u":"16,88 €/KG","img":"https://fd13-photos.leclercdrive.fr/image.ashx?id=2309057&use=l&cat=p&typeid=i","cat":284489},{"id":16159,"n":"Brume d'eau pure Inell 400ml","p":1.59,"u":"3,98 €/L","img":"https://fd13-photos.leclercdrive.fr/image.ashx?id=806289&use=l&cat=p&typeid=i","cat":290295},{"id":16170,"n":"Boulgour Bio Village Bio - 500g","p":1.8,"u":"3,60 €/KG","img":"https://fd13-photos.leclercdrive.fr/image.ashx?id=2518553&use=l&cat=p&typeid=i","cat":284429},{"id":16171,"n":"Riz Thaï Bio Village Bio - 500g","p":2.45,"u":"4,90 €/KG","img":"https://fd13-photos.leclercdrive.fr/image.ashx?id=2441510&use=l&cat=p&typeid=i","cat":284428},{"id":16172,"n":"Mini Barres chocolatées Lion x18 barres - 350g","p":3.94,"u":"11,26 €/KG","img":"https://fd13-photos.leclercdrive.fr/image.ashx?id=2925553&use=l&cat=p&typeid=i","cat":284498},{"id":16206,"n":"Pop corn Menguy's Goût sucré 3x90g","p":1.73,"u":"6,41 €/KG","img":"https://fd13-photos.leclercdrive.fr/image.ashx?id=2966020&use=l&cat=p&typeid=i","cat":304249},{"id":16229,"n":"Liqueur Guignolet A. Mugniot 15%vol. - 1L","p":6.44,"u":"6,44 €/L","img":"https://fd13-photos.leclercdrive.fr/image.ashx?id=2520014&use=l&cat=p&typeid=i","cat":286032},{"id":16231,"n":"Porto Tawny Dorrao 20%vol - 75cl","p":11.65,"u":"15,53 €/L","img":"https://fd13-photos.leclercdrive.fr/image.ashx?id=754183&use=l&cat=p&typeid=i","cat":284913},{"id":16233,"n":"AOC Banyuls Traditionnel Guillaume d'Arria - 75cl","p":6.29,"u":"8,39 €/L","img":"https://fd13-photos.leclercdrive.fr/image.ashx?id=2974750&use=l&cat=p&typeid=i","cat":289556},{"id":16254,"n":"Câpres surfines Rustica Au vinaigre - 60g","p":1.23,"u":"20,50 €/KG","img":"https://fd13-photos.leclercdrive.fr/image.ashx?id=2916686&use=l&cat=p&typeid=i","cat":284458},{"id":16271,"n":"Maïs Géant Vert extra croquant sans résidu pesticides - 285g","p":1.15,"u":"4,04 €/KG","img":"https://fd13-photos.leclercdrive.fr/image.ashx?id=2754267&use=l&cat=p&typeid=i","cat":312611},{"id":16272,"n":"Maïs Géant Vert extra tendre sans résidu pesticides - 285g","p":1.15,"u":"4,04 €/KG","img":"https://fd13-photos.leclercdrive.fr/image.ashx?id=2462448&use=l&cat=p&typeid=i","cat":312611},{"id":16303,"n":"Petits oignons Rustica Vinaigre doux - 190g","p":0.79,"u":"4,16 €/KG","img":"https://fd13-photos.leclercdrive.fr/image.ashx?id=2916683&use=l&cat=p&typeid=i","cat":284458},{"id":16322,"n":"AOP Pouilly Fumé blanc Les Chamilles - 75 Cl","p":13.9,"u":"18,53 €/L","img":"https://fd13-photos.leclercdrive.fr/image.ashx?id=2641479&use=l&cat=p&typeid=i","cat":289557},{"id":16429,"n":"Oeufs frais plein air Bio Bio village - x10","p":3.41,"u":"0,34 €/P","img":"https://fd13-photos.leclercdrive.fr/image.ashx?id=2854264&use=l&cat=p&typeid=i","cat":284378},{"id":16430,"n":"Lait de coco bio Jardin Bio Bio - 400ml","p":2.39,"u":"5,98 €/L","img":"https://fd13-photos.leclercdrive.fr/image.ashx?id=2790132&use=l&cat=p&typeid=i","cat":288992},{"id":16431,"n":"Raviolis bio boeuf Jardin Bio 72cl","p":5.17,"u":"7,18 €/L","img":"https://fd13-photos.leclercdrive.fr/image.ashx?id=2972469&use=l&cat=p&typeid=i","cat":284442},{"id":16434,"n":"Raviolis aux 3 fromages Bio Bio village - 250g","p":2.9,"u":"11,60 €/KG","img":"https://fd13-photos.leclercdrive.fr/image.ashx?id=2843608&use=l&cat=p&typeid=i","cat":333682},{"id":16435,"n":"Tagliatelles fraîches Bio Bio village - 250g","p":1.39,"u":"5,56 €/KG","img":"https://fd13-photos.leclercdrive.fr/image.ashx?id=2607957&use=l&cat=p&typeid=i","cat":333682},{"id":16436,"n":"Pâtes torsades Bio Village Bio -  500g","p":0.85,"u":"1,70 €/KG","img":"https://fd13-photos.leclercdrive.fr/image.ashx?id=2625367&use=l&cat=p&typeid=i","cat":284427},{"id":16438,"n":"Riz long Bio Village Bio - 500g","p":1.94,"u":"3,88 €/KG","img":"https://fd13-photos.leclercdrive.fr/image.ashx?id=2582996&use=l&cat=p&typeid=i","cat":284428},{"id":16439,"n":"Riz Basmati Bio Village Bio - 500g","p":1.5,"u":"3,00 €/KG","img":"https://fd13-photos.leclercdrive.fr/image.ashx?id=2441507&use=l&cat=p&typeid=i","cat":284428},{"id":16491,"n":"Yaourts Lait brebis Bio Village Bio Vanille - 2x125g","p":1.89,"u":"7,56 €/KG","img":"https://fd13-photos.leclercdrive.fr/image.ashx?id=2646994&use=l&cat=p&typeid=i","cat":314998},{"id":16492,"n":"Légumes pour couscous bio Jardin Bio - 660g","p":3.36,"u":"4,67 €/L","img":"https://fd13-photos.leclercdrive.fr/image.ashx?id=2534887&use=l&cat=p&typeid=i","cat":312612},{"id":16493,"n":"Pâte à tartiner bio Jardin Bio Cacao noisettes - 350g","p":3.44,"u":"9,83 €/KG","img":"https://fd13-photos.leclercdrive.fr/image.ashx?id=2918844&use=l&cat=p&typeid=i","cat":284481},{"id":16520,"n":"Mayonnaise Eco+ Bocal - 470g","p":1.17,"u":"2,49 €/KG","img":"https://fd13-photos.leclercdrive.fr/image.ashx?id=2954322&use=l&cat=p&typeid=i","cat":298295},{"id":16522,"n":"Soufflés cacahuète Eco+ 100g","p":0.35,"u":"3,50 €/KG","img":"https://fd13-photos.leclercdrive.fr/image.ashx?id=2678785&use=l&cat=p&typeid=i","cat":284449},{"id":16524,"n":"Pâtes Eco+ Spaghetti - 1kg","p":1.04,"u":"1,04 €/KG","img":"https://fd13-photos.leclercdrive.fr/image.ashx?id=2757494&use=l&cat=p&typeid=i","cat":284427},{"id":16525,"n":"Purée de pommes de terre Eco+ Déshydratée 4x125g","p":1.41,"u":"2,82 €/KG","img":"https://fd13-photos.leclercdrive.fr/image.ashx?id=2929858&use=l&cat=p&typeid=i","cat":284431},{"id":16526,"n":"Assortiment biscuits salés Eco+ 350g","p":1.09,"u":"3,11 €/KG","img":"https://fd13-photos.leclercdrive.fr/image.ashx?id=2613255&use=l&cat=p&typeid=i","cat":297000},{"id":16527,"n":"Bouillon déshydraté Eco+ Volaille - 12x10g","p":0.71,"u":"5,92 €/KG","img":"https://fd13-photos.leclercdrive.fr/image.ashx?id=1735897&use=l&cat=p&typeid=i","cat":288379},{"id":16528,"n":"Bouillon déshydraté Eco+ Boeuf - 12x10g","p":0.69,"u":"5,75 €/KG","img":"https://fd13-photos.leclercdrive.fr/image.ashx?id=1735894&use=l&cat=p&typeid=i","cat":288379},{"id":16536,"n":"Sucre Eco+ En morceaux - 1kg","p":1.37,"u":"1,37 €/KG","img":"https://fd13-photos.leclercdrive.fr/image.ashx?id=2702274&use=l&cat=p&typeid=i","cat":284502},{"id":16547,"n":"Barquette chiens Eco+ A la Volaille - 300g","p":0.52,"u":"1,73 €/KG","img":"https://fd13-photos.leclercdrive.fr/image.ashx?id=2052727&use=l&cat=p&typeid=i","cat":284673},{"id":16548,"n":"Barquette pour chats Eco+ Riche en volaille - 100g","p":0.24,"u":"2,40 €/KG","img":"https://fd13-photos.leclercdrive.fr/image.ashx?id=2052736&use=l&cat=p&typeid=i","cat":285286},{"id":16550,"n":"Limonade Eco+ 1,5L","p":0.38,"u":"0,25 €/L","img":"https://fd13-photos.leclercdrive.fr/image.ashx?id=2634842&use=l&cat=p&typeid=i","cat":284531},{"id":16552,"n":"Jus de pomme abc Eco+ 1L","p":0.85,"u":"0,85 €/L","img":"https://fd13-photos.leclercdrive.fr/image.ashx?id=2802269&use=l&cat=p&typeid=i","cat":284522},{"id":16553,"n":"Soda cola Eco+ 1,5L","p":0.49,"u":"0,33 €/L","img":"https://fd13-photos.leclercdrive.fr/image.ashx?id=2082552&use=l&cat=p&typeid=i","cat":284530},{"id":16554,"n":"Soda cola light 1,5l","p":0.4,"u":"0,27 €/L","img":"https://fd13-photos.leclercdrive.fr/image.ashx?id=2821792&use=l&cat=p&typeid=i","cat":284530},{"id":16555,"n":"Boisson aromatisée Eco+ Exotique 2L","p":0.97,"u":"0,49 €/L","img":"https://fd13-photos.leclercdrive.fr/image.ashx?id=2366271&use=l&cat=p&typeid=i","cat":295018},{"id":16558,"n":"Thé glacé pêche Eco  2L","p":1.25,"u":"0,63 €/L","img":"https://fd13-photos.leclercdrive.fr/image.ashx?id=2764955&use=l&cat=p&typeid=i","cat":295019},{"id":16560,"n":"Lingettes multi-usages Eco+ Citron x50","p":0.62,"img":"https://fd13-photos.leclercdrive.fr/image.ashx?id=2308533&use=l&cat=p&typeid=i","cat":325358},{"id":16561,"n":"Eau de javel Eco+ Bidon - 5L","p":1.09,"u":"0,22 €/L","img":"https://fd13-photos.leclercdrive.fr/image.ashx?id=2883913&use=l&cat=p&typeid=i","cat":284661},{"id":16569,"n":"Mini pâté en croute Eco+ 450g","p":1.97,"u":"4,38 €/KG","img":"https://fd13-photos.leclercdrive.fr/image.ashx?id=2919583&use=l&cat=p&typeid=i","cat":316003},{"id":16577,"n":"Crème sous pression Eco+ Crème légère et sucrée - 250g","p":1.69,"u":"6,76 €/KG","img":"https://fd13-photos.leclercdrive.fr/image.ashx?id=2856242&use=l&cat=p&typeid=i","cat":284382},{"id":16583,"n":"Pommes rissolées surgelées Eco+ 1kg","p":0.97,"u":"0,97 €/KG","img":"https://fd13-photos.leclercdrive.fr/image.ashx?id=2085934&use=l&cat=p&typeid=i","cat":319792},{"id":16642,"n":"Génoises fourrées P'tit Déli Agrumes - 150g","p":1.09,"u":"7,27 €/KG","img":"https://fd13-photos.leclercdrive.fr/image.ashx?id=2482502&use=l&cat=p&typeid=i","cat":284489},{"id":16701,"n":"Bouchées RAFFAELLO Noix de coco Amandes - 180g","p":4.96,"u":"27,56 €/KG","img":"https://fd13-photos.leclercdrive.fr/image.ashx?id=2937857&use=l&cat=p&typeid=i","cat":327595},{"id":16737,"n":"Viande hachée 15% MG Férial 500g","p":7.29,"u":"14,58 €/KG","img":"https://fd13-photos.leclercdrive.fr/image.ashx?id=2904013&use=l&cat=p&typeid=i","cat":284332},{"id":16741,"n":"Viande hachée 5% MG Férial 350g","p":5.82,"u":"16,63 €/KG","img":"https://fd13-photos.leclercdrive.fr/image.ashx?id=2904010&use=l&cat=p&typeid=i","cat":284332},{"id":16747,"n":"Viande hachée 15% MG Férial 350g","p":5.82,"u":"16,63 €/KG","img":"https://fd13-photos.leclercdrive.fr/image.ashx?id=2904007&use=l&cat=p&typeid=i","cat":284332},{"id":16765,"n":"Steak haché Férial pur boeuf 5%mg - 250g","p":4.15,"u":"16,60 €/KG","img":"https://fd13-photos.leclercdrive.fr/image.ashx?id=2903998&use=l&cat=p&typeid=i","cat":284332},{"id":16783,"n":"AOP Saumur brut Les Caractères - 75cl","p":4.49,"u":"5,99 €/L","img":"https://fd13-photos.leclercdrive.fr/image.ashx?id=2895774&use=l&cat=p&typeid=i","cat":284544},{"id":16800,"n":"Eau minérale naturelle Contrex 6x1L","p":2.61,"u":"0,44 €/L","img":"https://fd13-photos.leclercdrive.fr/image.ashx?id=2731720&use=l&cat=p&typeid=i","cat":284535},{"id":16803,"n":"AOC Champagne Président Germain Brut - 75cl","p":24.9,"u":"33,20 €/L","img":"https://fd13-photos.leclercdrive.fr/image.ashx?id=1567645&use=l&cat=p&typeid=i","cat":284542},{"id":16841,"n":"Génoises fourrées P'tit Déli Framboise cassis - 150g","p":1.06,"u":"7,07 €/KG","img":"https://fd13-photos.leclercdrive.fr/image.ashx?id=2473981&use=l&cat=p&typeid=i","cat":284489},{"id":16842,"n":"Spéculoos P'tit Déli 2x250g","p":1.47,"u":"2,94 €/KG","img":"https://fd13-photos.leclercdrive.fr/image.ashx?id=2046364&use=l&cat=p&typeid=i","cat":284487},{"id":16916,"n":"Croquette Tous Mes Amis Vitalité - viande de boeuf 10kg","p":12.99,"u":"1,30 €/KG","img":"https://fd13-photos.leclercdrive.fr/image.ashx?id=2078635&use=l&cat=p&typeid=i","cat":284672},{"id":16920,"n":"Coeurs d'artichaut Notre Jardin 240g","p":2.49,"u":"10,38 €/KG","img":"https://fd13-photos.leclercdrive.fr/image.ashx?id=2501994&use=l&cat=p&typeid=i","cat":312611},{"id":17014,"n":"Fromage apéritif Apéricube Sélection festive 48 cubes","p":4.17,"u":"16,68 €/KG","img":"https://fd13-photos.leclercdrive.fr/image.ashx?id=2882665&use=l&cat=p&typeid=i","cat":314027},{"id":17036,"n":"Mouchoirs blancs 3 plis Caresse Boîte mouchoirs papier x90","p":1.04,"u":"0,01 €/P","img":"https://fd13-photos.leclercdrive.fr/image.ashx?id=2777915&use=l&cat=p&typeid=i","cat":284638},{"id":17037,"n":"Rasoir Carré Homme 5 lames - x1","p":4.69,"img":"https://fd13-photos.leclercdrive.fr/image.ashx?id=1629153&use=l&cat=p&typeid=i","cat":284616},{"id":17104,"n":"Tuiles Tokapi  Nature - 170g","p":1.35,"u":"7,94 €/KG","img":"https://fd13-photos.leclercdrive.fr/image.ashx?id=2632849&use=l&cat=p&typeid=i","cat":287899},{"id":17105,"n":"Chips Tuiles Tokapi Crème oignon - 170g","p":1.35,"u":"7,94 €/KG","img":"https://fd13-photos.leclercdrive.fr/image.ashx?id=2643375&use=l&cat=p&typeid=i","cat":287899},{"id":17108,"n":"Brume d'eau pure Inell 150ml","p":1.3,"u":"8,67 €/L","img":"https://fd13-photos.leclercdrive.fr/image.ashx?id=2712980&use=l&cat=p&typeid=i","cat":290295},{"id":17112,"n":"Limonade Bio village Bio - 1L","p":0.96,"u":"0,96 €/L","img":"https://fd13-photos.leclercdrive.fr/image.ashx?id=2632900&use=l&cat=p&typeid=i","cat":284531},{"id":17113,"n":"Cidre bouché Bio village Bio 4% vol - 75cl","p":2.29,"u":"3,05 €/L","img":"https://fd13-photos.leclercdrive.fr/image.ashx?id=2907255&use=l&cat=p&typeid=i","cat":334880},{"id":17154,"n":"Croissants pur beurre        6x1p","p":3.3,"u":"0,55 €/P","img":"https://fd13-photos.leclercdrive.fr/image.ashx?id=597472&use=l&cat=p&typeid=i","cat":284984},{"id":17189,"n":"Biscuit petit dej P'tit Déli Miel/pépites chocolat - 400g","p":2.15,"u":"5,38 €/KG","img":"https://fd13-photos.leclercdrive.fr/image.ashx?id=2999502&use=l&cat=p&typeid=i","cat":284491},{"id":17203,"n":"AOP Faugères Mas Olivier Rouge - 75cl","p":5.99,"u":"7,99 €/L","img":"https://fd13-photos.leclercdrive.fr/image.ashx?id=2979755&use=l&cat=p&typeid=i","cat":289556},{"id":17218,"n":"Tétines silicone Mots D'enfants + 6 mois bout rond x2","p":1.45,"u":"0,73 €/P","img":"https://fd13-photos.leclercdrive.fr/image.ashx?id=597566&use=l&cat=p&typeid=i","cat":284743},{"id":17220,"n":"Nettoyant spray Clair Anti-calcaire 750ml","p":0.94,"u":"1,25 €/L","img":"https://fd13-photos.leclercdrive.fr/image.ashx?id=1974539&use=l&cat=p&typeid=i","cat":325362},{"id":17223,"n":"Mouchoirs blancs 3 plis Caresse Boîte déco décor aléatoire x70","p":1.52,"u":"0,02 €/P","img":"https://fd13-photos.leclercdrive.fr/image.ashx?id=2812548&use=l&cat=p&typeid=i","cat":284638},{"id":17287,"n":"Pâtes Alpina Savoie Nouilles Savoisiennes - 500g","p":1.32,"u":"2,64 €/KG","img":"https://fd13-photos.leclercdrive.fr/image.ashx?id=2789850&use=l&cat=p&typeid=i","cat":284427},{"id":17288,"n":"Pâtes Alpina Savoie Frisettes - 500g","p":1.22,"u":"2,44 €/KG","img":"https://fd13-photos.leclercdrive.fr/image.ashx?id=2789853&use=l&cat=p&typeid=i","cat":284427},{"id":17290,"n":"Pâtes Alpina Avoine - 500g","p":1.44,"u":"2,88 €/KG","img":"https://fd13-photos.leclercdrive.fr/image.ashx?id=2789856&use=l&cat=p&typeid=i","cat":284427},{"id":17292,"n":"Polenta Alpina Semoule de maïs - 500g","p":1.29,"u":"2,58 €/KG","img":"https://fd13-photos.leclercdrive.fr/image.ashx?id=2834485&use=l&cat=p&typeid=i","cat":284431},{"id":17294,"n":"Pâtes crozets nature Alpina 400g","p":2.68,"u":"6,70 €/KG","img":"https://fd13-photos.leclercdrive.fr/image.ashx?id=2795072&use=l&cat=p&typeid=i","cat":284427},{"id":17295,"n":"Pâtes crozets Alpina Savoie Au sarrasin - 400g","p":2.79,"u":"6,98 €/KG","img":"https://fd13-photos.leclercdrive.fr/image.ashx?id=2795075&use=l&cat=p&typeid=i","cat":284427},{"id":17297,"n":"Gâteau mix max Balconi Pâtissier 350g","p":2.19,"u":"6,26 €/KG","img":"https://fd13-photos.leclercdrive.fr/image.ashx?id=2878417&use=l&cat=p&typeid=i","cat":284495},{"id":17336,"n":"Brosses soie de porc Esquisse x3 -  n°8 n°10 et n°12","p":0.95,"img":"https://fd13-photos.leclercdrive.fr/image.ashx?id=2187260&use=l&cat=p&typeid=i","cat":334133},{"id":17338,"n":"Feutres de coloriage Esquisse Lavable - Pointe moyenne x24","p":1.84,"img":"https://fd13-photos.leclercdrive.fr/image.ashx?id=2727659&use=l&cat=p&typeid=i","cat":284696},{"id":17340,"n":"Pizza Cuite sur pierre Turini  Poulet rôti poivrons - 400g","p":2.26,"u":"5,65 €/KG","img":"https://fd13-photos.leclercdrive.fr/image.ashx?id=2815235&use=l&cat=p&typeid=i","cat":284256},{"id":17348,"n":"Lanières poivrons Notre Jardin 600g","p":1.92,"u":"3,20 €/KG","img":"https://fd13-photos.leclercdrive.fr/image.ashx?id=2916680&use=l&cat=p&typeid=i","cat":319805},{"id":17362,"n":"Moules ASC Pêche Océan Décortiquées - 500g","p":4.34,"u":"8,68 €/KG","img":"https://fd13-photos.leclercdrive.fr/image.ashx?id=2860070&use=l&cat=p&typeid=i","cat":319787},{"id":17389,"n":"Biscuits dorés extra P'tit Déli 2x150g","p":1.2,"u":"4,00 €/KG","img":"https://fd13-photos.leclercdrive.fr/image.ashx?id=2488359&use=l&cat=p&typeid=i","cat":284487},{"id":17390,"n":"Tampon à récurer Mamison x3","p":0.68,"u":"0,23 €/P","img":"https://fd13-photos.leclercdrive.fr/image.ashx?id=2216957&use=l&cat=p&typeid=i","cat":284667},{"id":17392,"n":"Mouchoirs blanc 4 plis Univert Etuis x15 - Ecolabel","p":1.95,"u":"0,13 €/P","img":"https://fd13-photos.leclercdrive.fr/image.ashx?id=2549951&use=l&cat=p&typeid=i","cat":284638},{"id":17409,"n":"Lotion capillaire Carré Homme Cheveux blancs et gris 400ml","p":1.99,"u":"4,98 €/L","img":"https://fd13-photos.leclercdrive.fr/image.ashx?id=1961961&use=l&cat=p&typeid=i","cat":284621},{"id":17410,"n":"Gel anticalcaire Texil 750ml","p":2.59,"u":"3,45 €/L","img":"https://fd13-photos.leclercdrive.fr/image.ashx?id=2958711&use=l&cat=p&typeid=i","cat":284653},{"id":17413,"n":"Sacs congélation zip Elembal Petit modèle x25","p":1.45,"u":"0,06 €/P","img":"https://fd13-photos.leclercdrive.fr/image.ashx?id=2751883&use=l&cat=p&typeid=i","cat":334134},{"id":17414,"n":"Activateur de lavage Textil Spécial blanc 10 tablettes","p":2.1,"u":"9,33 €/KG","img":"https://fd13-photos.leclercdrive.fr/image.ashx?id=2964565&use=l&cat=p&typeid=i","cat":284651},{"id":17417,"n":"AOC Rosé d'Anjou vin rosé Les Caractères - BIB 3L","p":12.49,"u":"4,16 €/L","img":"https://fd13-photos.leclercdrive.fr/image.ashx?id=2921405&use=l&cat=p&typeid=i","cat":289560},{"id":17422,"n":"IGP Pays d'Oc Syrah vin rouge Vieux Carion -75 cl","p":2.25,"u":"3,00 €/L","img":"https://fd13-photos.leclercdrive.fr/image.ashx?id=2747749&use=l&cat=p&typeid=i","cat":289556},{"id":17423,"n":"IGP Côtes de Gascogne vin blanc Terrasses d'Autan - 75cl","p":2.99,"u":"3,99 €/L","img":"https://fd13-photos.leclercdrive.fr/image.ashx?id=2886448&use=l&cat=p&typeid=i","cat":289557},{"id":17425,"n":"Fromage blanc Délisse Vanille 2,5%MG - 8x100g","p":2.82,"u":"3,53 €/KG","img":"https://fd13-photos.leclercdrive.fr/image.ashx?id=3012827&use=l&cat=p&typeid=i","cat":284409},{"id":17445,"n":"AOP Saumur demi-sec Les Caractères - 75cl","p":4.49,"u":"5,99 €/L","img":"https://fd13-photos.leclercdrive.fr/image.ashx?id=2677056&use=l&cat=p&typeid=i","cat":284544},{"id":17469,"n":"Biscuits P'tit Déli Bâtonnets Chocolat blanc 150g","p":1.7,"u":"11,33 €/KG","img":"https://fd13-photos.leclercdrive.fr/image.ashx?id=2470195&use=l&cat=p&typeid=i","cat":284488},{"id":17472,"n":"Macaroni chiens 4Pat Au lait vitaminé - 5kg","p":7.95,"u":"1,59 €/KG","img":"https://fd13-photos.leclercdrive.fr/image.ashx?id=2877835&use=l&cat=p&typeid=i","cat":284672},{"id":17476,"n":"Boudins noirs aux oignons Tradilège x3 - 375g","p":2.64,"u":"7,04 €/KG","img":"https://fd13-photos.leclercdrive.fr/image.ashx?id=2930754&use=l&cat=p&typeid=i","cat":316012},{"id":17571,"n":"Crème entière fluide UHT Délisse - Brique 30%mg - 1L","p":4.23,"u":"4,23 €/L","img":"https://fd13-photos.leclercdrive.fr/image.ashx?id=2509980&use=l&cat=p&typeid=i","cat":284381},{"id":17584,"n":"Dissolvant Maybelline New York Manucure Express - 125ml","p":3.0,"u":"24,00 €/L","img":"https://fd13-photos.leclercdrive.fr/image.ashx?id=2348367&use=l&cat=p&typeid=i","cat":325347},{"id":17614,"n":"Whisky The Glenlivet french Oak finish 15ans 40%vol 70cl","p":43.9,"u":"62,71 €/L","img":"https://fd13-photos.leclercdrive.fr/image.ashx?id=2866016&use=l&cat=p&typeid=i","cat":284547},{"id":17645,"n":"Whisky Jameson 40%vol - 1L","p":26.65,"u":"26,65 €/L","img":"https://fd13-photos.leclercdrive.fr/image.ashx?id=2880922&use=l&cat=p&typeid=i","cat":284547},{"id":17653,"n":"Fromage apéritif Apéricube Best of des saveurs 48 cubes","p":4.17,"u":"16,68 €/KG","img":"https://fd13-photos.leclercdrive.fr/image.ashx?id=2882662&use=l&cat=p&typeid=i","cat":314027},{"id":17694,"n":"Couches bébé Mots d'Enfants T4+ Ultra confort - 9/20kg - x144","p":20.5,"u":"0,14 €/P","img":"https://fd13-photos.leclercdrive.fr/image.ashx?id=2689426&use=l&cat=p&typeid=i","cat":284737},{"id":17703,"n":"Huile de tournesol Lesieur Coeur de Tournesol - 3L","p":8.11,"u":"2,70 €/L","img":"https://fd13-photos.leclercdrive.fr/image.ashx?id=2139073&use=l&cat=p&typeid=i","cat":284453},{"id":17709,"n":"Sauce au poivre Knorr A la crème fraiche - 30cl","p":1.33,"u":"4,43 €/L","img":"https://fd13-photos.leclercdrive.fr/image.ashx?id=2985096&use=l&cat=p&typeid=i","cat":288381},{"id":17710,"n":"Sauce Hollandaise Knorr Au jus de citron - 30cl","p":1.5,"u":"5,00 €/L","img":"https://fd13-photos.leclercdrive.fr/image.ashx?id=2985099&use=l&cat=p&typeid=i","cat":288381},{"id":17717,"n":"Blanc de poulet Tradilège x4 160g","p":1.44,"u":"9,00 €/KG","img":"https://fd13-photos.leclercdrive.fr/image.ashx?id=2925738&use=l&cat=p&typeid=i","cat":316010},{"id":17718,"n":"Blanc de dinde Tradilège 4 tranches 160g","p":1.61,"u":"10,06 €/KG","img":"https://fd13-photos.leclercdrive.fr/image.ashx?id=2925735&use=l&cat=p&typeid=i","cat":316010},{"id":17768,"n":"Boudins blancs au porto Tradilège x3 - 375g","p":3.55,"u":"9,47 €/KG","img":"https://fd13-photos.leclercdrive.fr/image.ashx?id=2252040&use=l&cat=p&typeid=i","cat":316012},{"id":17783,"n":"Chocolats Ferrero Rocher x24 pralines - 300g","p":9.9,"u":"33,00 €/KG","img":"https://fd13-photos.leclercdrive.fr/image.ashx?id=2944999&use=l&cat=p&typeid=i","cat":327600},{"id":17806,"n":"AOP Faugères Mas Olivier Rosé - 75cl","p":5.99,"u":"7,99 €/L","img":"https://fd13-photos.leclercdrive.fr/image.ashx?id=1750103&use=l&cat=p&typeid=i","cat":289558},{"id":17813,"n":"Détachant Texil avant lavage 500ml","p":1.87,"u":"3,74 €/L","img":"https://fd13-photos.leclercdrive.fr/image.ashx?id=2958708&use=l&cat=p&typeid=i","cat":284651},{"id":17845,"n":"Saumon crème fraîche Marie Fondue poireaux 400g","p":5.08,"u":"12,70 €/KG","img":"https://fd13-photos.leclercdrive.fr/image.ashx?id=2996785&use=l&cat=p&typeid=i","cat":319786},{"id":17899,"n":"Knacks pur porc Tradilège Fumées au bois x10 - 350g","p":1.58,"u":"4,51 €/KG","img":"https://fd13-photos.leclercdrive.fr/image.ashx?id=2448321&use=l&cat=p&typeid=i","cat":316012},{"id":17901,"n":"Macaroni d'Alsace NRT 250g","p":1.39,"u":"5,56 €/KG","img":"https://fd13-photos.leclercdrive.fr/image.ashx?id=2839989&use=l&cat=p&typeid=i","cat":284427},{"id":17917,"n":"Nettoyant canalisations Ouragan Fraîcheur mentholée - 1L","p":3.45,"u":"3,45 €/L","img":"https://fd13-photos.leclercdrive.fr/image.ashx?id=2367544&use=l&cat=p&typeid=i","cat":284662},{"id":17931,"n":"Soupe Crème de potiron Knorr Déshydratée - 1L","p":1.37,"u":"1,37 €/L","img":"https://fd13-photos.leclercdrive.fr/image.ashx?id=2790813&use=l&cat=p&typeid=i","cat":284463},{"id":18000,"n":"Lait céréales Blédidej 12 mois Chocolat biscuité - 4x250ml","p":3.57,"u":"3,57 €/L","img":"https://fd13-photos.leclercdrive.fr/image.ashx?id=2921028&use=l&cat=p&typeid=i","cat":312226},{"id":18001,"n":"Lait céréales Blédidej 6 mois Briochée - 4x250ml","p":3.76,"u":"3,76 €/L","img":"https://fd13-photos.leclercdrive.fr/image.ashx?id=2921049&use=l&cat=p&typeid=i","cat":312226},{"id":18002,"n":"Lait céréales Blédidej 12 mois Biscuité vanille - 4x250ml","p":3.41,"u":"3,41 €/L","img":"https://fd13-photos.leclercdrive.fr/image.ashx?id=2921034&use=l&cat=p&typeid=i","cat":312226},{"id":18003,"n":"Lait céréales Blédidej 12 mois Vanille chocolat - 4x250ml","p":3.37,"u":"3,37 €/L","img":"https://fd13-photos.leclercdrive.fr/image.ashx?id=2921031&use=l&cat=p&typeid=i","cat":312226},{"id":18004,"n":"Lait céréales Blédidej 6 mois Cacao - 4x250ml","p":3.39,"u":"3,39 €/L","img":"https://fd13-photos.leclercdrive.fr/image.ashx?id=2921037&use=l&cat=p&typeid=i","cat":312226},{"id":18066,"n":"Nouilles chinoises Suzi Wan En nid - 250g","p":1.57,"u":"6,28 €/KG","img":"https://fd13-photos.leclercdrive.fr/image.ashx?id=2886253&use=l&cat=p&typeid=i","cat":288992},{"id":18096,"n":"Plat bébé Blédina 8 mois  Légumes saumon - 2x200g","p":2.67,"u":"6,68 €/KG","img":"https://fd13-photos.leclercdrive.fr/image.ashx?id=2975059&use=l&cat=p&typeid=i","cat":312236},{"id":18098,"n":"Lait céréales bébé Blédiner 6m Carotte soir - 4x250ml","p":3.68,"u":"3,68 €/L","img":"https://fd13-photos.leclercdrive.fr/image.ashx?id=2478556&use=l&cat=p&typeid=i","cat":312239},{"id":18100,"n":"Lait céréales bébé Blédiner 12m Légumes soir - 2x250ml","p":1.71,"u":"3,42 €/L","img":"https://fd13-photos.leclercdrive.fr/image.ashx?id=2960144&use=l&cat=p&typeid=i","cat":312239},{"id":18102,"n":"Lait céréales bébé Blédiner 6m Légume soir - 4x250ml","p":3.69,"u":"3,69 €/L","img":"https://fd13-photos.leclercdrive.fr/image.ashx?id=2730061&use=l&cat=p&typeid=i","cat":312239},{"id":18124,"n":"Pêche poire cerise  Douceur du Verger - 4x70g","p":2.79,"u":"9,96 €/KG","img":"https://fd13-photos.leclercdrive.fr/image.ashx?id=2149378&use=l&cat=p&typeid=i","cat":284507},{"id":18207,"n":"Lingettes démaquillantes Inell x25","p":1.67,"u":"0,07 €/P","img":"https://fd13-photos.leclercdrive.fr/image.ashx?id=2769579&use=l&cat=p&typeid=i","cat":284603},{"id":18208,"n":"Lingettes démaquillantes Inell x25","p":1.29,"u":"0,05 €/P","img":"https://fd13-photos.leclercdrive.fr/image.ashx?id=2752622&use=l&cat=p&typeid=i","cat":284603},{"id":18221,"n":"Lardons supérieurs Tradilège Nature - 2x100g","p":1.85,"u":"9,25 €/KG","img":"https://fd13-photos.leclercdrive.fr/image.ashx?id=2933340&use=l&cat=p&typeid=i","cat":316011},{"id":18223,"n":"Lardons supérieurs Tradilège Fumés - 2x100g","p":1.85,"u":"9,25 €/KG","img":"https://fd13-photos.leclercdrive.fr/image.ashx?id=2933343&use=l&cat=p&typeid=i","cat":316011},{"id":18224,"n":"Allumettes Tradilège Nature - 2x100g","p":1.75,"u":"8,75 €/KG","img":"https://fd13-photos.leclercdrive.fr/image.ashx?id=2933349&use=l&cat=p&typeid=i","cat":316011},{"id":18225,"n":"Allumettes Tradilège Fumées - 2x100g","p":1.75,"u":"8,75 €/KG","img":"https://fd13-photos.leclercdrive.fr/image.ashx?id=2933346&use=l&cat=p&typeid=i","cat":316011},{"id":18227,"n":"Lardons supérieurs Tradilège Nature - 160g","p":1.48,"u":"9,25 €/KG","img":"https://fd13-photos.leclercdrive.fr/image.ashx?id=2751949&use=l&cat=p&typeid=i","cat":316011},{"id":18230,"n":"Lardons supérieurs Tradilège Fumés - 160g","p":1.48,"u":"9,25 €/KG","img":"https://fd13-photos.leclercdrive.fr/image.ashx?id=2816636&use=l&cat=p&typeid=i","cat":316011},{"id":18231,"n":"Poitrine fumée Tradilège 4 tranches 300 gr","p":4.65,"u":"15,50 €/KG","img":"https://fd13-photos.leclercdrive.fr/image.ashx?id=2852273&use=l&cat=p&typeid=i","cat":316011},{"id":18233,"n":"Poitrine Fumée Tradilège Tranches fines - 2x7T - 200g","p":2.49,"u":"12,45 €/KG","img":"https://fd13-photos.leclercdrive.fr/image.ashx?id=2852267&use=l&cat=p&typeid=i","cat":316011},{"id":18234,"n":"Jambon blanc Tradilège A l'italienne 4 tranches 120g","p":2.19,"u":"18,25 €/KG","img":"https://fd13-photos.leclercdrive.fr/image.ashx?id=2437079&use=l&cat=p&typeid=i","cat":316009},{"id":18235,"n":"Mousse de foie Tradilège Supérieure 180g","p":1.33,"u":"7,39 €/KG","img":"https://fd13-photos.leclercdrive.fr/image.ashx?id=2693147&use=l&cat=p&typeid=i","cat":316008},{"id":18236,"n":"Mousse de foie Tradilège 2x50g","p":0.96,"u":"9,60 €/KG","img":"https://fd13-photos.leclercdrive.fr/image.ashx?id=2930736&use=l&cat=p&typeid=i","cat":316008},{"id":18238,"n":"Mousse de canard Tradilège 180g","p":1.18,"u":"6,56 €/KG","img":"https://fd13-photos.leclercdrive.fr/image.ashx?id=2925729&use=l&cat=p&typeid=i","cat":316008},{"id":18240,"n":"Mousse de canard Tradilège 2x50g","p":1.18,"u":"11,80 €/KG","img":"https://fd13-photos.leclercdrive.fr/image.ashx?id=2840404&use=l&cat=p&typeid=i","cat":316008},{"id":18241,"n":"Pâté de campagne Tradilège Supérieur 180g","p":1.29,"u":"7,17 €/KG","img":"https://fd13-photos.leclercdrive.fr/image.ashx?id=2844848&use=l&cat=p&typeid=i","cat":316008},{"id":18245,"n":"Rillettes du Mans Tradilège 220g","p":1.49,"u":"6,77 €/KG","img":"https://fd13-photos.leclercdrive.fr/image.ashx?id=2548124&use=l&cat=p&typeid=i","cat":316008},{"id":18246,"n":"Rillettes du Mans Tradilège 400g","p":2.33,"u":"5,83 €/KG","img":"https://fd13-photos.leclercdrive.fr/image.ashx?id=2580385&use=l&cat=p&typeid=i","cat":316008},{"id":18250,"n":"Saucisses Francfort Tradilège x4 240g","p":2.24,"u":"9,33 €/KG","img":"https://fd13-photos.leclercdrive.fr/image.ashx?id=1847644&use=l&cat=p&typeid=i","cat":316012},{"id":18251,"n":"Knacks Tradilège Fumées au bois - x4 - 140g","p":1.05,"u":"7,50 €/KG","img":"https://fd13-photos.leclercdrive.fr/image.ashx?id=2174750&use=l&cat=p&typeid=i","cat":316012},{"id":18252,"n":"Knacks Tradilège Fumées au bois - x6 - 210g","p":1.42,"u":"6,76 €/KG","img":"https://fd13-photos.leclercdrive.fr/image.ashx?id=2448318&use=l&cat=p&typeid=i","cat":316012},{"id":18259,"n":"Saucisson à l'ail Tradilège Fumé - 300g","p":2.08,"u":"6,93 €/KG","img":"https://fd13-photos.leclercdrive.fr/image.ashx?id=2930742&use=l&cat=p&typeid=i","cat":316006},{"id":18262,"n":"Cervelas supérieur Tradilège 300g","p":2.03,"u":"6,77 €/KG","img":"https://fd13-photos.leclercdrive.fr/image.ashx?id=2421636&use=l&cat=p&typeid=i","cat":316012},{"id":18266,"n":"Dés de jambon Tradilège 2x75g","p":1.49,"u":"9,93 €/KG","img":"https://fd13-photos.leclercdrive.fr/image.ashx?id=2925732&use=l&cat=p&typeid=i","cat":316011},{"id":18267,"n":"Allumettes de jambon Tradilège 2x75g","p":1.06,"u":"7,07 €/KG","img":"https://fd13-photos.leclercdrive.fr/image.ashx?id=2925716&use=l&cat=p&typeid=i","cat":316011},{"id":18268,"n":"Rôti de porc Tradilège 4 tranches 160g","p":2.12,"u":"13,25 €/KG","img":"https://fd13-photos.leclercdrive.fr/image.ashx?id=2678541&use=l&cat=p&typeid=i","cat":316009},{"id":18273,"n":"Blanc de dinde Tradilège 2 tranches 80g","p":1.51,"u":"18,88 €/KG","img":"https://fd13-photos.leclercdrive.fr/image.ashx?id=2837087&use=l&cat=p&typeid=i","cat":316010},{"id":18275,"n":"Blanc de poulet Tradilège x2 tranches - 80g","p":1.27,"u":"15,88 €/KG","img":"https://fd13-photos.leclercdrive.fr/image.ashx?id=2930751&use=l&cat=p&typeid=i","cat":316010},{"id":18287,"n":"Céréales Extra Kellogg's Chocolat au lait - 500g","p":3.19,"u":"6,38 €/KG","img":"https://fd13-photos.leclercdrive.fr/image.ashx?id=2692707&use=l&cat=p&typeid=i","cat":309512},{"id":18347,"n":"Porc : Paupiette Férial x6 780g","p":7.78,"u":"9,97 €/KG","img":"https://fd13-photos.leclercdrive.fr/image.ashx?id=2852291&use=l&cat=p&typeid=i","cat":284331},{"id":18351,"n":"Fromage à tartiner Les Croisés Nature - 25%mg - 150g","p":1.24,"u":"8,27 €/KG","img":"https://fd13-photos.leclercdrive.fr/image.ashx?id=1971010&use=l&cat=p&typeid=i","cat":314029},{"id":18362,"n":"Biscuit bébé Blédina 10 mois Boudoir - 120g","p":1.75,"u":"14,58 €/KG","img":"https://fd13-photos.leclercdrive.fr/image.ashx?id=2801114&use=l&cat=p&typeid=i","cat":312227},{"id":18364,"n":"Haricots rouges D'aucy  250g","p":1.16,"u":"4,64 €/KG","img":"https://fd13-photos.leclercdrive.fr/image.ashx?id=2538434&use=l&cat=p&typeid=i","cat":312606},{"id":18384,"n":"Fagot bouquet garni Ducros 17g","p":1.62,"u":"95,29 €/KG","img":"https://fd13-photos.leclercdrive.fr/image.ashx?id=2326667&use=l&cat=p&typeid=i","cat":298297},{"id":18387,"n":"Herbes de Provence Ducros Barbecue - 100g","p":1.33,"u":"13,30 €/KG","img":"https://fd13-photos.leclercdrive.fr/image.ashx?id=2414717&use=l&cat=p&typeid=i","cat":298297},{"id":18389,"n":"Poivre Ducros Spécial moulin - 100g","p":3.58,"u":"35,80 €/KG","img":"https://fd13-photos.leclercdrive.fr/image.ashx?id=2559439&use=l&cat=p&typeid=i","cat":284457},{"id":18392,"n":"Paprika doux moulu Ducros 40g","p":1.33,"u":"33,25 €/KG","img":"https://fd13-photos.leclercdrive.fr/image.ashx?id=2854414&use=l&cat=p&typeid=i","cat":298297},{"id":18393,"n":"Persil Ducros 17g","p":1.36,"u":"80,00 €/KG","img":"https://fd13-photos.leclercdrive.fr/image.ashx?id=2559436&use=l&cat=p&typeid=i","cat":298297},{"id":18394,"n":"Persil Ducros 30g","p":3.06,"u":"102,00 €/KG","img":"https://fd13-photos.leclercdrive.fr/image.ashx?id=2486554&use=l&cat=p&typeid=i","cat":298297},{"id":18398,"n":"Piment doux moulu Ducros 40g","p":1.72,"u":"43,00 €/KG","img":"https://fd13-photos.leclercdrive.fr/image.ashx?id=2490494&use=l&cat=p&typeid=i","cat":298297},{"id":18399,"n":"Poivre gris moulu Ducros 2x18g","p":2.07,"u":"57,50 €/KG","img":"https://fd13-photos.leclercdrive.fr/image.ashx?id=2759454&use=l&cat=p&typeid=i","cat":298297},{"id":18403,"n":"Poivre saveur et épices Ducros Moulin - 30g","p":2.66,"u":"88,67 €/KG","img":"https://fd13-photos.leclercdrive.fr/image.ashx?id=2353698&use=l&cat=p&typeid=i","cat":284457},{"id":18404,"n":"Safran moulu Ducros 4 doses - 0.4g","p":3.2,"img":"https://fd13-photos.leclercdrive.fr/image.ashx?id=2580490&use=l&cat=p&typeid=i","cat":298297},{"id":18408,"n":"Thon entier Pêche Océan Naturel - 140g","p":1.9,"u":"13,57 €/KG","img":"https://fd13-photos.leclercdrive.fr/image.ashx?id=2942187&use=l&cat=p&typeid=i","cat":303867},{"id":18409,"n":"Thon entier Pêche Océan Naturel - 93g","p":1.39,"u":"14,95 €/KG","img":"https://fd13-photos.leclercdrive.fr/image.ashx?id=2943635&use=l&cat=p&typeid=i","cat":303867},{"id":18410,"n":"Pâtées chat Gold Gourmet Les noisettes -  12x85g","p":5.35,"u":"5,25 €/KG","img":"https://fd13-photos.leclercdrive.fr/image.ashx?id=2908318&use=l&cat=p&typeid=i","cat":285286},{"id":18437,"n":"Allumettes Bacon Tradilège Fumées - 2x100g","p":1.74,"u":"8,70 €/KG","img":"https://fd13-photos.leclercdrive.fr/image.ashx?id=2905952&use=l&cat=p&typeid=i","cat":316011},{"id":18441,"n":"Pur jus de fruits Jafaden Mandarine - 1L","p":2.39,"u":"2,39 €/L","img":"https://fd13-photos.leclercdrive.fr/image.ashx?id=2956044&use=l&cat=p&typeid=i","cat":284915},{"id":18556,"n":"Feutres pour ardoise Velleda 1721 Fin bleu - Odeur neutre x2","p":1.27,"u":"0,64 €/P","img":"https://fd13-photos.leclercdrive.fr/image.ashx?id=2318465&use=l&cat=p&typeid=i","cat":334133},{"id":18568,"n":"Tubes de peinture Esquisse Gouache - 10x10ml","p":2.0,"u":"20,00 €/L","img":"https://fd13-photos.leclercdrive.fr/image.ashx?id=1700854&use=l&cat=p&typeid=i","cat":334133},{"id":18577,"n":"Papier toilette Mimosa Blanc - Ultra doux - x24","p":4.33,"u":"0,18 €/P","img":"https://fd13-photos.leclercdrive.fr/image.ashx?id=2796488&use=l&cat=p&typeid=i","cat":284634},{"id":18598,"n":"Yaourts à la Grecque Délisse Mûre Framboise - 4x150g","p":1.99,"u":"3,32 €/KG","img":"https://fd13-photos.leclercdrive.fr/image.ashx?id=2699441&use=l&cat=p&typeid=i","cat":314999},{"id":18652,"n":"Crépes Nature P'tit Déli x10 300g","p":1.69,"u":"5,63 €/KG","img":"https://fd13-photos.leclercdrive.fr/image.ashx?id=2896021&use=l&cat=p&typeid=i","cat":284494},{"id":18669,"n":"Snacks Tokapi 4 saveurs - 100g","p":0.87,"u":"8,70 €/KG","img":"https://fd13-photos.leclercdrive.fr/image.ashx?id=2884234&use=l&cat=p&typeid=i","cat":284449},{"id":18670,"n":"Tuiles Tokapi Bacon - 170g","p":1.39,"u":"8,18 €/KG","img":"https://fd13-photos.leclercdrive.fr/image.ashx?id=2657205&use=l&cat=p&typeid=i","cat":287899},{"id":18671,"n":"Tuiles Tokapi Paprika - 170g","p":1.35,"u":"7,94 €/KG","img":"https://fd13-photos.leclercdrive.fr/image.ashx?id=2632852&use=l&cat=p&typeid=i","cat":287899},{"id":18676,"n":"Allume-feu Silex cubes 18 sachets individuels","p":3.23,"img":"https://fd13-photos.leclercdrive.fr/image.ashx?id=2643584&use=l&cat=p&typeid=i","cat":300578},{"id":18725,"n":"Crêpes au froment  Faites main - 350g","p":5.45,"u":"15,57 €/KG","img":"https://fd13-photos.leclercdrive.fr/image.ashx?id=2352723&use=l&cat=p&typeid=i","cat":284494},{"id":18754,"n":"Boulettes nature Férial x12 - 300g","p":3.79,"u":"12,63 €/KG","img":"https://fd13-photos.leclercdrive.fr/image.ashx?id=2816624&use=l&cat=p&typeid=i","cat":284332},{"id":18853,"n":"Soin de jour Diadermine Lift+ Elastine Anti-rides - 50ml","p":6.88,"u":"137,60 €/L","img":"https://fd13-photos.leclercdrive.fr/image.ashx?id=2464024&use=l&cat=p&typeid=i","cat":325345},{"id":18953,"n":"Thon entier Pêche Océan Naturel - 186g","p":2.5,"u":"13,44 €/KG","img":"https://fd13-photos.leclercdrive.fr/image.ashx?id=2942193&use=l&cat=p&typeid=i","cat":303867},{"id":18968,"n":"Gâteaux mini marbrés P'tit Déli Chocolat x7 - 189g","p":1.64,"u":"8,68 €/KG","img":"https://fd13-photos.leclercdrive.fr/image.ashx?id=1947360&use=l&cat=p&typeid=i","cat":284495},{"id":18983,"n":"Crème glacée Eskiss Noix de coco - 494g","p":2.46,"u":"4,98 €/KG","img":"https://fd13-photos.leclercdrive.fr/image.ashx?id=2982607&use=l&cat=p&typeid=i","cat":284263},{"id":18996,"n":"Confiture Bonne Maman 4 fruits rouges - 370g","p":2.39,"u":"6,46 €/KG","img":"https://fd13-photos.leclercdrive.fr/image.ashx?id=2547474&use=l&cat=p&typeid=i","cat":284480},{"id":19022,"n":"Sirop Frucci Orange - 1L","p":4.26,"u":"4,26 €/L","img":"https://fd13-photos.leclercdrive.fr/image.ashx?id=2954070&use=l&cat=p&typeid=i","cat":295020},{"id":19023,"n":"Sirop Frucci Citron - 1L","p":2.04,"u":"2,04 €/L","img":"https://fd13-photos.leclercdrive.fr/image.ashx?id=2955656&use=l&cat=p&typeid=i","cat":295020},{"id":19066,"n":"Vodka Poliakov 37,5%vol - 1L","p":15.93,"u":"15,93 €/L","img":"https://fd13-photos.leclercdrive.fr/image.ashx?id=2576916&use=l&cat=p&typeid=i","cat":284550},{"id":19098,"n":"Cookies gros éclats Granola Chocolat - 184g","p":1.79,"u":"9,73 €/KG","img":"https://fd13-photos.leclercdrive.fr/image.ashx?id=2996413&use=l&cat=p&typeid=i","cat":325066},{"id":19102,"n":"Croquettes chat Purina One Stérilisé-Saumon/Céréales-1,5kg","p":6.53,"u":"4,35 €/KG","img":"https://fd13-photos.leclercdrive.fr/image.ashx?id=2541268&use=l&cat=p&typeid=i","cat":284680},{"id":19110,"n":"Boeuf Bourguignon Côté Table 300g","p":2.08,"u":"6,93 €/KG","img":"https://fd13-photos.leclercdrive.fr/image.ashx?id=2517679&use=l&cat=p&typeid=i","cat":284953},{"id":19119,"n":"Pains au lait La Boulangère Bio x8 - 280g","p":2.05,"u":"7,32 €/KG","img":"https://fd13-photos.leclercdrive.fr/image.ashx?id=2972460&use=l&cat=p&typeid=i","cat":293505},{"id":19138,"n":"Semoule Couscous Bio Village Semi complet Bio - 500g","p":1.91,"u":"3,82 €/KG","img":"https://fd13-photos.leclercdrive.fr/image.ashx?id=2814217&use=l&cat=p&typeid=i","cat":284429},{"id":19146,"n":"Cappelletti bio Céréal Bio tofu et Chèvre express-220g","p":1.99,"u":"9,05 €/KG","img":"https://fd13-photos.leclercdrive.fr/image.ashx?id=2642372&use=l&cat=p&typeid=i","cat":287600},{"id":19150,"n":"Compotes Andros Délice de rhubarbe - 4x100g","p":2.33,"u":"5,83 €/KG","img":"https://fd13-photos.leclercdrive.fr/image.ashx?id=2845461&use=l&cat=p&typeid=i","cat":284416},{"id":19152,"n":"Huile d'olive Bio Soleou Vierge extra fruttato - 75cl","p":9.7,"u":"12,93 €/L","img":"https://fd13-photos.leclercdrive.fr/image.ashx?id=2732614&use=l&cat=p&typeid=i","cat":284453},{"id":19155,"n":"Farine de blé Bio Francine 1kg","p":1.89,"u":"1,89 €/KG","img":"https://fd13-photos.leclercdrive.fr/image.ashx?id=2989117&use=l&cat=p&typeid=i","cat":284503},{"id":19199,"n":"Pain de mie La Boulangère à la  Farine complète Bio - 500g","p":1.85,"u":"3,70 €/KG","img":"https://fd13-photos.leclercdrive.fr/image.ashx?id=2912386&use=l&cat=p&typeid=i","cat":284477},{"id":19202,"n":"Galettes bio Bio Village 4 céréales x17 - 130g","p":0.99,"u":"7,62 €/KG","img":"https://fd13-photos.leclercdrive.fr/image.ashx?id=2130850&use=l&cat=p&typeid=i","cat":318651},{"id":19207,"n":"Galettes pur beurre Bio Village Bio - 125g","p":0.96,"u":"7,68 €/KG","img":"https://fd13-photos.leclercdrive.fr/image.ashx?id=1937985&use=l&cat=p&typeid=i","cat":284487},{"id":19208,"n":"Biscuits nappés Bio Village Chocolat noir Bio 200g","p":2.42,"u":"12,10 €/KG","img":"https://fd13-photos.leclercdrive.fr/image.ashx?id=1937510&use=l&cat=p&typeid=i","cat":284488},{"id":19210,"n":"Flageolets Préparés Cassegrain Extra Fins 265g","p":1.59,"u":"6,00 €/KG","img":"https://fd13-photos.leclercdrive.fr/image.ashx?id=2983084&use=l&cat=p&typeid=i","cat":312606},{"id":19211,"n":"Lentilles Préparées Cassegrain Tendres et Fondants 265g","p":1.65,"u":"6,23 €/KG","img":"https://fd13-photos.leclercdrive.fr/image.ashx?id=2952460&use=l&cat=p&typeid=i","cat":312609},{"id":19231,"n":"Petit Pois Cassegrain Tendres et Fondants 140g","p":1.26,"u":"9,00 €/KG","img":"https://fd13-photos.leclercdrive.fr/image.ashx?id=2912974&use=l&cat=p&typeid=i","cat":312607},{"id":19232,"n":"Printanière Cassegrain Carotte, Petit Pois, Champignon - 265g","p":1.99,"u":"7,51 €/KG","img":"https://fd13-photos.leclercdrive.fr/image.ashx?id=2913001&use=l&cat=p&typeid=i","cat":312612},{"id":19239,"n":"Fruits au sirop St Mamet Pêches - 475g","p":2.68,"u":"5,64 €/KG","img":"https://fd13-photos.leclercdrive.fr/image.ashx?id=2630217&use=l&cat=p&typeid=i","cat":284507},{"id":19240,"n":"Fruits au sirop St Mamet Poires Williams - 465g","p":2.92,"u":"6,28 €/KG","img":"https://fd13-photos.leclercdrive.fr/image.ashx?id=2630223&use=l&cat=p&typeid=i","cat":284507},{"id":19255,"n":"Croquettes chat Purina One Light Adulte -Poulet/Blé -1,5kg","p":6.7,"u":"4,47 €/KG","img":"https://fd13-photos.leclercdrive.fr/image.ashx?id=2432010&use=l&cat=p&typeid=i","cat":284680},{"id":19256,"n":"Croquettes chat Purina One Adulte d'intérieur-Dinde -1,5kg","p":6.75,"u":"4,50 €/KG","img":"https://fd13-photos.leclercdrive.fr/image.ashx?id=2902271&use=l&cat=p&typeid=i","cat":284680},{"id":19257,"n":"Croquettes chat Purina One Sensible Adulte-Dinde/Riz-450g","p":2.46,"u":"5,47 €/KG","img":"https://fd13-photos.leclercdrive.fr/image.ashx?id=2459658&use=l&cat=p&typeid=i","cat":284680},{"id":19262,"n":"Thon Saupiquet Mayonnaise - 2x135g","p":2.23,"u":"8,26 €/KG","img":"https://fd13-photos.leclercdrive.fr/image.ashx?id=2681017&use=l&cat=p&typeid=i","cat":303867},{"id":19263,"n":"Filets de maquereaux Saupiquet A la moutarde - 169g","p":1.85,"u":"10,95 €/KG","img":"https://fd13-photos.leclercdrive.fr/image.ashx?id=2829961&use=l&cat=p&typeid=i","cat":303868},{"id":19284,"n":"Huile pépins de raisin Cauvin 1l","p":7.2,"u":"7,20 €/L","img":"https://fd13-photos.leclercdrive.fr/image.ashx?id=2479234&use=l&cat=p&typeid=i","cat":284453},{"id":19285,"n":"Sauce crudités Rustica Fines herbes - 50cl","p":0.88,"u":"1,76 €/L","img":"https://fd13-photos.leclercdrive.fr/image.ashx?id=1972916&use=l&cat=p&typeid=i","cat":284456},{"id":19293,"n":"Lait céréales bébé Blédiner 12m Carotte pois soir - 2x250ml","p":1.76,"u":"3,52 €/L","img":"https://fd13-photos.leclercdrive.fr/image.ashx?id=2949856&use=l&cat=p&typeid=i","cat":312239},{"id":19296,"n":"Gressins Tokapi Sésame - 125g","p":1.17,"u":"9,36 €/KG","img":"https://fd13-photos.leclercdrive.fr/image.ashx?id=1993574&use=l&cat=p&typeid=i","cat":297000},{"id":19297,"n":"Lait céréales bébé Blédiner 6m Potiron soir - 2x250ml","p":1.73,"u":"3,46 €/L","img":"https://fd13-photos.leclercdrive.fr/image.ashx?id=2960141&use=l&cat=p&typeid=i","cat":312239},{"id":19298,"n":"Gressins Tokapi  Huile d'olive romarin - 125g","p":1.41,"u":"11,28 €/KG","img":"https://fd13-photos.leclercdrive.fr/image.ashx?id=1993577&use=l&cat=p&typeid=i","cat":297000},{"id":19301,"n":"Céréales Tipiak Méditerranéennes 2x200g","p":1.98,"u":"4,95 €/KG","img":"https://fd13-photos.leclercdrive.fr/image.ashx?id=2766253&use=l&cat=p&typeid=i","cat":284429},{"id":19304,"n":"Mini farfalle Turini 500g","p":1.26,"u":"2,52 €/KG","img":"https://fd13-photos.leclercdrive.fr/image.ashx?id=2607494&use=l&cat=p&typeid=i","cat":284427},{"id":19305,"n":"Pâtes Spaghetti Panzani 3 Minutes - 500G","p":1.2,"u":"2,40 €/KG","img":"https://fd13-photos.leclercdrive.fr/image.ashx?id=3008035&use=l&cat=p&typeid=i","cat":284427},{"id":19308,"n":"Epices pour guacamole Old el paso - 20g","p":1.14,"u":"57,00 €/KG","img":"https://fd13-photos.leclercdrive.fr/image.ashx?id=2858168&use=l&cat=p&typeid=i","cat":288993},{"id":19313,"n":"Tartelettes Bonne Maman A la framboise étui 135g","p":1.25,"u":"9,26 €/KG","img":"https://fd13-photos.leclercdrive.fr/image.ashx?id=2984383&use=l&cat=p&typeid=i","cat":284489},{"id":19319,"n":"Cookies Eco+ Pépites de chocolat - 200g","p":0.92,"u":"4,60 €/KG","img":"https://fd13-photos.leclercdrive.fr/image.ashx?id=2821875&use=l&cat=p&typeid=i","cat":325066},{"id":19338,"n":"IGP Côtes de Gascogne blanc sec Florenbelle - 10,5% vol 75 cl","p":4.29,"pp":2.83,"u":"3,77 €/L","img":"https://fd13-photos.leclercdrive.fr/image.ashx?id=2848178&use=l&cat=p&typeid=i","cat":289557},{"id":19353,"n":"Mao Croqui Haribo Sachet bonbons - 250g","p":1.33,"u":"5,32 €/KG","img":"https://fd13-photos.leclercdrive.fr/image.ashx?id=2805192&use=l&cat=p&typeid=i","cat":304250},{"id":19356,"n":"Infusion bio Jardin Bio Thym Menthe - x20 sachets - 30g","p":2.17,"u":"72,33 €/KG","img":"https://fd13-photos.leclercdrive.fr/image.ashx?id=2792654&use=l&cat=p&typeid=i","cat":293234},{"id":19364,"n":"Madeleines extra Ker Cadélac Coquilles moelleuses x24 - 600g","p":2.89,"u":"4,82 €/KG","img":"https://fd13-photos.leclercdrive.fr/image.ashx?id=2939511&use=l&cat=p&typeid=i","cat":284492},{"id":19366,"n":"Barres céréales Grany Chocolat - 125g","p":1.72,"u":"13,76 €/KG","img":"https://fd13-photos.leclercdrive.fr/image.ashx?id=2773613&use=l&cat=p&typeid=i","cat":285869},{"id":19368,"n":"Barres céréales Grany Noisettes - 125g","p":1.82,"u":"14,56 €/KG","img":"https://fd13-photos.leclercdrive.fr/image.ashx?id=2773607&use=l&cat=p&typeid=i","cat":285869},{"id":19386,"n":"Méli mélo céréales lég Tipiak 330g","p":2.25,"u":"6,82 €/KG","img":"https://fd13-photos.leclercdrive.fr/image.ashx?id=2563715&use=l&cat=p&typeid=i","cat":284429},{"id":19392,"n":"Café moulu Eco+ Robusta - 4x250g","p":8.89,"u":"8,89 €/KG","img":"https://fd13-photos.leclercdrive.fr/image.ashx?id=2700954&use=l&cat=p&typeid=i","cat":284750},{"id":19393,"n":"Café moulu Eco+ Décaféiné - 250g","p":2.63,"u":"10,52 €/KG","img":"https://fd13-photos.leclercdrive.fr/image.ashx?id=2784171&use=l&cat=p&typeid=i","cat":284750},{"id":19400,"n":"Chocolat au lait Lindt Création Irish Coffee - 150g","p":3.11,"u":"20,73 €/KG","img":"https://fd13-photos.leclercdrive.fr/image.ashx?id=2462921&use=l&cat=p&typeid=i","cat":284497},{"id":19402,"n":"Chocolat Côte d'Or Noir pâte d'amandes 150g","p":3.11,"u":"20,73 €/KG","img":"https://fd13-photos.leclercdrive.fr/image.ashx?id=2985585&use=l&cat=p&typeid=i","cat":284956},{"id":19407,"n":"Tablette chocolat Milka Chocolat lait/daim - 2x100g","p":3.06,"u":"15,30 €/KG","img":"https://fd13-photos.leclercdrive.fr/image.ashx?id=3009149&use=l&cat=p&typeid=i","cat":284497},{"id":19408,"n":"Soupe Velouté Bio Village Bio Légumes verts - 1L","p":2.04,"u":"2,04 €/L","img":"https://fd13-photos.leclercdrive.fr/image.ashx?id=2352237&use=l&cat=p&typeid=i","cat":284462},{"id":19411,"n":"Compote Allégée en sucres Eco+ Coupelle pomme - 4x100g","p":0.55,"u":"1,38 €/KG","img":"https://fd13-photos.leclercdrive.fr/image.ashx?id=2953188&use=l&cat=p&typeid=i","cat":284508},{"id":19416,"n":"Dessert fruitier Andros Pomme allégé 730g","p":1.28,"u":"1,75 €/KG","img":"https://fd13-photos.leclercdrive.fr/image.ashx?id=2369930&use=l&cat=p&typeid=i","cat":284508},{"id":19418,"n":"Pâtes serpentini Turini 500g","p":0.84,"u":"1,68 €/KG","img":"https://fd13-photos.leclercdrive.fr/image.ashx?id=2744231&use=l&cat=p&typeid=i","cat":284427},{"id":19420,"n":"Pâtes Torsades Turini Nature tomate épinard - 500g","p":1.1,"u":"2,20 €/KG","img":"https://fd13-photos.leclercdrive.fr/image.ashx?id=2607485&use=l&cat=p&typeid=i","cat":284427},{"id":19424,"n":"Spaghetti Turini Au blé complet - 500g","p":0.95,"u":"1,90 €/KG","img":"https://fd13-photos.leclercdrive.fr/image.ashx?id=2607497&use=l&cat=p&typeid=i","cat":284427},{"id":19426,"n":"Gâteaux L'Ourson Lulu LU Chocolat - 150g","p":1.3,"u":"8,67 €/KG","img":"https://fd13-photos.leclercdrive.fr/image.ashx?id=3014425&use=l&cat=p&typeid=i","cat":284495},{"id":19427,"n":"Pâtes penne Turini Blé complet - 500g","p":1.0,"u":"2,00 €/KG","img":"https://fd13-photos.leclercdrive.fr/image.ashx?id=2607500&use=l&cat=p&typeid=i","cat":284427},{"id":19432,"n":"Pains au chocolat Eco+ x10 - 450g","p":1.55,"u":"3,44 €/KG","img":"https://fd13-photos.leclercdrive.fr/image.ashx?id=2927833&use=l&cat=p&typeid=i","cat":296366},{"id":19433,"n":"Pain au lait Eco+ x10 - 400g","p":1.03,"u":"2,58 €/KG","img":"https://fd13-photos.leclercdrive.fr/image.ashx?id=2643578&use=l&cat=p&typeid=i","cat":293505},{"id":19435,"n":"Barres de céréales Special K Kellogg's Chocolat lait - 6x20g","p":2.17,"u":"18,08 €/KG","img":"https://fd13-photos.leclercdrive.fr/image.ashx?id=2306366&use=l&cat=p&typeid=i","cat":285869},{"id":19455,"n":"Confiture bio Jardin Bio Allégée framboises - 320g","p":3.47,"u":"10,84 €/KG","img":"https://fd13-photos.leclercdrive.fr/image.ashx?id=2537580&use=l&cat=p&typeid=i","cat":284480},{"id":19459,"n":"Flageolets cuisinés Roquelaure A l'auvergnate - 820g","p":2.14,"u":"2,61 €/KG","img":"https://fd13-photos.leclercdrive.fr/image.ashx?id=2928399&use=l&cat=p&typeid=i","cat":312606},{"id":19463,"n":"Sticks dentaires Lydog Moyen chien - x7 - 180g","p":1.39,"u":"7,72 €/KG","img":"https://fd13-photos.leclercdrive.fr/image.ashx?id=1878598&use=l&cat=p&typeid=i","cat":294527},{"id":19471,"n":"Mélange Le Sélect Vico Graines variées - 100g","p":1.89,"u":"18,90 €/KG","img":"https://fd13-photos.leclercdrive.fr/image.ashx?id=2569839&use=l&cat=p&typeid=i","cat":284448},{"id":19472,"n":"Fruits au sirop Del Monte Ananas en tranches - 350g","p":2.3,"u":"6,57 €/KG","img":"https://fd13-photos.leclercdrive.fr/image.ashx?id=2802326&use=l&cat=p&typeid=i","cat":284507},{"id":19473,"n":"Assiettes rondes Homeside Biodégradables 23cm x25","p":4.41,"img":"https://fd13-photos.leclercdrive.fr/image.ashx?id=1659687&use=l&cat=p&typeid=i","cat":334134},{"id":19474,"n":"Assiettes Ardence Dessert carrées 15.5cm x25","p":2.9,"img":"https://fd13-photos.leclercdrive.fr/image.ashx?id=951295&use=l&cat=p&typeid=i","cat":334134},{"id":19487,"n":"Cassoulet Toulousain   Raynal Et Roquelaure - 840g","p":4.53,"u":"5,39 €/KG","img":"https://fd13-photos.leclercdrive.fr/image.ashx?id=2928387&use=l&cat=p&typeid=i","cat":284440},{"id":19491,"n":"Couscous tunisien Côté Table Kefta merguez - 300g","p":2.19,"u":"7,30 €/KG","img":"https://fd13-photos.leclercdrive.fr/image.ashx?id=2499498&use=l&cat=p&typeid=i","cat":284953},{"id":19493,"n":"Colin d'alaska Côté Table Barquette micro-ondable 300g","p":1.99,"u":"6,63 €/KG","img":"https://fd13-photos.leclercdrive.fr/image.ashx?id=2770311&use=l&cat=p&typeid=i","cat":284953},{"id":19519,"n":"Enveloppes Eco+ 11,4x16,2cm - x100","p":1.5,"u":"0,02 €/P","img":"https://fd13-photos.leclercdrive.fr/image.ashx?id=1698592&use=l&cat=p&typeid=i","cat":284697},{"id":19535,"n":"Stick lèvres Inell Nourrissant - 2 pièces","p":1.99,"u":"1,00 €/P","img":"https://fd13-photos.leclercdrive.fr/image.ashx?id=2841622&use=l&cat=p&typeid=i","cat":285485},{"id":19542,"n":"Filets de saumon rose Findus Pacifique - MSC - x4 - 400g","p":12.12,"u":"30,30 €/KG","img":"https://fd13-photos.leclercdrive.fr/image.ashx?id=2735326&use=l&cat=p&typeid=i","cat":319786},{"id":19575,"n":"Lait démaquillant Inell Douceur 250ml","p":1.67,"u":"6,68 €/L","img":"https://fd13-photos.leclercdrive.fr/image.ashx?id=2691622&use=l&cat=p&typeid=i","cat":284603},{"id":19601,"n":"Gâteaux marbrés P'tit Déli x14 378g","p":3.02,"u":"7,99 €/KG","img":"https://fd13-photos.leclercdrive.fr/image.ashx?id=1947363&use=l&cat=p&typeid=i","cat":284495},{"id":19609,"n":"Tuiles Tokapi Fromage - 170g","p":1.39,"u":"8,18 €/KG","img":"https://fd13-photos.leclercdrive.fr/image.ashx?id=2647426&use=l&cat=p&typeid=i","cat":287899},{"id":19611,"n":"Soupe Velouté Régal Soupe Tomates - 2x30cl","p":1.45,"u":"2,42 €/L","img":"https://fd13-photos.leclercdrive.fr/image.ashx?id=2819271&use=l&cat=p&typeid=i","cat":284462},{"id":19622,"n":"Soupe Minestrone Régal Soupe Déshydratée - 104g","p":0.68,"u":"6,54 €/KG","img":"https://fd13-photos.leclercdrive.fr/image.ashx?id=2663275&use=l&cat=p&typeid=i","cat":284463},{"id":19625,"n":"Mini goûters P'tit Déli Fraise 168g","p":1.13,"u":"6,73 €/KG","img":"https://fd13-photos.leclercdrive.fr/image.ashx?id=2310498&use=l&cat=p&typeid=i","cat":284489},{"id":19643,"n":"Muesli Floconneux Bio Village Fruits secs Bio - 500g","p":2.13,"u":"4,26 €/KG","img":"https://fd13-photos.leclercdrive.fr/image.ashx?id=2869808&use=l&cat=p&typeid=i","cat":309512},{"id":19645,"n":"Mini-crêpes fourrées Tokapi Cheddar - 65g","p":1.99,"u":"30,62 €/KG","img":"https://fd13-photos.leclercdrive.fr/image.ashx?id=2853889&use=l&cat=p&typeid=i","cat":297000},{"id":19684,"n":"tofu nature bio bjorg  - 2x200g","p":2.54,"u":"6,35 €/KG","img":"https://fd13-photos.leclercdrive.fr/image.ashx?id=2907979&use=l&cat=p&typeid=i","cat":284953},{"id":19699,"n":"Sucre pure canne blond Beghin Say - 1kg","p":2.17,"u":"2,17 €/KG","img":"https://fd13-photos.leclercdrive.fr/image.ashx?id=2977321&use=l&cat=p&typeid=i","cat":284502},{"id":19701,"n":"Salade Piémontaise Petit Navire Au thon - 220g","p":2.04,"u":"9,27 €/KG","img":"https://fd13-photos.leclercdrive.fr/image.ashx?id=2829655&use=l&cat=p&typeid=i","cat":284437},{"id":19702,"n":"Sucre en poudre Béghin Say 750g","p":1.59,"u":"2,12 €/KG","img":"https://fd13-photos.leclercdrive.fr/image.ashx?id=2866352&use=l&cat=p&typeid=i","cat":284502},{"id":19710,"n":"Tipp-Ex Ruban correcteur - 1 pièce","p":2.15,"img":"https://fd13-photos.leclercdrive.fr/image.ashx?id=1939099&use=l&cat=p&typeid=i","cat":334133},{"id":19715,"n":"Tarama oeufs de cabillaud Blini 100g","p":1.32,"u":"13,20 €/KG","img":"https://fd13-photos.leclercdrive.fr/image.ashx?id=2640479&use=l&cat=p&typeid=i","cat":316032},{"id":19719,"n":"Yaourts Lait entier Bio Village Bio Vanille - 4x125g","p":1.25,"u":"2,50 €/KG","img":"https://fd13-photos.leclercdrive.fr/image.ashx?id=2702336&use=l&cat=p&typeid=i","cat":286006},{"id":19723,"n":"Sacs congélation zip Elembal Grand x15","p":1.8,"u":"0,12 €/P","img":"https://fd13-photos.leclercdrive.fr/image.ashx?id=2751889&use=l&cat=p&typeid=i","cat":334134},{"id":19729,"n":"Biscuit P'tit Déli Palmiers Chocolat au lait 110g","p":1.25,"u":"11,36 €/KG","img":"https://fd13-photos.leclercdrive.fr/image.ashx?id=2573403&use=l&cat=p&typeid=i","cat":284488},{"id":19732,"n":"Les p'tites spirales P'tit Déli Chocolat  x6 - 150g","p":1.35,"u":"9,00 €/KG","img":"https://fd13-photos.leclercdrive.fr/image.ashx?id=2660422&use=l&cat=p&typeid=i","cat":284495},{"id":19738,"n":"Duo Mâche Roquette Florette 175g","p":2.35,"u":"13,43 €/KG","img":"https://fd13-photos.leclercdrive.fr/image.ashx?id=2333929&use=l&cat=p&typeid=i","cat":284353},{"id":19743,"n":"Déodorant atomiseur Carré Homme Musc 200ml","p":1.35,"u":"6,75 €/L","img":"https://fd13-photos.leclercdrive.fr/image.ashx?id=2375998&use=l&cat=p&typeid=i","cat":284618},{"id":19744,"n":"Déodorant atomiseur Carré Homme Marine 200ml","p":1.35,"u":"6,75 €/L","img":"https://fd13-photos.leclercdrive.fr/image.ashx?id=2390707&use=l&cat=p&typeid=i","cat":284618},{"id":19750,"n":"Cotons Duo Démaquillants Inell Duo carré - Disques x50","p":1.24,"u":"0,02 €/P","img":"https://fd13-photos.leclercdrive.fr/image.ashx?id=1709937&use=l&cat=p&typeid=i","cat":285593},{"id":19758,"n":"Essuie-tout Bobine Uni Vert Compact - 500 feuilles x1","p":4.5,"img":"https://fd13-photos.leclercdrive.fr/image.ashx?id=2684826&use=l&cat=p&typeid=i","cat":284635},{"id":19788,"n":"Stick lèvres Inell Hydratant - 2 pièces","p":1.52,"u":"0,76 €/P","img":"https://fd13-photos.leclercdrive.fr/image.ashx?id=2776042&use=l&cat=p&typeid=i","cat":285485},{"id":19796,"n":"Papier aluminium Elembal 30m","p":2.75,"img":"https://fd13-photos.leclercdrive.fr/image.ashx?id=2940905&use=l&cat=p&typeid=i","cat":334134},{"id":19798,"n":"Dissolvant doux Inell Sans acétone - 150ml","p":1.44,"u":"9,60 €/L","img":"https://fd13-photos.leclercdrive.fr/image.ashx?id=2691640&use=l&cat=p&typeid=i","cat":325347},{"id":19814,"n":"Piles alcalines Foxter AA/LR6 1,5V - x8","p":1.69,"u":"0,21 €/P","img":"https://fd13-photos.leclercdrive.fr/image.ashx?id=2162174&use=l&cat=p&typeid=i","cat":300572},{"id":19815,"n":"Piles alcalines Foxter AAA/LR3 1,5V - x8","p":1.69,"img":"https://fd13-photos.leclercdrive.fr/image.ashx?id=2162153&use=l&cat=p&typeid=i","cat":300572},{"id":19856,"n":"Pâtes Barilla Coquillettes - 1kg","p":1.86,"u":"1,86 €/KG","img":"https://fd13-photos.leclercdrive.fr/image.ashx?id=2392230&use=l&cat=p&typeid=i","cat":284427},{"id":19868,"n":"Gâteau de riz Délisse 500g","p":1.79,"u":"3,58 €/KG","img":"https://fd13-photos.leclercdrive.fr/image.ashx?id=2938415&use=l&cat=p&typeid=i","cat":284418},{"id":19869,"n":"Sirop d'agave Sunny Via 350g","p":3.05,"u":"8,71 €/KG","img":"https://fd13-photos.leclercdrive.fr/image.ashx?id=3004834&use=l&cat=p&typeid=i","cat":287643},{"id":19870,"n":"Riz au lait la Laitière Saveur vanille - 500g","p":1.76,"u":"3,52 €/KG","img":"https://fd13-photos.leclercdrive.fr/image.ashx?id=2692716&use=l&cat=p&typeid=i","cat":284418},{"id":19874,"n":"Clafoutis La Laitière Aux cerises - 4x85g","p":2.63,"u":"7,74 €/KG","img":"https://fd13-photos.leclercdrive.fr/image.ashx?id=2628230&use=l&cat=p&typeid=i","cat":284419},{"id":19875,"n":"Clafoutis La Laitière Aux abricots - 4x85g","p":2.63,"u":"7,74 €/KG","img":"https://fd13-photos.leclercdrive.fr/image.ashx?id=3007975&use=l&cat=p&typeid=i","cat":284419},{"id":19877,"n":"Mozzarella Spécial Cuisine Les Croisés - 400g","p":2.94,"u":"7,35 €/KG","img":"https://fd13-photos.leclercdrive.fr/image.ashx?id=2992531&use=l&cat=p&typeid=i","cat":314026},{"id":19879,"n":"Liégois Délisse Framboise - 4x100g","p":1.69,"u":"4,23 €/KG","img":"https://fd13-photos.leclercdrive.fr/image.ashx?id=2694280&use=l&cat=p&typeid=i","cat":285042},{"id":19881,"n":"Dés Salakis herbes de Provence Fromage brebis - 300g","p":3.34,"u":"11,13 €/KG","img":"https://fd13-photos.leclercdrive.fr/image.ashx?id=2729686&use=l&cat=p&typeid=i","cat":314026},{"id":19898,"n":"Oeufs frais Matines x12","p":2.75,"u":"0,23 €/P","img":"https://fd13-photos.leclercdrive.fr/image.ashx?id=2796231&use=l&cat=p&typeid=i","cat":284378},{"id":19909,"n":"Yaourts Lait entier Bio Village Bio Vanille - 12x125g","p":3.27,"u":"2,18 €/KG","img":"https://fd13-photos.leclercdrive.fr/image.ashx?id=2032376&use=l&cat=p&typeid=i","cat":286006},{"id":19913,"n":"Mousse liégeoise Viennois  Chocolat - 4x90g","p":1.64,"u":"4,56 €/KG","img":"https://fd13-photos.leclercdrive.fr/image.ashx?id=2785172&use=l&cat=p&typeid=i","cat":285042},{"id":19935,"n":"Pizza Crousti-moelleuse Marie 4 fromages - 3x390g","p":6.52,"u":"5,57 €/KG","img":"https://fd13-photos.leclercdrive.fr/image.ashx?id=2996803&use=l&cat=p&typeid=i","cat":284256},{"id":19941,"n":"Pur jus d'orange Jafaden Avec pulpe - 1L","p":2.45,"u":"2,45 €/L","img":"https://fd13-photos.leclercdrive.fr/image.ashx?id=2395258&use=l&cat=p&typeid=i","cat":285435},{"id":19948,"n":"fromage blanc sous mousse gervita fraise melba - 4x100g","p":2.16,"u":"5,40 €/KG","img":"https://fd13-photos.leclercdrive.fr/image.ashx?id=2103400&use=l&cat=p&typeid=i","cat":284409},{"id":19991,"n":"Fromage frais Délisse Fruits panachés - 6x100g","p":2.56,"u":"4,27 €/KG","img":"https://fd13-photos.leclercdrive.fr/image.ashx?id=2913669&use=l&cat=p&typeid=i","cat":284414},{"id":19993,"n":"Crème dessert Délisse Vanille sur lit chocolat 4x125g","p":1.42,"u":"2,84 €/KG","img":"https://fd13-photos.leclercdrive.fr/image.ashx?id=2841950&use=l&cat=p&typeid=i","cat":285041},{"id":19998,"n":"Eau déminéralisée Phébus Anti-tartre - 5L","p":0.99,"u":"0,20 €/L","img":"https://fd13-photos.leclercdrive.fr/image.ashx?id=1901143&use=l&cat=p&typeid=i","cat":284653},{"id":20010,"n":"Yaourts lait entier nature Bio  Bio village - 12x125g","p":2.46,"u":"1,64 €/KG","img":"https://fd13-photos.leclercdrive.fr/image.ashx?id=2841962&use=l&cat=p&typeid=i","cat":284409},{"id":20013,"n":"Compote Charles & Alice Pommes Abricots - 4x100g","p":1.46,"u":"3,65 €/KG","img":"https://fd13-photos.leclercdrive.fr/image.ashx?id=2757350&use=l&cat=p&typeid=i","cat":284416},{"id":20015,"n":"Compote Charles & Alice Pommes Pêches - 4x100g","p":1.61,"u":"4,03 €/KG","img":"https://fd13-photos.leclercdrive.fr/image.ashx?id=2757680&use=l&cat=p&typeid=i","cat":284416},{"id":20024,"n":"Camembert J.Gillot noir AOP 45%mg - 250g","p":3.87,"u":"15,48 €/KG","img":"https://fd13-photos.leclercdrive.fr/image.ashx?id=2914504&use=l&cat=p&typeid=i","cat":314033},{"id":20031,"n":"Sauce Hannibal Colona 500ml","p":3.78,"u":"7,56 €/L","img":"https://fd13-photos.leclercdrive.fr/image.ashx?id=2687179&use=l&cat=p&typeid=i","cat":318431},{"id":20038,"n":"Crème aux œufs La Laitière lit de caramel - 4x100g","p":1.85,"u":"4,63 €/KG","img":"https://fd13-photos.leclercdrive.fr/image.ashx?id=2744593&use=l&cat=p&typeid=i","cat":284419},{"id":20042,"n":"Bière blonde Leffe Rituel 9% - 75cl","p":3.33,"u":"4,44 €/L","img":"https://fd13-photos.leclercdrive.fr/image.ashx?id=1890052&use=l&cat=p&typeid=i","cat":334852},{"id":20043,"n":"Gâteaux de riz La Laitière   Caramel - 4x100g","p":2.53,"u":"6,33 €/KG","img":"https://fd13-photos.leclercdrive.fr/image.ashx?id=2630202&use=l&cat=p&typeid=i","cat":284418},{"id":20044,"n":"Bière Leffe Ruby 5% - 75cl","p":2.94,"u":"3,92 €/L","img":"https://fd13-photos.leclercdrive.fr/image.ashx?id=1589629&use=l&cat=p&typeid=i","cat":334878},{"id":20052,"n":"Spiritueux Kirsch Sylvain 18%vol sous blister 20cl","p":2.29,"u":"11,45 €/L","img":"https://fd13-photos.leclercdrive.fr/image.ashx?id=2962239&use=l&cat=p&typeid=i","cat":286032},{"id":20060,"n":"Biscuits Gouda Delacre Canasta  Fourrés fromage - 75g","p":1.65,"u":"22,00 €/KG","img":"https://fd13-photos.leclercdrive.fr/image.ashx?id=2661841&use=l&cat=p&typeid=i","cat":297000},{"id":20075,"n":"Corned beef Hereford 340g","p":3.46,"u":"10,18 €/KG","img":"https://fd13-photos.leclercdrive.fr/image.ashx?id=2896946&use=l&cat=p&typeid=i","cat":305149},{"id":20085,"n":"Bière bleue Chimay Brune - 9%vol. - 33cl","p":1.69,"u":"5,12 €/L","img":"https://fd13-photos.leclercdrive.fr/image.ashx?id=1758849&use=l&cat=p&typeid=i","cat":334872},{"id":20086,"n":"Bière brune Chimay Rouge - 7%vol. - 33cl","p":1.56,"u":"4,73 €/L","img":"https://fd13-photos.leclercdrive.fr/image.ashx?id=1758843&use=l&cat=p&typeid=i","cat":334872},{"id":20099,"n":"Boules Démanquillantes Inell x100","p":1.4,"u":"0,01 €/P","img":"https://fd13-photos.leclercdrive.fr/image.ashx?id=2466931&use=l&cat=p&typeid=i","cat":285593},{"id":20109,"n":"Whisky Bourbon John Davon's 40%vol. - 70cl","p":13.15,"u":"18,79 €/L","img":"https://fd13-photos.leclercdrive.fr/image.ashx?id=2907177&use=l&cat=p&typeid=i","cat":284547},{"id":20110,"n":"Jus d'orange Jafaden A base de concentré  - 6x1L","p":10.56,"u":"1,76 €/L","img":"https://fd13-photos.leclercdrive.fr/image.ashx?id=2842486&use=l&cat=p&typeid=i","cat":284521},{"id":20134,"n":"Beurre Tendre Elle&Vire Demi-Sel - 80% MG - 250g","p":2.87,"u":"11,48 €/KG","img":"https://fd13-photos.leclercdrive.fr/image.ashx?id=2587701&use=l&cat=p&typeid=i","cat":284379},{"id":20180,"n":"Crème Fraîche Elle&Vire Epaisse Légère - 12% MG - 33cl","p":1.62,"u":"4,91 €/L","img":"https://fd13-photos.leclercdrive.fr/image.ashx?id=2871949&use=l&cat=p&typeid=i","cat":284381},{"id":20195,"n":"Camembert Isigny Ste Mère Au lait cru - 250g","p":3.34,"u":"13,36 €/KG","img":"https://fd13-photos.leclercdrive.fr/image.ashx?id=2284415&use=l&cat=p&typeid=i","cat":314033},{"id":20198,"n":"Yaourts au lait entier Malo Vanille - 4x125g","p":1.9,"u":"3,80 €/KG","img":"https://fd13-photos.leclercdrive.fr/image.ashx?id=2684707&use=l&cat=p&typeid=i","cat":286006},{"id":20210,"n":"Coulommiers Bon Mayennais 45%mg - 350g","p":3.03,"u":"8,66 €/KG","img":"https://fd13-photos.leclercdrive.fr/image.ashx?id=2677945&use=l&cat=p&typeid=i","cat":314033},{"id":20213,"n":"Camembert Cœur de Lion  8 portions - 240g","p":2.53,"u":"10,54 €/KG","img":"https://fd13-photos.leclercdrive.fr/image.ashx?id=2767962&use=l&cat=p&typeid=i","cat":314033},{"id":20218,"n":"Mozzarella vache Casa Azzurra Boule - 125g","p":0.99,"u":"7,92 €/KG","img":"https://fd13-photos.leclercdrive.fr/image.ashx?id=2904302&use=l&cat=p&typeid=i","cat":314026},{"id":20220,"n":"Flan Délisse Chocolat - 12x100g","p":3.45,"u":"2,88 €/KG","img":"https://fd13-photos.leclercdrive.fr/image.ashx?id=2362264&use=l&cat=p&typeid=i","cat":284420},{"id":20222,"n":"Ricotta Casa Azzurra 250g","p":1.49,"u":"5,96 €/KG","img":"https://fd13-photos.leclercdrive.fr/image.ashx?id=1849630&use=l&cat=p&typeid=i","cat":314026},{"id":20223,"n":"Riz au lait Délisse  Nature - 4x115g","p":1.42,"u":"3,09 €/KG","img":"https://fd13-photos.leclercdrive.fr/image.ashx?id=2595104&use=l&cat=p&typeid=i","cat":284418},{"id":20228,"n":"Crème aux oeufs Délisse Lit caramel - 4x100g","p":1.59,"u":"3,98 €/KG","img":"https://fd13-photos.leclercdrive.fr/image.ashx?id=2340003&use=l&cat=p&typeid=i","cat":284419},{"id":20230,"n":"Semoule au lait Délisse Vanille - 8x115g","p":2.16,"u":"2,35 €/KG","img":"https://fd13-photos.leclercdrive.fr/image.ashx?id=2558380&use=l&cat=p&typeid=i","cat":284418},{"id":20239,"n":"Gâteaux fourrés P'tit Déli Chocolat x7 - 189g","p":2.18,"u":"11,53 €/KG","img":"https://fd13-photos.leclercdrive.fr/image.ashx?id=2554517&use=l&cat=p&typeid=i","cat":284495},{"id":20252,"n":"Persil plat Florette 11g","p":1.69,"u":"153,64 €/KG","img":"https://fd13-photos.leclercdrive.fr/image.ashx?id=2645831&use=l&cat=p&typeid=i","cat":293607},{"id":20258,"n":"Biscuit bio Céréal Bio  Chocolat Noir intense - 132g","p":1.56,"u":"11,82 €/KG","img":"https://fd13-photos.leclercdrive.fr/image.ashx?id=2574278&use=l&cat=p&typeid=i","cat":284487},{"id":20288,"n":"Soufflés Snack's Tokapi Cacahuète - 55g","p":0.39,"u":"7,09 €/KG","img":"https://fd13-photos.leclercdrive.fr/image.ashx?id=2844517&use=l&cat=p&typeid=i","cat":284449},{"id":20291,"n":"Déodorant bille Manava Vanille 50ml","p":1.29,"u":"25,80 €/L","img":"https://fd13-photos.leclercdrive.fr/image.ashx?id=2481213&use=l&cat=p&typeid=i","cat":284595},{"id":20292,"n":"Déodorant bille Manava Anti traces 50ml","p":0.79,"u":"15,80 €/L","img":"https://fd13-photos.leclercdrive.fr/image.ashx?id=2481216&use=l&cat=p&typeid=i","cat":284595},{"id":20299,"n":"AOC Saint Mont rouge  Marquis de Seillan - 75cl","p":4.99,"pp":3.29,"u":"4,39 €/L","img":"https://fd13-photos.leclercdrive.fr/image.ashx?id=2753982&use=l&cat=p&typeid=i","cat":289556},{"id":20300,"n":"Tarte Tomates Chèvre Courgette Côté Table - 400g","p":2.92,"u":"7,30 €/KG","img":"https://fd13-photos.leclercdrive.fr/image.ashx?id=2791767&use=l&cat=p&typeid=i","cat":284257},{"id":20306,"n":"Rillettes crabe Ronde des Mers 150g","p":1.99,"u":"13,27 €/KG","img":"https://fd13-photos.leclercdrive.fr/image.ashx?id=2981876&use=l&cat=p&typeid=i","cat":285191},{"id":20307,"n":"Crème glacée Bio Bio Village Vanille - Bac 450g","p":2.85,"u":"6,33 €/KG","img":"https://fd13-photos.leclercdrive.fr/image.ashx?id=2902570&use=l&cat=p&typeid=i","cat":284263},{"id":20309,"n":"Jambon supérieur Tradilège -25% de sel - Découenné x4-160g","p":2.02,"u":"12,63 €/KG","img":"https://fd13-photos.leclercdrive.fr/image.ashx?id=2153186&use=l&cat=p&typeid=i","cat":316009},{"id":20375,"n":"Saucisson Justin Bridou Bâton de Berger Noisette - 250g","p":4.23,"u":"16,92 €/KG","img":"https://fd13-photos.leclercdrive.fr/image.ashx?id=2948054&use=l&cat=p&typeid=i","cat":316006},{"id":20380,"n":"Jambon cru 6 tranches Aoste sans conservateur - 165g","p":4.64,"u":"28,12 €/KG","img":"https://fd13-photos.leclercdrive.fr/image.ashx?id=2950285&use=l&cat=p&typeid=i","cat":316007},{"id":20397,"n":"Tagliatelles Weight Watchers Poulet champignons 300g","p":3.3,"u":"11,00 €/KG","img":"https://fd13-photos.leclercdrive.fr/image.ashx?id=2960759&use=l&cat=p&typeid=i","cat":333665},{"id":20408,"n":"Déodorant bille Carré homme Anti traces et transpirant 50ml","p":0.69,"u":"13,80 €/L","img":"https://fd13-photos.leclercdrive.fr/image.ashx?id=2596772&use=l&cat=p&typeid=i","cat":284618},{"id":20413,"n":"Petites gambas fettucine Marie Au pesto tomates confites 280g","p":3.22,"u":"11,50 €/KG","img":"https://fd13-photos.leclercdrive.fr/image.ashx?id=2921537&use=l&cat=p&typeid=i","cat":333665},{"id":20414,"n":"Essuie-tout blanc Mimosa Super absorbant - x2","p":2.75,"u":"1,38 €/P","img":"https://fd13-photos.leclercdrive.fr/image.ashx?id=2752619&use=l&cat=p&typeid=i","cat":284635},{"id":20418,"n":"Cabillaud au citron Marie Printanière de légumes - 290g","p":3.57,"u":"12,31 €/KG","img":"https://fd13-photos.leclercdrive.fr/image.ashx?id=2317417&use=l&cat=p&typeid=i","cat":333665},{"id":20423,"n":"Emincé poulet farfalles Marie Aux champignons 280g","p":3.88,"u":"13,86 €/KG","img":"https://fd13-photos.leclercdrive.fr/image.ashx?id=2317411&use=l&cat=p&typeid=i","cat":333665},{"id":20452,"n":"Paëlla Valenciana Fleury Michon 400g","p":3.04,"u":"7,60 €/KG","img":"https://fd13-photos.leclercdrive.fr/image.ashx?id=2656739&use=l&cat=p&typeid=i","cat":333665},{"id":20455,"n":"Taboulé à la menthe Bonduelle 300g","p":1.44,"u":"4,80 €/KG","img":"https://fd13-photos.leclercdrive.fr/image.ashx?id=2907893&use=l&cat=p&typeid=i","cat":333657},{"id":20465,"n":"Poulet et purée Fleury Michon courgettes et tomates - 300g","p":2.06,"u":"6,87 €/KG","img":"https://fd13-photos.leclercdrive.fr/image.ashx?id=3003284&use=l&cat=p&typeid=i","cat":333665},{"id":20476,"n":"Cocktail Punch Old Nick Coco 16%vol. - 70cl","p":5.99,"u":"8,56 €/L","img":"https://fd13-photos.leclercdrive.fr/image.ashx?id=2999213&use=l&cat=p&typeid=i","cat":284551},{"id":20484,"n":"AOP Cabernet d'Anjou rosé Plessis-Duval - 75cl","p":4.55,"u":"6,07 €/L","img":"https://fd13-photos.leclercdrive.fr/image.ashx?id=2941035&use=l&cat=p&typeid=i","cat":289558},{"id":20495,"n":"Boisson Jafaden Cranberry Light - 1L","p":1.59,"u":"1,59 €/L","img":"https://fd13-photos.leclercdrive.fr/image.ashx?id=2584014&use=l&cat=p&typeid=i","cat":284915},{"id":20501,"n":"Yaourts aux fruits Délisse Fruits Jaunes - 8x125g","p":2.29,"u":"2,29 €/KG","img":"https://fd13-photos.leclercdrive.fr/image.ashx?id=2533319&use=l&cat=p&typeid=i","cat":284410},{"id":20603,"n":"Sauce à l'Echalote Rustica Déshydratée 33g","p":0.69,"u":"20,91 €/KG","img":"https://fd13-photos.leclercdrive.fr/image.ashx?id=2188835&use=l&cat=p&typeid=i","cat":288381},{"id":20612,"n":"Thon Pêche Océan A la catalane - 2x135g","p":1.87,"u":"6,93 €/KG","img":"https://fd13-photos.leclercdrive.fr/image.ashx?id=2941432&use=l&cat=p&typeid=i","cat":303867},{"id":20634,"n":"Lait céréales Blédidej 6 mois Vanille - 4x250ml","p":3.31,"u":"3,31 €/L","img":"https://fd13-photos.leclercdrive.fr/image.ashx?id=2921046&use=l&cat=p&typeid=i","cat":312226},{"id":20635,"n":"Litière agglomérante Catsan  Pour chat - 5L","p":5.99,"u":"1,20 €/L","img":"https://fd13-photos.leclercdrive.fr/image.ashx?id=2681925&use=l&cat=p&typeid=i","cat":284683},{"id":20648,"n":"Maquereaux Pêche Océan Moutarde à l'ancienne - 169g","p":1.66,"u":"9,82 €/KG","img":"https://fd13-photos.leclercdrive.fr/image.ashx?id=2515676&use=l&cat=p&typeid=i","cat":303868},{"id":20653,"n":"Lait démaquillant Inell Peaux normales et mixtes 250ml","p":1.89,"u":"7,56 €/L","img":"https://fd13-photos.leclercdrive.fr/image.ashx?id=2691619&use=l&cat=p&typeid=i","cat":284603},{"id":20675,"n":"Pus jus Tropicana Pamplemousse rose - 1L","p":2.27,"u":"2,27 €/L","img":"https://fd13-photos.leclercdrive.fr/image.ashx?id=2605650&use=l&cat=p&typeid=i","cat":284914},{"id":20683,"n":"Pommes duchesse Pom'lisse 750g","p":1.19,"u":"1,59 €/KG","img":"https://fd13-photos.leclercdrive.fr/image.ashx?id=2851577&use=l&cat=p&typeid=i","cat":319792},{"id":20684,"n":"Cordon bleu de poulet Eco+ 800g","p":4.19,"u":"5,24 €/KG","img":"https://fd13-photos.leclercdrive.fr/image.ashx?id=2779871&use=l&cat=p&typeid=i","cat":319780},{"id":20685,"n":"Purée 4 légumes Notre Jardin 750g","p":2.29,"u":"3,05 €/KG","img":"https://fd13-photos.leclercdrive.fr/image.ashx?id=2856160&use=l&cat=p&typeid=i","cat":319805},{"id":20686,"n":"Haricots plats Notre Jardin 1kg","p":1.73,"u":"1,73 €/KG","img":"https://fd13-photos.leclercdrive.fr/image.ashx?id=2431122&use=l&cat=p&typeid=i","cat":319805},{"id":20688,"n":"Tagliatelles carbonara Marie 330g","p":3.15,"u":"9,55 €/KG","img":"https://fd13-photos.leclercdrive.fr/image.ashx?id=2980920&use=l&cat=p&typeid=i","cat":333665},{"id":20692,"n":"Filet de saumon Fleury Michon purée de brocolis - 300g","p":3.22,"u":"10,73 €/KG","img":"https://fd13-photos.leclercdrive.fr/image.ashx?id=3003278&use=l&cat=p&typeid=i","cat":333665},{"id":20696,"n":"Sandwich Club Sodebo Simple&Bon  Jambon Emmental - 145g","p":1.43,"u":"9,86 €/KG","img":"https://fd13-photos.leclercdrive.fr/image.ashx?id=2851497&use=l&cat=p&typeid=i","cat":333658},{"id":20697,"n":"Sandwich Suédois Sodebo Jambon Cheddar 135g","p":1.64,"u":"12,15 €/KG","img":"https://fd13-photos.leclercdrive.fr/image.ashx?id=2912095&use=l&cat=p&typeid=i","cat":333658},{"id":20700,"n":"Macaroni sauce tomate Marie Boulettes de viande 280g","p":2.81,"u":"10,04 €/KG","img":"https://fd13-photos.leclercdrive.fr/image.ashx?id=2980968&use=l&cat=p&typeid=i","cat":333665},{"id":20717,"n":"Sirop Frucci Cassis - 1L","p":3.11,"u":"3,11 €/L","img":"https://fd13-photos.leclercdrive.fr/image.ashx?id=2954079&use=l&cat=p&typeid=i","cat":295020},{"id":20724,"n":"Cheeseburger Charal 6x140g - 840g","p":9.67,"u":"11,51 €/KG","img":"https://fd13-photos.leclercdrive.fr/image.ashx?id=2741952&use=l&cat=p&typeid=i","cat":319822},{"id":20726,"n":"Yaourts Malo Nature Bio - 4x125g","p":1.67,"u":"3,34 €/KG","img":"https://fd13-photos.leclercdrive.fr/image.ashx?id=2908630&use=l&cat=p&typeid=i","cat":284409},{"id":20727,"n":"Yaourts Malo Vanille Bio - 4x125g","p":1.97,"u":"3,94 €/KG","img":"https://fd13-photos.leclercdrive.fr/image.ashx?id=2908633&use=l&cat=p&typeid=i","cat":286006},{"id":20729,"n":"Yaourt sucré Malo 16x125g","p":3.89,"u":"1,95 €/KG","img":"https://fd13-photos.leclercdrive.fr/image.ashx?id=2684704&use=l&cat=p&typeid=i","cat":284409},{"id":20744,"n":"Philadelphia Nature - 150g","p":1.68,"u":"11,20 €/KG","img":"https://fd13-photos.leclercdrive.fr/image.ashx?id=1586142&use=l&cat=p&typeid=i","cat":314029},{"id":20758,"n":"Riz cantonais Tables du Monde 900g","p":4.07,"u":"4,52 €/KG","img":"https://fd13-photos.leclercdrive.fr/image.ashx?id=2903953&use=l&cat=p&typeid=i","cat":284254},{"id":20760,"n":"Légumes vapeurs Notre Jardin 2x200g","p":2.43,"u":"6,08 €/KG","img":"https://fd13-photos.leclercdrive.fr/image.ashx?id=2900106&use=l&cat=p&typeid=i","cat":319805},{"id":20775,"n":"Carottes râpées Menu Fraîcheur  1kg","p":1.98,"u":"1,98 €/KG","img":"https://fd13-photos.leclercdrive.fr/image.ashx?id=2850814&use=l&cat=p&typeid=i","cat":333657},{"id":20776,"n":"Taboulé Menu Fraîcheur A l'orientale - 1kg","p":2.77,"u":"2,77 €/KG","img":"https://fd13-photos.leclercdrive.fr/image.ashx?id=2846559&use=l&cat=p&typeid=i","cat":333657},{"id":20777,"n":"Piémontaise Menu Fraîcheur  Au jambon - 1kg","p":4.27,"u":"4,27 €/KG","img":"https://fd13-photos.leclercdrive.fr/image.ashx?id=2965488&use=l&cat=p&typeid=i","cat":333657},{"id":20786,"n":"Lait Bio demi-écrémé Grandlait Candia Bouteille - 4x50cl","p":4.53,"u":"2,27 €/L","img":"https://fd13-photos.leclercdrive.fr/image.ashx?id=2947039&use=l&cat=p&typeid=i","cat":284377},{"id":20789,"n":"Déodorant Carré Homme Anti-transpirant 200ml","p":1.35,"u":"6,75 €/L","img":"https://fd13-photos.leclercdrive.fr/image.ashx?id=2610693&use=l&cat=p&typeid=i","cat":284618},{"id":20792,"n":"Cire Institut Siliss Professionnelle - 400g","p":5.59,"u":"13,98 €/KG","img":"https://fd13-photos.leclercdrive.fr/image.ashx?id=2699684&use=l&cat=p&typeid=i","cat":325351},{"id":20819,"n":"Café moulu Coïc Matin breton - 250g","p":4.45,"pp":4.05,"u":"16,20 €/KG","img":"https://fd13-photos.leclercdrive.fr/image.ashx?id=2768198&use=l&cat=p&typeid=i","cat":284750},{"id":20820,"n":"Café Coïc Couleurs de Bretagne moulu 250g","p":4.45,"pp":4.05,"u":"16,20 €/KG","img":"https://fd13-photos.leclercdrive.fr/image.ashx?id=2471226&use=l&cat=p&typeid=i","cat":284750},{"id":20821,"n":"Café moulu Coïc Escale bretonne - 250g","p":4.45,"pp":4.05,"u":"16,20 €/KG","img":"https://fd13-photos.leclercdrive.fr/image.ashx?id=2471229&use=l&cat=p&typeid=i","cat":284750},{"id":20824,"n":"Soda Breizh Cola sans sucre Bouteille - 6x33cl","p":3.09,"u":"1,56 €/L","img":"https://fd13-photos.leclercdrive.fr/image.ashx?id=1971659&use=l&cat=p&typeid=i","cat":284530},{"id":20826,"n":"Jus multivitaminé Plein Fruit 1L","p":1.99,"u":"1,99 €/L","img":"https://fd13-photos.leclercdrive.fr/image.ashx?id=2896237&use=l&cat=p&typeid=i","cat":284917},{"id":20828,"n":"AOP Côtes de Bourg rouge Château du Bousquet - 75cl","p":7.48,"u":"9,97 €/L","img":"https://fd13-photos.leclercdrive.fr/image.ashx?id=2313942&use=l&cat=p&typeid=i","cat":289556},{"id":20829,"n":"AOP Cabernet d'Anjou rosé Domaine des Forges - 75cl","p":4.75,"u":"6,33 €/L","img":"https://fd13-photos.leclercdrive.fr/image.ashx?id=2180115&use=l&cat=p&typeid=i","cat":289558},{"id":20834,"n":"AOP Saumur Champigny rouge Charles de Villeneuve - 75cl","p":5.95,"pp":4.46,"u":"5,95 €/L","img":"https://fd13-photos.leclercdrive.fr/image.ashx?id=2859275&use=l&cat=p&typeid=i","cat":289556},{"id":20838,"n":"Fromage frais Malo Panaché de fruits - 8x100g","p":2.95,"pp":2.06,"u":"2,58 €/KG","img":"https://fd13-photos.leclercdrive.fr/image.ashx?id=2459270&use=l&cat=p&typeid=i","cat":284410},{"id":20862,"n":"Sauce Provençale Turini 190g","p":0.58,"u":"3,05 €/KG","img":"https://fd13-photos.leclercdrive.fr/image.ashx?id=2386152&use=l&cat=p&typeid=i","cat":287599},{"id":20863,"n":"Allumettes de bacon Herta Fumées 200g","p":2.13,"u":"10,65 €/KG","img":"https://fd13-photos.leclercdrive.fr/image.ashx?id=2876242&use=l&cat=p&typeid=i","cat":316011},{"id":20872,"n":"Pains au chocolat pur beurre  6x1 p","p":3.9,"u":"0,65 €/P","img":"https://fd13-photos.leclercdrive.fr/image.ashx?id=2071001&use=l&cat=p&typeid=i","cat":284984},{"id":20880,"n":"Le Parmentier de saumon Maison Briau - 750g","p":7.95,"u":"10,60 €/KG","img":"https://fd13-photos.leclercdrive.fr/image.ashx?id=2850605&use=l&cat=p&typeid=i","cat":333666},{"id":20882,"n":"Colin pané Alaska Cité Marine MSC - 200g","p":2.17,"u":"10,85 €/KG","img":"https://fd13-photos.leclercdrive.fr/image.ashx?id=2844142&use=l&cat=p&typeid=i","cat":284344},{"id":20986,"n":"Sauce Napolitaine Turini 190g","p":0.85,"u":"4,47 €/KG","img":"https://fd13-photos.leclercdrive.fr/image.ashx?id=2552430&use=l&cat=p&typeid=i","cat":287599},{"id":20987,"n":"Liqueur Litchi Soho 15%vol. - 70cl","p":8.25,"u":"11,79 €/L","img":"https://fd13-photos.leclercdrive.fr/image.ashx?id=2971927&use=l&cat=p&typeid=i","cat":286032},{"id":21017,"n":"Poisson Pané Findus  Colin d'Alaska - x10 - 510g","p":3.98,"u":"7,80 €/KG","img":"https://fd13-photos.leclercdrive.fr/image.ashx?id=2735332&use=l&cat=p&typeid=i","cat":319788},{"id":21027,"n":"Sauce bolognaise Turini 190g","p":0.85,"u":"4,47 €/KG","img":"https://fd13-photos.leclercdrive.fr/image.ashx?id=2634869&use=l&cat=p&typeid=i","cat":287599},{"id":21040,"n":"Whisky Monkey Shoulder 40%vol - 70cl","p":25.15,"u":"35,93 €/L","img":"https://fd13-photos.leclercdrive.fr/image.ashx?id=2917528&use=l&cat=p&typeid=i","cat":284547},{"id":21081,"n":"Bière blonde Rince Cochon 50cl","p":1.8,"u":"3,60 €/L","img":"https://fd13-photos.leclercdrive.fr/image.ashx?id=2021232&use=l&cat=p&typeid=i","cat":334853},{"id":21115,"n":"Lambrusco Rosato Vilaveroni 75cl","p":3.9,"u":"5,20 €/L","img":"https://fd13-photos.leclercdrive.fr/image.ashx?id=2333030&use=l&cat=p&typeid=i","cat":289558},{"id":21223,"n":"Déodorant Bille Homme Nivea Men Cool Kick 48H - 50ml","p":1.97,"u":"39,40 €/L","img":"https://fd13-photos.leclercdrive.fr/image.ashx?id=2945727&use=l&cat=p&typeid=i","cat":284618},{"id":21241,"n":"Spirales Insectivor Anti-moustiques - x10","p":1.73,"u":"0,17 €/P","img":"https://fd13-photos.leclercdrive.fr/image.ashx?id=789024&use=l&cat=p&typeid=i","cat":298368},{"id":21244,"n":"Pièges anti-fourmis Insectivor x2","p":3.34,"u":"1,67 €/P","img":"https://fd13-photos.leclercdrive.fr/image.ashx?id=2302725&use=l&cat=p&typeid=i","cat":298368},{"id":21326,"n":"Tapenade olives noires NRT 90g","p":1.84,"u":"20,44 €/KG","img":"https://fd13-photos.leclercdrive.fr/image.ashx?id=2839959&use=l&cat=p&typeid=i","cat":284451},{"id":21337,"n":"IGP Comté Tolosan rosé Terreo 11.5% - 75cl","p":3.95,"u":"5,27 €/L","img":"https://fd13-photos.leclercdrive.fr/image.ashx?id=2602215&use=l&cat=p&typeid=i","cat":289558},{"id":21370,"n":"Emincés pour chat Tous mes amis Viande 4x390g","p":4.21,"u":"2,70 €/KG","img":"https://fd13-photos.leclercdrive.fr/image.ashx?id=2050669&use=l&cat=p&typeid=i","cat":285601},{"id":21427,"n":"AOP Lubéron rouge Domaine d'Aigues - 75cl","p":5.2,"u":"6,93 €/L","img":"https://fd13-photos.leclercdrive.fr/image.ashx?id=1758364&use=l&cat=p&typeid=i","cat":289556},{"id":21463,"n":"AOP vin rouge M.Chapoutier Côtes du Rhône - 75cl","p":7.25,"u":"9,67 €/L","img":"https://fd13-photos.leclercdrive.fr/image.ashx?id=2432496&use=l&cat=p&typeid=i","cat":289556},{"id":21485,"n":"Eau gazeuse La Pétillante Naturelle - 6x1L","p":2.34,"u":"0,39 €/L","img":"https://fd13-photos.leclercdrive.fr/image.ashx?id=2452966&use=l&cat=p&typeid=i","cat":284536},{"id":21490,"n":"Vin mousseux Charles Volner Rosé 12%vol. 75cl","p":4.51,"u":"6,01 €/L","img":"https://fd13-photos.leclercdrive.fr/image.ashx?id=1592043&use=l&cat=p&typeid=i","cat":284544},{"id":21494,"n":"AOC Côtes de Provence Valestrel rosé - BIB 3L","p":22.42,"u":"7,47 €/L","img":"https://fd13-photos.leclercdrive.fr/image.ashx?id=2997763&use=l&cat=p&typeid=i","cat":289560},{"id":21502,"n":"Copie double perforée Esquisse 21x29,7cm 5x5 - 200 pages","p":1.6,"img":"https://fd13-photos.leclercdrive.fr/image.ashx?id=1929759&use=l&cat=p&typeid=i","cat":284697},{"id":21572,"n":"Baguette La Boulangère Viennoise fendue 340g","p":1.42,"u":"4,18 €/KG","img":"https://fd13-photos.leclercdrive.fr/image.ashx?id=2912392&use=l&cat=p&typeid=i","cat":284985},{"id":21573,"n":"Bonbons LUTTI Arlequin Original 250g","p":1.43,"u":"5,72 €/KG","img":"https://fd13-photos.leclercdrive.fr/image.ashx?id=2817422&use=l&cat=p&typeid=i","cat":304252},{"id":21574,"n":"Bonbons Lutti Menthise Fondant aux 2 menthes 250g","p":1.95,"u":"7,80 €/KG","img":"https://fd13-photos.leclercdrive.fr/image.ashx?id=2962167&use=l&cat=p&typeid=i","cat":304252},{"id":21592,"n":"Filets de cabillaud Findus MSC - x10 - 510g","p":7.2,"u":"14,12 €/KG","img":"https://fd13-photos.leclercdrive.fr/image.ashx?id=2735329&use=l&cat=p&typeid=i","cat":319788},{"id":21606,"n":"Cornichons Maille extra fins 380g","p":3.13,"u":"8,24 €/KG","img":"https://fd13-photos.leclercdrive.fr/image.ashx?id=2945826&use=l&cat=p&typeid=i","cat":284458},{"id":21609,"n":"Cornichons Extra-Fins MAILLE 220g","p":2.13,"u":"9,68 €/KG","img":"https://fd13-photos.leclercdrive.fr/image.ashx?id=2945823&use=l&cat=p&typeid=i","cat":284458},{"id":21610,"n":"Lotion fraîcheur Inell Tonique - 250ml","p":1.53,"u":"6,12 €/L","img":"https://fd13-photos.leclercdrive.fr/image.ashx?id=2694172&use=l&cat=p&typeid=i","cat":284603},{"id":21611,"n":"Lotion douceur Inell Tonique - 250ml","p":1.52,"u":"6,08 €/L","img":"https://fd13-photos.leclercdrive.fr/image.ashx?id=2707561&use=l&cat=p&typeid=i","cat":284603},{"id":21612,"n":"Liquide vaisselle Eco+ Citron 1L","p":0.66,"u":"0,66 €/L","img":"https://fd13-photos.leclercdrive.fr/image.ashx?id=2874368&use=l&cat=p&typeid=i","cat":284655},{"id":21642,"n":"Brioche tressée La Boulangère 800g","p":5.14,"u":"6,43 €/KG","img":"https://fd13-photos.leclercdrive.fr/image.ashx?id=2926401&use=l&cat=p&typeid=i","cat":284478},{"id":21652,"n":"Biscuits P'tit Déli Galettes Suédoise chocolat 150g","p":2.38,"u":"15,87 €/KG","img":"https://fd13-photos.leclercdrive.fr/image.ashx?id=1951046&use=l&cat=p&typeid=i","cat":284490},{"id":21655,"n":"Boîtes chiens Lydog Mitonnées Agneau poulet veau - 3x410g","p":3.9,"u":"3,17 €/KG","img":"https://fd13-photos.leclercdrive.fr/image.ashx?id=2710488&use=l&cat=p&typeid=i","cat":288578},{"id":21656,"n":"Boîte chiens Lydog Bouchées Boeuf carottes - 1,25kg","p":2.65,"u":"2,12 €/KG","img":"https://fd13-photos.leclercdrive.fr/image.ashx?id=2710491&use=l&cat=p&typeid=i","cat":288578},{"id":21658,"n":"Boîte chiens Lydog Terrines Cabillaud saumon - 1.2kg","p":2.42,"u":"1,95 €/KG","img":"https://fd13-photos.leclercdrive.fr/image.ashx?id=2493667&use=l&cat=p&typeid=i","cat":288578},{"id":21662,"n":"Boîte chiens Lydog Bouchées Poulet légumes - 1,2kg","p":2.02,"u":"1,68 €/KG","img":"https://fd13-photos.leclercdrive.fr/image.ashx?id=2548100&use=l&cat=p&typeid=i","cat":288578},{"id":21663,"n":"Bouchées au poulet foie et  aux carottes Lydog - 1.23kg","p":2.39,"u":"1,94 €/KG","img":"https://fd13-photos.leclercdrive.fr/image.ashx?id=2691225&use=l&cat=p&typeid=i","cat":288578},{"id":21676,"n":"Bûche de chèvre Ste Maure Sélection Soignon - 200g","p":2.65,"u":"13,25 €/KG","img":"https://fd13-photos.leclercdrive.fr/image.ashx?id=2799925&use=l&cat=p&typeid=i","cat":314031},{"id":21678,"n":"AOP Munster Ermitage 50%mg - 200g","p":2.94,"u":"14,70 €/KG","img":"https://fd13-photos.leclercdrive.fr/image.ashx?id=2311279&use=l&cat=p&typeid=i","cat":329558},{"id":21685,"n":"Nuggets de poulet Côté Croc x20 - 400g","p":3.0,"u":"7,50 €/KG","img":"https://fd13-photos.leclercdrive.fr/image.ashx?id=2837045&use=l&cat=p&typeid=i","cat":333684},{"id":21687,"n":"Fromage Cheddar Burger Les Croisés 10 Tranches - 200g","p":1.24,"u":"6,20 €/KG","img":"https://fd13-photos.leclercdrive.fr/image.ashx?id=2946835&use=l&cat=p&typeid=i","cat":314028},{"id":21688,"n":"Fromage Emmental Croque Les Croisés 10 Tranches - 200g","p":1.19,"u":"5,95 €/KG","img":"https://fd13-photos.leclercdrive.fr/image.ashx?id=2893316&use=l&cat=p&typeid=i","cat":314028},{"id":21699,"n":"Crème fraîche Eco  Epaisse - 30% MG - 50cl","p":1.89,"u":"3,78 €/L","img":"https://fd13-photos.leclercdrive.fr/image.ashx?id=2981445&use=l&cat=p&typeid=i","cat":284381},{"id":21772,"n":"Calissons d'Aix le Roy René 500g","p":10.94,"u":"21,88 €/KG","img":"https://fd13-photos.leclercdrive.fr/image.ashx?id=2395372&use=l&cat=p&typeid=i","cat":327606},{"id":21877,"n":"Purée surgelée Pom'lisse Pommes de terre 750g","p":1.85,"u":"2,47 €/KG","img":"https://fd13-photos.leclercdrive.fr/image.ashx?id=2759777&use=l&cat=p&typeid=i","cat":319793},{"id":21878,"n":"Jambon cru Aoste Grandes tranches - 55g","p":2.14,"u":"38,91 €/KG","img":"https://fd13-photos.leclercdrive.fr/image.ashx?id=2555610&use=l&cat=p&typeid=i","cat":316007},{"id":21911,"n":"Tomato Ketchup Heinz - 342g","p":1.47,"u":"4,30 €/KG","img":"https://fd13-photos.leclercdrive.fr/image.ashx?id=2955288&use=l&cat=p&typeid=i","cat":284455},{"id":22033,"n":"Gin Brighton's London Dry 37.5%vol - 70cl","p":9.99,"u":"14,27 €/L","img":"https://fd13-photos.leclercdrive.fr/image.ashx?id=2907183&use=l&cat=p&typeid=i","cat":284550},{"id":22087,"n":"Sucettes Chupa Chups Mini Assortiment x30 180g","p":1.94,"u":"10,78 €/KG","img":"https://fd13-photos.leclercdrive.fr/image.ashx?id=2647606&use=l&cat=p&typeid=i","cat":304250},{"id":22112,"n":"Vodka Sobieski 37.5%vol - 70cl","p":11.12,"u":"15,89 €/L","img":"https://fd13-photos.leclercdrive.fr/image.ashx?id=2948474&use=l&cat=p&typeid=i","cat":284550},{"id":22114,"n":"Thon Pêche Océan Mayonnaise - 2x135g","p":1.87,"u":"6,93 €/KG","img":"https://fd13-photos.leclercdrive.fr/image.ashx?id=2943650&use=l&cat=p&typeid=i","cat":303867},{"id":22115,"n":"Cidre brut Les Goelleries Bretagne 4.5%vol. - 1,5L","p":1.87,"u":"1,25 €/L","img":"https://fd13-photos.leclercdrive.fr/image.ashx?id=2842277&use=l&cat=p&typeid=i","cat":334880},{"id":22116,"n":"Pain de mie complet Epi d'Or Grandes tranches - 550g","p":1.22,"u":"2,22 €/KG","img":"https://fd13-photos.leclercdrive.fr/image.ashx?id=2861292&use=l&cat=p&typeid=i","cat":284477},{"id":22117,"n":"Pain de mie complet Epi d'Or Grandes tranches - 825g","p":1.78,"u":"2,16 €/KG","img":"https://fd13-photos.leclercdrive.fr/image.ashx?id=2860736&use=l&cat=p&typeid=i","cat":284477},{"id":22140,"n":"Crème anglaise Délisse 3x20cl","p":2.65,"u":"4,42 €/L","img":"https://fd13-photos.leclercdrive.fr/image.ashx?id=3002590&use=l&cat=p&typeid=i","cat":284382},{"id":22141,"n":"Riz Basmati Comptoir du grain Sélection Riz long - 5x90g","p":1.81,"u":"4,02 €/KG","img":"https://fd13-photos.leclercdrive.fr/image.ashx?id=2076685&use=l&cat=p&typeid=i","cat":284428},{"id":22142,"n":"Terrines chats Tous mes amis Spécial chaton - 4x400g","p":4.86,"u":"3,04 €/KG","img":"https://fd13-photos.leclercdrive.fr/image.ashx?id=2865194&use=l&cat=p&typeid=i","cat":285601},{"id":22143,"n":"Emincés Tous Mes Amis En sauce - 4x400g","p":4.39,"u":"2,74 €/KG","img":"https://fd13-photos.leclercdrive.fr/image.ashx?id=2050672&use=l&cat=p&typeid=i","cat":285601},{"id":22206,"n":"Blanc de poulet Tradilège Tranché en sel réduit x2 80g","p":1.23,"u":"15,38 €/KG","img":"https://fd13-photos.leclercdrive.fr/image.ashx?id=2837084&use=l&cat=p&typeid=i","cat":316010},{"id":22207,"n":"Blanc de Poulet Tradilège -25% de sel - 4 Tranches - 160g","p":1.89,"u":"11,81 €/KG","img":"https://fd13-photos.leclercdrive.fr/image.ashx?id=2837090&use=l&cat=p&typeid=i","cat":316010},{"id":22209,"n":"Lait entier UHT Bio Bio village Bouteille - 6x1L","p":8.4,"u":"1,40 €/L","img":"https://fd13-photos.leclercdrive.fr/image.ashx?id=2970021&use=l&cat=p&typeid=i","cat":285610},{"id":22229,"n":"Terrines chats Tous mes ami Foie volaille - 800g","p":2.01,"u":"2,51 €/KG","img":"https://fd13-photos.leclercdrive.fr/image.ashx?id=2869793&use=l&cat=p&typeid=i","cat":285601},{"id":22249,"n":"Sandwich Baguette Mega Viennois  Sodebo Thon Oeuf - 270g","p":1.81,"u":"6,70 €/KG","img":"https://fd13-photos.leclercdrive.fr/image.ashx?id=2694596&use=l&cat=p&typeid=i","cat":333658},{"id":22373,"n":"Carré pour la vaisselle Mamison x5","p":1.35,"img":"https://fd13-photos.leclercdrive.fr/image.ashx?id=1947483&use=l&cat=p&typeid=i","cat":284667},{"id":22374,"n":"Chiffons secs Clair Dépouissiérants x20","p":1.97,"img":"https://fd13-photos.leclercdrive.fr/image.ashx?id=1237966&use=l&cat=p&typeid=i","cat":325364},{"id":22377,"n":"AOC Rosé de Loire vin rosé Les Caractères - BIB 3L","p":11.89,"u":"3,96 €/L","img":"https://fd13-photos.leclercdrive.fr/image.ashx?id=1938768&use=l&cat=p&typeid=i","cat":289560},{"id":22388,"n":"IGP Ile de Beauté vin rosé Terres Ocrées 11.5%vol - BIB 3L","p":12.99,"u":"4,33 €/L","img":"https://fd13-photos.leclercdrive.fr/image.ashx?id=2863036&use=l&cat=p&typeid=i","cat":289560},{"id":22389,"n":"AOC Touraine Sauvignon vin  blanc Les Caractères - BIB 3L","p":14.99,"u":"5,00 €/L","img":"https://fd13-photos.leclercdrive.fr/image.ashx?id=1693787&use=l&cat=p&typeid=i","cat":289560},{"id":22477,"n":"Pignons de pin Couleurs Vives 125g","p":5.99,"u":"47,92 €/KG","img":"https://fd13-photos.leclercdrive.fr/image.ashx?id=2617201&use=l&cat=p&typeid=i","cat":284357},{"id":22487,"n":"IGP Pays d'Oc rosé Roche Mazet Grenache Cinsault - BIB 3L","p":10.22,"u":"3,41 €/L","img":"https://fd13-photos.leclercdrive.fr/image.ashx?id=2597118&use=l&cat=p&typeid=i","cat":289560},{"id":22488,"n":"IGP Pays d'Oc rouge Roche Mazet Cabernet Sauvignon 12.5% BIB 3L","p":9.99,"u":"3,33 €/L","img":"https://fd13-photos.leclercdrive.fr/image.ashx?id=2597121&use=l&cat=p&typeid=i","cat":289560},{"id":22489,"n":"IGP Pays d'oc blancRoche Mazet Sauvignon - BIB 3L","p":9.99,"u":"3,33 €/L","img":"https://fd13-photos.leclercdrive.fr/image.ashx?id=2597124&use=l&cat=p&typeid=i","cat":289557},{"id":22506,"n":"Yaourts aromatisés Délisse 4 saveurs - 8x125g","p":2.79,"u":"2,79 €/KG","img":"https://fd13-photos.leclercdrive.fr/image.ashx?id=2790952&use=l&cat=p&typeid=i","cat":286006},{"id":22512,"n":"Compote Douceur du Verger  Pomme Abricot - 4x100g","p":1.09,"u":"2,73 €/KG","img":"https://fd13-photos.leclercdrive.fr/image.ashx?id=1910619&use=l&cat=p&typeid=i","cat":284416},{"id":22515,"n":"Boisson énergisante X-tense Canette - 6x25cl","p":2.94,"u":"1,96 €/L","img":"https://fd13-photos.leclercdrive.fr/image.ashx?id=2956062&use=l&cat=p&typeid=i","cat":284533},{"id":22516,"n":"Rhum blanc Charrette 49%vol. - 1.5L","p":23.09,"u":"15,39 €/L","img":"https://fd13-photos.leclercdrive.fr/image.ashx?id=1946420&use=l&cat=p&typeid=i","cat":284550},{"id":22545,"n":"Bavoir plastique Mots d'Enfants Bleu","p":2.5,"img":"https://fd13-photos.leclercdrive.fr/image.ashx?id=2693401&use=l&cat=p&typeid=i","cat":289435},{"id":22556,"n":"AOC Bergerac vin rouge Terrasses d'Autan - BIB 3L","p":9.49,"u":"3,16 €/L","img":"https://fd13-photos.leclercdrive.fr/image.ashx?id=2713646&use=l&cat=p&typeid=i","cat":289560},{"id":22565,"n":"Yaourt Malo Vanille lait entier 4x125g","p":1.85,"u":"3,70 €/KG","img":"https://fd13-photos.leclercdrive.fr/image.ashx?id=2908021&use=l&cat=p&typeid=i","cat":286006},{"id":22566,"n":"Yaourts Malo Nature - 4x125g","p":1.41,"u":"2,82 €/KG","img":"https://fd13-photos.leclercdrive.fr/image.ashx?id=2908018&use=l&cat=p&typeid=i","cat":284409},{"id":22569,"n":"Yaourts au lait entier Malo Citron - 4x125g","p":1.75,"u":"3,50 €/KG","img":"https://fd13-photos.leclercdrive.fr/image.ashx?id=2682240&use=l&cat=p&typeid=i","cat":286006},{"id":22572,"n":"Fromage frais Malo 7%MG Aux Fruits - 4x100g","p":1.74,"u":"4,35 €/KG","img":"https://fd13-photos.leclercdrive.fr/image.ashx?id=2504755&use=l&cat=p&typeid=i","cat":284410},{"id":22574,"n":"Fromage frais Malo Nature - 500g","p":1.53,"u":"3,06 €/KG","img":"https://fd13-photos.leclercdrive.fr/image.ashx?id=1745606&use=l&cat=p&typeid=i","cat":284409},{"id":22577,"n":"Yaourt aux fruits Malo Fraise Framboise - 4x125g","p":2.04,"u":"4,08 €/KG","img":"https://fd13-photos.leclercdrive.fr/image.ashx?id=2892652&use=l&cat=p&typeid=i","cat":284410},{"id":22587,"n":"IGP Côtés de Gascogne vin blanc Terrasses d'Autan 11.5% BIB 3L","p":8.49,"u":"2,83 €/L","img":"https://fd13-photos.leclercdrive.fr/image.ashx?id=2756867&use=l&cat=p&typeid=i","cat":289560},{"id":22588,"n":"IGP Pays d'Oc Chardonnay Blanc Vieux Carion 12% vol BIB 3L","p":8.99,"u":"3,00 €/L","img":"https://fd13-photos.leclercdrive.fr/image.ashx?id=2591397&use=l&cat=p&typeid=i","cat":289560},{"id":22589,"n":"Fromage Petit Munster AOP  Nos Régions ont du Talent 200g","p":3.55,"u":"17,75 €/KG","img":"https://fd13-photos.leclercdrive.fr/image.ashx?id=2546098&use=l&cat=p&typeid=i","cat":329558},{"id":22596,"n":"IGP Pays d'Oc Merlot vin rouge Vieux Carion - 4x25 cl","p":4.75,"u":"4,75 €/L","img":"https://fd13-photos.leclercdrive.fr/image.ashx?id=2896889&use=l&cat=p&typeid=i","cat":289556},{"id":22625,"n":"IGP Pays d'Oc Sauvignon Blanc Vieux Carion 12% vol - 4x25 cl","p":4.99,"u":"4,99 €/L","img":"https://fd13-photos.leclercdrive.fr/image.ashx?id=2722390&use=l&cat=p&typeid=i","cat":289557},{"id":22653,"n":"Crème entière fluide UHT Bio Bio Village 30% MG - 25cl","p":1.85,"u":"7,40 €/L","img":"https://fd13-photos.leclercdrive.fr/image.ashx?id=2801795&use=l&cat=p&typeid=i","cat":284381},{"id":22663,"n":"Taboulé Bonduelle A la menthe - 500g","p":2.34,"u":"4,68 €/KG","img":"https://fd13-photos.leclercdrive.fr/image.ashx?id=2902657&use=l&cat=p&typeid=i","cat":333657},{"id":22689,"n":"Confiture extra bio Bio Village Fraises - 370g","p":1.79,"u":"4,84 €/KG","img":"https://fd13-photos.leclercdrive.fr/image.ashx?id=2965626&use=l&cat=p&typeid=i","cat":284480},{"id":22690,"n":"Confiture extra bio Bio Village Abricots - 370g","p":1.85,"u":"5,00 €/KG","img":"https://fd13-photos.leclercdrive.fr/image.ashx?id=2965629&use=l&cat=p&typeid=i","cat":284480},{"id":22700,"n":"Gâteau de semoule Yabon Nappage chocolat - 4x125g","p":2.92,"u":"5,84 €/KG","img":"https://fd13-photos.leclercdrive.fr/image.ashx?id=2642675&use=l&cat=p&typeid=i","cat":284506},{"id":22754,"n":"Bière blonde Leffe 6,6% - format promo 24x25cl","p":13.99,"u":"2,33 €/L","img":"https://fd13-photos.leclercdrive.fr/image.ashx?id=2111076&use=l&cat=p&typeid=i","cat":334852},{"id":22787,"n":"Saumon Ronde des Mers Petites tranches - 100g","p":3.69,"u":"36,90 €/KG","img":"https://fd13-photos.leclercdrive.fr/image.ashx?id=2966243&use=l&cat=p&typeid=i","cat":285188},{"id":22794,"n":"Chocolat Daim Milka Chocolat au lait daim - 145g","p":2.0,"u":"13,79 €/KG","img":"https://fd13-photos.leclercdrive.fr/image.ashx?id=3002288&use=l&cat=p&typeid=i","cat":304238},{"id":22799,"n":"Mayonnaise Lesieur 710g","p":3.18,"u":"4,48 €/KG","img":"https://fd13-photos.leclercdrive.fr/image.ashx?id=2917693&use=l&cat=p&typeid=i","cat":298295},{"id":22803,"n":"Brioche tranchée Epi d'Or Nature - 700g","p":2.22,"u":"3,17 €/KG","img":"https://fd13-photos.leclercdrive.fr/image.ashx?id=2860733&use=l&cat=p&typeid=i","cat":284478},{"id":22804,"n":"Boisson végétale Bio Village Soja nature bio - 1l","p":0.88,"u":"0,88 €/L","img":"https://fd13-photos.leclercdrive.fr/image.ashx?id=2372350&use=l&cat=p&typeid=i","cat":316067},{"id":22805,"n":"Boisson végétale Bio Village Soja vanille bio - 1l","p":1.42,"u":"1,42 €/L","img":"https://fd13-photos.leclercdrive.fr/image.ashx?id=2357707&use=l&cat=p&typeid=i","cat":316067},{"id":22835,"n":"Whisky single malt The Deveron 10 ans d'âge 40° - 70cl","p":24.99,"pp":21.99,"u":"31,41 €/L","img":"https://fd13-photos.leclercdrive.fr/image.ashx?id=2793710&use=l&cat=p&typeid=i","cat":284547},{"id":22845,"n":"Nems Marie Tradition d'Asie Porc sauce nuoc x4 - 280g","p":2.59,"u":"9,25 €/KG","img":"https://fd13-photos.leclercdrive.fr/image.ashx?id=2985216&use=l&cat=p&typeid=i","cat":333673},{"id":22893,"n":"Cidre doux Les Goelleries 2%vol. - 1,5L","p":2.09,"u":"1,39 €/L","img":"https://fd13-photos.leclercdrive.fr/image.ashx?id=2842280&use=l&cat=p&typeid=i","cat":334880},{"id":22894,"n":"Nettoyant spray Clair Ultra dégraissant - 750ml","p":1.18,"u":"1,57 €/L","img":"https://fd13-photos.leclercdrive.fr/image.ashx?id=2840386&use=l&cat=p&typeid=i","cat":325357},{"id":22895,"n":"Nettoyant spray Clair javel Salle de bains 750ml","p":1.45,"u":"1,93 €/L","img":"https://fd13-photos.leclercdrive.fr/image.ashx?id=2840473&use=l&cat=p&typeid=i","cat":325357},{"id":22898,"n":"Nettoyant Silex vitres d'insert Barbecue ultra décapante 750ml","p":4.36,"u":"5,81 €/L","img":"https://fd13-photos.leclercdrive.fr/image.ashx?id=1665442&use=l&cat=p&typeid=i","cat":325363},{"id":22900,"n":"Eau de Cologne Belles Saisons Lavande 250ml","p":1.69,"u":"6,76 €/L","img":"https://fd13-photos.leclercdrive.fr/image.ashx?id=2851655&use=l&cat=p&typeid=i","cat":291525},{"id":22902,"n":"Savon de Marseille Epsil Textiles délicats 400g","p":1.72,"u":"4,30 €/KG","img":"https://fd13-photos.leclercdrive.fr/image.ashx?id=2034938&use=l&cat=p&typeid=i","cat":284651},{"id":22906,"n":"Gel à raser Carré Homme Sensitive - 75ml","p":1.13,"u":"15,07 €/L","img":"https://fd13-photos.leclercdrive.fr/image.ashx?id=1960029&use=l&cat=p&typeid=i","cat":284617},{"id":22907,"n":"Bière blonde Abbaye Alveringem Canette - 6.2%vol. - 50cl","p":1.39,"u":"2,78 €/L","img":"https://fd13-photos.leclercdrive.fr/image.ashx?id=2637898&use=l&cat=p&typeid=i","cat":334852},{"id":22913,"n":"Gel désinfectant mains Primoplast - 75ml","p":0.96,"u":"12,80 €/L","img":"https://fd13-photos.leclercdrive.fr/image.ashx?id=2856489&use=l&cat=p&typeid=i","cat":284630},{"id":22967,"n":"Tampon à récurer Mamison Surfaces fragiles xs","p":1.32,"u":"0,66 €/P","img":"https://fd13-photos.leclercdrive.fr/image.ashx?id=2669699&use=l&cat=p&typeid=i","cat":284667},{"id":22968,"n":"Eponges grattantes Mamison Surfaces délicates x2","p":1.49,"u":"0,75 €/P","img":"https://fd13-photos.leclercdrive.fr/image.ashx?id=2202392&use=l&cat=p&typeid=i","cat":284667},{"id":22969,"n":"Lavette Mamison multi-usages Microfibre plusieurs coloris x2","p":0.84,"u":"0,42 €/P","img":"https://fd13-photos.leclercdrive.fr/image.ashx?id=2595095&use=l&cat=p&typeid=i","cat":284667},{"id":22975,"n":"Crème visage hydrante  Inell Peau normale - 50ml","p":1.96,"u":"39,20 €/L","img":"https://fd13-photos.leclercdrive.fr/image.ashx?id=1665784&use=l&cat=p&typeid=i","cat":325345},{"id":22976,"n":"Crème visage nourrissante Inell Peau sèche - 50ml","p":1.96,"u":"39,20 €/L","img":"https://fd13-photos.leclercdrive.fr/image.ashx?id=2771124&use=l&cat=p&typeid=i","cat":325345},{"id":22979,"n":"Gel nettoyant Inell visage Purifiant px norm. mixtes 150ml","p":2.58,"u":"17,20 €/L","img":"https://fd13-photos.leclercdrive.fr/image.ashx?id=1961443&use=l&cat=p&typeid=i","cat":284603},{"id":22980,"n":"Eau de Cologne Belles Saisons Ambrée 250ml","p":1.69,"u":"6,76 €/L","img":"https://fd13-photos.leclercdrive.fr/image.ashx?id=1099563&use=l&cat=p&typeid=i","cat":291525},{"id":22981,"n":"Eau de Cologne Belles Saisons Fraîcheur 250ml","p":1.69,"u":"6,76 €/L","img":"https://fd13-photos.leclercdrive.fr/image.ashx?id=2949179&use=l&cat=p&typeid=i","cat":291525},{"id":22996,"n":"Nettoyant détachant Clair Tapis moquettes 600ml","p":2.16,"u":"3,60 €/L","img":"https://fd13-photos.leclercdrive.fr/image.ashx?id=2242721&use=l&cat=p&typeid=i","cat":284907},{"id":23012,"n":"Huile d'Argan Floressance Pure Argan Bio - 50ml","p":8.74,"u":"174,80 €/L","img":"https://fd13-photos.leclercdrive.fr/image.ashx?id=2990688&use=l&cat=p&typeid=i","cat":325349},{"id":23028,"n":"Biscuits St Michel Cocottes Chocolat -  140g","p":1.65,"u":"11,79 €/KG","img":"https://fd13-photos.leclercdrive.fr/image.ashx?id=2949943&use=l&cat=p&typeid=i","cat":284487},{"id":23031,"n":"Biscottes Heudebert  Céréales complètes - 280g","p":1.71,"u":"6,11 €/KG","img":"https://fd13-photos.leclercdrive.fr/image.ashx?id=2498371&use=l&cat=p&typeid=i","cat":284479},{"id":23040,"n":"Café moulu Méo L'original Bio - 500g","p":8.69,"u":"17,38 €/KG","img":"https://fd13-photos.leclercdrive.fr/image.ashx?id=2571287&use=l&cat=p&typeid=i","cat":284750},{"id":23122,"n":"Fromage enfant Ficello Emmental à effilocher x4 - 84g","p":1.91,"u":"22,74 €/KG","img":"https://fd13-photos.leclercdrive.fr/image.ashx?id=2409553&use=l&cat=p&typeid=i","cat":314030},{"id":23123,"n":"Fromage enfant Ficello Nature à effilocher x4 -84g","p":2.0,"u":"23,81 €/KG","img":"https://fd13-photos.leclercdrive.fr/image.ashx?id=2375373&use=l&cat=p&typeid=i","cat":314030},{"id":23131,"n":"Jambon sec Saint Azay 4 grandes tranches - 110g","p":3.25,"u":"29,55 €/KG","img":"https://fd13-photos.leclercdrive.fr/image.ashx?id=2921372&use=l&cat=p&typeid=i","cat":316007},{"id":23133,"n":"Pâte brisée Tablier Blanc Epaisse - 280g","p":1.65,"u":"5,89 €/KG","img":"https://fd13-photos.leclercdrive.fr/image.ashx?id=2635913&use=l&cat=p&typeid=i","cat":333681},{"id":23147,"n":"AOP Crémant de Loire  Ackerman Vin blanc brut - 75cl","p":4.99,"u":"6,65 €/L","img":"https://fd13-photos.leclercdrive.fr/image.ashx?id=2928426&use=l&cat=p&typeid=i","cat":284545},{"id":23154,"n":"AOP Crémant Wolfberger Demi-sec d'Alsace - 75cl","p":7.57,"u":"10,09 €/L","img":"https://fd13-photos.leclercdrive.fr/image.ashx?id=2764197&use=l&cat=p&typeid=i","cat":284545},{"id":23157,"n":"AOP Champagne Brut Nicolas Feuillatte - 75cl","p":26.5,"pp":22.52,"u":"30,03 €/L","img":"https://fd13-photos.leclercdrive.fr/image.ashx?id=2962791&use=l&cat=p&typeid=i","cat":284542},{"id":23158,"n":"AOC Crémant de Bourgogne  Veuve Ambal Brut - 75cl","p":7.99,"pp":5.99,"u":"7,99 €/L","img":"https://fd13-photos.leclercdrive.fr/image.ashx?id=1737205&use=l&cat=p&typeid=i","cat":284545},{"id":23166,"n":"Vin mousseux Charles Volner Demi sec - 11%vol. - 6x75cl","p":25.7,"u":"5,71 €/L","img":"https://fd13-photos.leclercdrive.fr/image.ashx?id=606478&use=l&cat=p&typeid=i","cat":284544},{"id":23176,"n":"Pur jus de tomate Bio Village Bio - 1L","p":2.77,"u":"2,77 €/L","img":"https://fd13-photos.leclercdrive.fr/image.ashx?id=2901536&use=l&cat=p&typeid=i","cat":284523},{"id":23177,"n":"Pur jus Bio Village Bio Carotte - 1L","p":2.87,"u":"2,87 €/L","img":"https://fd13-photos.leclercdrive.fr/image.ashx?id=2901533&use=l&cat=p&typeid=i","cat":284523},{"id":23179,"n":"Pur jus 7 fruits Bio Village Bio - 1L","p":2.78,"u":"2,78 €/L","img":"https://fd13-photos.leclercdrive.fr/image.ashx?id=2901530&use=l&cat=p&typeid=i","cat":284917},{"id":23180,"n":"Rasoirs jetables Carré Homme 3 lames - x4","p":2.55,"img":"https://fd13-photos.leclercdrive.fr/image.ashx?id=2704666&use=l&cat=p&typeid=i","cat":284616},{"id":23181,"n":"Lames de rasoir Carré Homme 5 lames - x4","p":4.99,"img":"https://fd13-photos.leclercdrive.fr/image.ashx?id=2704663&use=l&cat=p&typeid=i","cat":284616},{"id":23188,"n":"Tomato Ketchup Heinz - 250g","p":1.09,"u":"4,36 €/KG","img":"https://fd13-photos.leclercdrive.fr/image.ashx?id=2943801&use=l&cat=p&typeid=i","cat":284455},{"id":23212,"n":"Compote Douceur du Verger Coupelle pomme framboise-4x100g","p":1.63,"u":"4,08 €/KG","img":"https://fd13-photos.leclercdrive.fr/image.ashx?id=2663494&use=l&cat=p&typeid=i","cat":284508},{"id":23216,"n":"Sauce Hollandaise Rustica 32g","p":0.64,"u":"20,00 €/KG","img":"https://fd13-photos.leclercdrive.fr/image.ashx?id=2188832&use=l&cat=p&typeid=i","cat":288381},{"id":23219,"n":"Sauce Pesto Turini Basilic - 185g","p":1.3,"u":"7,03 €/KG","img":"https://fd13-photos.leclercdrive.fr/image.ashx?id=2546248&use=l&cat=p&typeid=i","cat":287599},{"id":23220,"n":"Chips Pom'Lisse Légumes - 100g","p":1.99,"u":"19,90 €/KG","img":"https://fd13-photos.leclercdrive.fr/image.ashx?id=2919610&use=l&cat=p&typeid=i","cat":284447},{"id":23221,"n":"Sauce Tomates Turini Basilic - 420g","p":1.15,"u":"2,74 €/KG","img":"https://fd13-photos.leclercdrive.fr/image.ashx?id=2487458&use=l&cat=p&typeid=i","cat":287599},{"id":23225,"n":"Compote bio Bio Village Coupelle pomme fraise - 4x100g","p":2.22,"u":"5,55 €/KG","img":"https://fd13-photos.leclercdrive.fr/image.ashx?id=2475179&use=l&cat=p&typeid=i","cat":284508},{"id":23227,"n":"Chips Bio Village Bio - Nature - 125g","p":1.98,"u":"15,84 €/KG","img":"https://fd13-photos.leclercdrive.fr/image.ashx?id=2743834&use=l&cat=p&typeid=i","cat":284447},{"id":23235,"n":"Papillotes Préparation Maggi Côtes de porc au barbecue - 18g","p":0.66,"u":"36,67 €/KG","img":"https://fd13-photos.leclercdrive.fr/image.ashx?id=2953971&use=l&cat=p&typeid=i","cat":288380},{"id":23244,"n":"Désodorisant frigo Bien Air Sans parfum 40g","p":1.83,"u":"45,75 €/KG","img":"https://fd13-photos.leclercdrive.fr/image.ashx?id=2287737&use=l&cat=p&typeid=i","cat":311628},{"id":23248,"n":"Tampons Doulys Compact Mini - x20","p":2.86,"u":"0,14 €/P","img":"https://fd13-photos.leclercdrive.fr/image.ashx?id=2965494&use=l&cat=p&typeid=i","cat":284626},{"id":23249,"n":"Savon de Marseille Epsil Textiles délicats 4x200g","p":1.86,"u":"2,33 €/KG","img":"https://fd13-photos.leclercdrive.fr/image.ashx?id=2379591&use=l&cat=p&typeid=i","cat":284651},{"id":23251,"n":"Bâtonnets allume-feu Silex Sans odeur x24","p":2.03,"u":"0,08 €/P","img":"https://fd13-photos.leclercdrive.fr/image.ashx?id=2999721&use=l&cat=p&typeid=i","cat":300578},{"id":23252,"n":"Cubes allume-feu Silex Sans odeur 100% naturel x40","p":1.57,"u":"0,04 €/P","img":"https://fd13-photos.leclercdrive.fr/image.ashx?id=2669735&use=l&cat=p&typeid=i","cat":300578},{"id":23253,"n":"Nettoyant spray Clair Surpuissant - 750ml","p":1.99,"u":"2,65 €/L","img":"https://fd13-photos.leclercdrive.fr/image.ashx?id=2520831&use=l&cat=p&typeid=i","cat":325357},{"id":23254,"n":"Baume après-rasage Carré Homme Apaisant px sensibles 100ml","p":2.6,"u":"26,00 €/L","img":"https://fd13-photos.leclercdrive.fr/image.ashx?id=2854234&use=l&cat=p&typeid=i","cat":288147},{"id":23255,"n":"Déodorant Carré Homme Vétiver longue durée 200ml","p":1.35,"u":"6,75 €/L","img":"https://fd13-photos.leclercdrive.fr/image.ashx?id=2375992&use=l&cat=p&typeid=i","cat":284618},{"id":23256,"n":"Ramequins aluminium Elembal x12","p":1.99,"u":"0,17 €/P","img":"https://fd13-photos.leclercdrive.fr/image.ashx?id=2582522&use=l&cat=p&typeid=i","cat":334134},{"id":23268,"n":"Vin mousseux de France rosé  Muscador Doux 11.5%vol. - 75cl","p":2.82,"u":"3,76 €/L","img":"https://fd13-photos.leclercdrive.fr/image.ashx?id=2157055&use=l&cat=p&typeid=i","cat":284544},{"id":23271,"n":"Vin mousseux de France blanc Muscador doux 11.5% Vol 75cl","p":2.61,"u":"3,48 €/L","img":"https://fd13-photos.leclercdrive.fr/image.ashx?id=2157052&use=l&cat=p&typeid=i","cat":284544},{"id":23304,"n":"Feuilletés paniers Côté Table Saumon - 4x100g","p":4.5,"u":"11,25 €/KG","img":"https://fd13-photos.leclercdrive.fr/image.ashx?id=2549400&use=l&cat=p&typeid=i","cat":319776},{"id":23326,"n":"AOP Crémant Alsace Arthur Metz Médaille 12%vol - 75cl","p":8.5,"u":"11,33 €/L","img":"https://fd13-photos.leclercdrive.fr/image.ashx?id=2435225&use=l&cat=p&typeid=i","cat":284545},{"id":23336,"n":"Soufflés Grignot' Tokapi Bacon - 90g","p":0.89,"u":"9,89 €/KG","img":"https://fd13-photos.leclercdrive.fr/image.ashx?id=2059480&use=l&cat=p&typeid=i","cat":284449},{"id":23363,"n":"Lait bébé poudre Nidal Nestlé 1er âge - 0-6 mois - 800g","p":12.96,"u":"16,20 €/KG","img":"https://fd13-photos.leclercdrive.fr/image.ashx?id=2811638&use=l&cat=p&typeid=i","cat":284726},{"id":23365,"n":"Lait bébé 2A NIDAL GEST  6-12 mois - 800g","p":12.22,"u":"15,28 €/KG","img":"https://fd13-photos.leclercdrive.fr/image.ashx?id=2890799&use=l&cat=p&typeid=i","cat":284727},{"id":23371,"n":"Mozzarella Maxi Les Croisés - 250g","p":1.86,"u":"7,44 €/KG","img":"https://fd13-photos.leclercdrive.fr/image.ashx?id=2992534&use=l&cat=p&typeid=i","cat":314026},{"id":23372,"n":"Ricotta Les Croisés - 250g","p":1.29,"u":"5,16 €/KG","img":"https://fd13-photos.leclercdrive.fr/image.ashx?id=2133294&use=l&cat=p&typeid=i","cat":314026},{"id":23380,"n":"Feuilles simples Esquisse 200 pages 21x29,7cm 5x5","p":1.6,"img":"https://fd13-photos.leclercdrive.fr/image.ashx?id=2131197&use=l&cat=p&typeid=i","cat":284697},{"id":23381,"n":"Absorbeur humidité Foxter + 1 recharge neutre - 1kg","p":8.5,"u":"8,50 €/KG","img":"https://fd13-photos.leclercdrive.fr/image.ashx?id=2162330&use=l&cat=p&typeid=i","cat":300576},{"id":23387,"n":"Gâteaux St Michel Savaroises Chocolat 8 sachets 220g","p":1.95,"u":"8,86 €/KG","img":"https://fd13-photos.leclercdrive.fr/image.ashx?id=2935693&use=l&cat=p&typeid=i","cat":284495},{"id":23407,"n":"Oranges à déguster  1kg","p":2.99,"u":"2,99 €/KG","img":"https://fd13-photos.leclercdrive.fr/image.ashx?id=1629582&use=l&cat=p&typeid=i","cat":284356},{"id":23411,"n":"Petits pains grillés Epi d'Or Froment - 400g","p":1.39,"u":"3,48 €/KG","img":"https://fd13-photos.leclercdrive.fr/image.ashx?id=2496413&use=l&cat=p&typeid=i","cat":284479},{"id":23419,"n":"Chocolat noir Equador Fourré mousse 160g","p":2.49,"u":"15,56 €/KG","img":"https://fd13-photos.leclercdrive.fr/image.ashx?id=2834299&use=l&cat=p&typeid=i","cat":284956},{"id":23429,"n":"Croquettes chat Tous mes amis Chatons - 2kg","p":4.07,"u":"2,04 €/KG","img":"https://fd13-photos.leclercdrive.fr/image.ashx?id=2710485&use=l&cat=p&typeid=i","cat":284680},{"id":23430,"n":"Croquettes chat Tous mes amis Lapin/volailles - 2kg","p":3.99,"u":"2,00 €/KG","img":"https://fd13-photos.leclercdrive.fr/image.ashx?id=2301605&use=l&cat=p&typeid=i","cat":284680},{"id":23432,"n":"Croquettes Lydog Petits chiens - Vollaile - 2kg","p":4.12,"u":"2,06 €/KG","img":"https://fd13-photos.leclercdrive.fr/image.ashx?id=2191126&use=l&cat=p&typeid=i","cat":294526},{"id":23433,"n":"Croquettes chiens Lydog Allégées - Volaille - 4kg","p":7.5,"u":"1,88 €/KG","img":"https://fd13-photos.leclercdrive.fr/image.ashx?id=1923562&use=l&cat=p&typeid=i","cat":284672},{"id":23434,"n":"Cacahuètes Tokapi Sans sel ajouté - 200g","p":0.76,"u":"3,80 €/KG","img":"https://fd13-photos.leclercdrive.fr/image.ashx?id=2858833&use=l&cat=p&typeid=i","cat":284448},{"id":23437,"n":"Maïs Notre Jardin Croquant - 285g","p":0.85,"u":"2,98 €/KG","img":"https://fd13-photos.leclercdrive.fr/image.ashx?id=2988048&use=l&cat=p&typeid=i","cat":312611},{"id":23438,"n":"Soufflés RingsTokapi Oignon - 60g","p":0.77,"u":"12,83 €/KG","img":"https://fd13-photos.leclercdrive.fr/image.ashx?id=2898838&use=l&cat=p&typeid=i","cat":284449},{"id":23439,"n":"Crème dessert Délisse Choco Billes bicompartiment 4x117g","p":1.99,"u":"4,25 €/KG","img":"https://fd13-photos.leclercdrive.fr/image.ashx?id=2965482&use=l&cat=p&typeid=i","cat":285041},{"id":23444,"n":"Quenelles Côté Table volaille Au naturel 255g","p":1.37,"u":"5,37 €/KG","img":"https://fd13-photos.leclercdrive.fr/image.ashx?id=2977870&use=l&cat=p&typeid=i","cat":284441},{"id":23450,"n":"Yaourts aux fruits Délisse Fruits rouges - 8x125g","p":2.29,"u":"2,29 €/KG","img":"https://fd13-photos.leclercdrive.fr/image.ashx?id=2616736&use=l&cat=p&typeid=i","cat":284410},{"id":23485,"n":"Terrines de st Jacques Guyader 120g","p":3.22,"u":"26,83 €/KG","img":"https://fd13-photos.leclercdrive.fr/image.ashx?id=2504725&use=l&cat=p&typeid=i","cat":285191},{"id":23489,"n":"Rillettes de St Jacques Guyader 120g","p":2.6,"pp":1.82,"u":"15,17 €/KG","img":"https://fd13-photos.leclercdrive.fr/image.ashx?id=2750465&use=l&cat=p&typeid=i","cat":285191},{"id":23492,"n":"Bonbons sans sucres Confiséo Goût caramel - 120g","p":2.62,"u":"21,83 €/KG","img":"https://fd13-photos.leclercdrive.fr/image.ashx?id=2934670&use=l&cat=p&typeid=i","cat":304252},{"id":23497,"n":"Bonbons Confiséo Acacia menthe eucalyptus 300g","p":2.06,"u":"6,87 €/KG","img":"https://fd13-photos.leclercdrive.fr/image.ashx?id=2934676&use=l&cat=p&typeid=i","cat":304252},{"id":23500,"n":"Bouillon de légumes Bio Village Bio - 8x10g","p":1.69,"u":"21,13 €/KG","img":"https://fd13-photos.leclercdrive.fr/image.ashx?id=1943409&use=l&cat=p&typeid=i","cat":288379},{"id":23502,"n":"Pâtés de campagne Tradilège Supérieur VPF 2x50g","p":0.99,"u":"9,90 €/KG","img":"https://fd13-photos.leclercdrive.fr/image.ashx?id=2771612&use=l&cat=p&typeid=i","cat":316008},{"id":23520,"n":"Bloc de fromage Leerdammer L'Original - 500g","p":5.41,"u":"10,82 €/KG","img":"https://fd13-photos.leclercdrive.fr/image.ashx?id=2699035&use=l&cat=p&typeid=i","cat":314034},{"id":23522,"n":"Bûche de chèvre Les Croisés Format famililal 25%mg 300g","p":2.95,"u":"9,83 €/KG","img":"https://fd13-photos.leclercdrive.fr/image.ashx?id=2949415&use=l&cat=p&typeid=i","cat":314031},{"id":23543,"n":"Bière blonde Leffe 6,6% - 12x33cl","p":12.39,"u":"3,13 €/L","img":"https://fd13-photos.leclercdrive.fr/image.ashx?id=2811578&use=l&cat=p&typeid=i","cat":334852},{"id":23545,"n":"Rösti McCain 800g","p":1.99,"u":"2,49 €/KG","img":"https://fd13-photos.leclercdrive.fr/image.ashx?id=2988728&use=l&cat=p&typeid=i","cat":319792},{"id":23546,"n":"Poêlée savoyarde Marie Aux lardons fumés - 900g","p":4.5,"u":"5,00 €/KG","img":"https://fd13-photos.leclercdrive.fr/image.ashx?id=2996782&use=l&cat=p&typeid=i","cat":319823},{"id":23552,"n":"Lait bébé poudre Nidal Nestlé 2e âge -6-12 mois - 800g","p":10.77,"u":"13,46 €/KG","img":"https://fd13-photos.leclercdrive.fr/image.ashx?id=2805597&use=l&cat=p&typeid=i","cat":284727},{"id":23553,"n":"Lait bébé 1A NIDAL GEST  0-6 mois - 800g","p":15.1,"u":"18,88 €/KG","img":"https://fd13-photos.leclercdrive.fr/image.ashx?id=2890796&use=l&cat=p&typeid=i","cat":284726},{"id":23583,"n":"Crème Fraîche Elle&Vire Epaisse Entière - 30% MG - 33cl","p":1.85,"u":"5,61 €/L","img":"https://fd13-photos.leclercdrive.fr/image.ashx?id=3003333&use=l&cat=p&typeid=i","cat":284381},{"id":23598,"n":"Fromage raclette Les Croisés Sans croûte - 28%mg - 400g","p":3.95,"u":"9,88 €/KG","img":"https://fd13-photos.leclercdrive.fr/image.ashx?id=2969752&use=l&cat=p&typeid=i","cat":314037},{"id":23618,"n":"Couscous Weight Watchers Oriental 300g","p":3.34,"u":"11,13 €/KG","img":"https://fd13-photos.leclercdrive.fr/image.ashx?id=2610915&use=l&cat=p&typeid=i","cat":333665},{"id":23628,"n":"Fond de volaille Rustica 110g","p":2.21,"u":"20,09 €/KG","img":"https://fd13-photos.leclercdrive.fr/image.ashx?id=2140914&use=l&cat=p&typeid=i","cat":288379},{"id":23631,"n":"Chocolat noir Equador Mini carrés 72% cacao 200g","p":4.35,"u":"21,75 €/KG","img":"https://fd13-photos.leclercdrive.fr/image.ashx?id=2856483&use=l&cat=p&typeid=i","cat":284956},{"id":23633,"n":"Crème dessert Délisse Vanille sur lit caramel 4x125g","p":1.47,"u":"2,94 €/KG","img":"https://fd13-photos.leclercdrive.fr/image.ashx?id=2441276&use=l&cat=p&typeid=i","cat":285041},{"id":23636,"n":"Bouillon de volaille Rustica Dégraissé - Tablettes 12x10g","p":0.79,"u":"6,58 €/KG","img":"https://fd13-photos.leclercdrive.fr/image.ashx?id=1880033&use=l&cat=p&typeid=i","cat":288379},{"id":23709,"n":"Riz à la Cantonaise Marie 900g","p":5.27,"u":"5,86 €/KG","img":"https://fd13-photos.leclercdrive.fr/image.ashx?id=2996791&use=l&cat=p&typeid=i","cat":284254},{"id":23712,"n":"Saumon fumé Eco+ Atlantique - 200g","p":4.67,"u":"23,35 €/KG","img":"https://fd13-photos.leclercdrive.fr/image.ashx?id=2815725&use=l&cat=p&typeid=i","cat":285188},{"id":23715,"n":"Samoussa Tables du Monde Au boeuf - x4 - 220g","p":3.29,"u":"14,95 €/KG","img":"https://fd13-photos.leclercdrive.fr/image.ashx?id=2807190&use=l&cat=p&typeid=i","cat":333673},{"id":23716,"n":"Nems Marie Tradition d'Asie Crevette crabe sce nuoc x4 280g","p":2.77,"u":"9,89 €/KG","img":"https://fd13-photos.leclercdrive.fr/image.ashx?id=2985219&use=l&cat=p&typeid=i","cat":333673},{"id":23717,"n":"Nem au poulet Traditions d'Asie Sauce nuoc mam - x4 - 280g","p":2.56,"u":"9,14 €/KG","img":"https://fd13-photos.leclercdrive.fr/image.ashx?id=2985222&use=l&cat=p&typeid=i","cat":333673},{"id":23725,"n":"Liquide vaisselle Eco+ Pomme - 1L","p":0.74,"u":"0,74 €/L","img":"https://fd13-photos.leclercdrive.fr/image.ashx?id=2949161&use=l&cat=p&typeid=i","cat":284655},{"id":23726,"n":"Aluminium Eco+ 30m","p":1.91,"u":"0,06 €/MT","img":"https://fd13-photos.leclercdrive.fr/image.ashx?id=2880216&use=l&cat=p&typeid=i","cat":334134},{"id":23727,"n":"Sacs poubelle 100L Eco+ x10","p":0.78,"u":"0,08 €/P","img":"https://fd13-photos.leclercdrive.fr/image.ashx?id=2793137&use=l&cat=p&typeid=i","cat":285168},{"id":23728,"n":"Huile de tournesol Eco+ 1L","p":1.63,"u":"1,63 €/L","img":"https://fd13-photos.leclercdrive.fr/image.ashx?id=2913636&use=l&cat=p&typeid=i","cat":284453},{"id":23753,"n":"Alcool modifié Primoplast 70° 250ml","p":2.2,"u":"8,80 €/L","img":"https://fd13-photos.leclercdrive.fr/image.ashx?id=2856498&use=l&cat=p&typeid=i","cat":284630},{"id":23754,"n":"Eau oxygénée Primoplast 250ml","p":1.86,"u":"7,44 €/L","img":"https://fd13-photos.leclercdrive.fr/image.ashx?id=2832936&use=l&cat=p&typeid=i","cat":284630},{"id":23779,"n":"Camembert 21% MG Bio Bio Village - 250g","p":2.57,"u":"10,28 €/KG","img":"https://fd13-photos.leclercdrive.fr/image.ashx?id=2201492&use=l&cat=p&typeid=i","cat":314033},{"id":23781,"n":"Beurre Bio Grand Fermage Demi-sel - 80% MG - 250g","p":3.53,"u":"14,12 €/KG","img":"https://fd13-photos.leclercdrive.fr/image.ashx?id=2951845&use=l&cat=p&typeid=i","cat":284379},{"id":23791,"n":"Tartines craquantes Epi d'Or Au blé complet - 250g","p":1.29,"u":"5,16 €/KG","img":"https://fd13-photos.leclercdrive.fr/image.ashx?id=2843788&use=l&cat=p&typeid=i","cat":284479},{"id":23794,"n":"Pain grillé Epi d'Or Blé complet x24 - 500g","p":1.72,"u":"3,44 €/KG","img":"https://fd13-photos.leclercdrive.fr/image.ashx?id=2680545&use=l&cat=p&typeid=i","cat":284479},{"id":23797,"n":"Lentilles vertes Bio Village Bio 500g","p":2.08,"u":"4,16 €/KG","img":"https://fd13-photos.leclercdrive.fr/image.ashx?id=3002656&use=l&cat=p&typeid=i","cat":284430},{"id":23799,"n":"Riz rond Comptoir du Grain Dessert - 1kg","p":1.94,"u":"1,94 €/KG","img":"https://fd13-photos.leclercdrive.fr/image.ashx?id=1957084&use=l&cat=p&typeid=i","cat":284428},{"id":23842,"n":"Beurre Elle & Vire Tendre Doux 2x250g","p":5.7,"u":"11,40 €/KG","img":"https://fd13-photos.leclercdrive.fr/image.ashx?id=2959991&use=l&cat=p&typeid=i","cat":284379},{"id":23881,"n":"Coulommiers Les Croisés  10 portions - 24%mg - 350g","p":3.19,"u":"9,11 €/KG","img":"https://fd13-photos.leclercdrive.fr/image.ashx?id=2339948&use=l&cat=p&typeid=i","cat":314033},{"id":23936,"n":"Fromage blanc jockey Stracciatella - 4x120g","p":2.07,"u":"4,31 €/KG","img":"https://fd13-photos.leclercdrive.fr/image.ashx?id=2280011&use=l&cat=p&typeid=i","cat":314999},{"id":23937,"n":"Boisson aux fruits Oasis Pomme framboise cassis 4x2L","p":10.5,"u":"1,31 €/L","img":"https://fd13-photos.leclercdrive.fr/image.ashx?id=2118734&use=l&cat=p&typeid=i","cat":295018},{"id":23967,"n":"Lait demi-écrémé Grandlait Candia Bouteille - 6x50cl","p":5.84,"u":"1,95 €/L","img":"https://fd13-photos.leclercdrive.fr/image.ashx?id=2916195&use=l&cat=p&typeid=i","cat":284377},{"id":23968,"n":"Roquefort AOP Les Croisés Tranché 150g","p":2.29,"u":"15,27 €/KG","img":"https://fd13-photos.leclercdrive.fr/image.ashx?id=2676537&use=l&cat=p&typeid=i","cat":314032},{"id":23972,"n":"Fusili Côté Snack Pâtes Bolognaise - 300g","p":1.89,"u":"6,30 €/KG","img":"https://fd13-photos.leclercdrive.fr/image.ashx?id=2650898&use=l&cat=p&typeid=i","cat":334983},{"id":23973,"n":"Fusili Côté Snack Pâtes Carbonara - 300g","p":1.89,"u":"6,30 €/KG","img":"https://fd13-photos.leclercdrive.fr/image.ashx?id=1074377&use=l&cat=p&typeid=i","cat":334983},{"id":24009,"n":"Crackers Tuc Fromage - 100g","p":0.77,"u":"7,70 €/KG","img":"https://fd13-photos.leclercdrive.fr/image.ashx?id=3002291&use=l&cat=p&typeid=i","cat":297000},{"id":24035,"n":"Echalotes semoule Rustica 36g","p":1.22,"u":"33,89 €/KG","img":"https://fd13-photos.leclercdrive.fr/image.ashx?id=2772951&use=l&cat=p&typeid=i","cat":298297},{"id":24043,"n":"Thé vert Britley Menthe x25 sachets - 40g","p":0.79,"u":"19,75 €/KG","img":"https://fd13-photos.leclercdrive.fr/image.ashx?id=2672930&use=l&cat=p&typeid=i","cat":293233},{"id":24049,"n":"Pâtée chats Tous mes amis Thon en sauce - 80g","p":0.99,"u":"12,38 €/KG","img":"https://fd13-photos.leclercdrive.fr/image.ashx?id=2450306&use=l&cat=p&typeid=i","cat":285601},{"id":24050,"n":"Pâtée chats Tous mes amis Poulet en sauce - 80g","p":0.99,"u":"12,38 €/KG","img":"https://fd13-photos.leclercdrive.fr/image.ashx?id=2450309&use=l&cat=p&typeid=i","cat":285601},{"id":24051,"n":"Pâtée pour chats Tous mes amis Thon aux crevettes - 80g","p":0.99,"u":"12,38 €/KG","img":"https://fd13-photos.leclercdrive.fr/image.ashx?id=1971897&use=l&cat=p&typeid=i","cat":285601},{"id":24081,"n":"Mayonnaise Fins Gourmets MAILLE Bocal - 320g","p":2.63,"u":"8,22 €/KG","img":"https://fd13-photos.leclercdrive.fr/image.ashx?id=2812750&use=l&cat=p&typeid=i","cat":298295},{"id":24082,"n":"Mayonnaise Fine MAILLE Qualité Traiteur Bocal - 320g","p":2.48,"u":"7,75 €/KG","img":"https://fd13-photos.leclercdrive.fr/image.ashx?id=2908369&use=l&cat=p&typeid=i","cat":298295},{"id":24094,"n":"Jus de pommes pressées Andros 1,5L","p":3.76,"u":"2,51 €/L","img":"https://fd13-photos.leclercdrive.fr/image.ashx?id=2902981&use=l&cat=p&typeid=i","cat":285435},{"id":24095,"n":"Jus de clémentines préssées Andros - 1,5L","p":3.64,"u":"2,43 €/L","img":"https://fd13-photos.leclercdrive.fr/image.ashx?id=2902984&use=l&cat=p&typeid=i","cat":285435},{"id":24128,"n":"Protège cahier et livre Handicap International x10","p":5.36,"img":"https://fd13-photos.leclercdrive.fr/image.ashx?id=2660068&use=l&cat=p&typeid=i","cat":284697},{"id":24162,"n":"Vinaigre balsamique Bio Village Bio 50cl","p":3.49,"u":"6,98 €/L","img":"https://fd13-photos.leclercdrive.fr/image.ashx?id=2865206&use=l&cat=p&typeid=i","cat":298543},{"id":24163,"n":"Infusion Tiséa Tilleul Citron 25 sachets 34g","p":1.69,"u":"48,29 €/KG","img":"https://fd13-photos.leclercdrive.fr/image.ashx?id=2854240&use=l&cat=p&typeid=i","cat":293234},{"id":24164,"n":"Thé vert Briley 32.5g","p":0.79,"u":"24,69 €/KG","img":"https://fd13-photos.leclercdrive.fr/image.ashx?id=2645939&use=l&cat=p&typeid=i","cat":293233},{"id":24186,"n":"Bandes à découper Mercurochrome 5 bandes - 10x6cm","p":2.68,"img":"https://fd13-photos.leclercdrive.fr/image.ashx?id=2862152&use=l&cat=p&typeid=i","cat":284630},{"id":24293,"n":"Céréales Extra Kellogg's Chocolat Noir Noisettes - 500g","p":3.25,"u":"6,50 €/KG","img":"https://fd13-photos.leclercdrive.fr/image.ashx?id=2692284&use=l&cat=p&typeid=i","cat":309512},{"id":24296,"n":"Sauce apéritif Old El Paso Salsa doux - 312g","p":2.28,"u":"7,31 €/KG","img":"https://fd13-photos.leclercdrive.fr/image.ashx?id=2859944&use=l&cat=p&typeid=i","cat":288993},{"id":24326,"n":"Pizza Turini Chorizo - 200g","p":1.64,"u":"8,20 €/KG","img":"https://fd13-photos.leclercdrive.fr/image.ashx?id=2989658&use=l&cat=p&typeid=i","cat":333679},{"id":24350,"n":"Lingettes rince doigt Clair x24","p":1.89,"u":"0,08 €/P","img":"https://fd13-photos.leclercdrive.fr/image.ashx?id=2949418&use=l&cat=p&typeid=i","cat":325358},{"id":24390,"n":"Pétales de blé Eco+ Chocolat - 750g","p":2.04,"u":"2,72 €/KG","img":"https://fd13-photos.leclercdrive.fr/image.ashx?id=2756831&use=l&cat=p&typeid=i","cat":309513},{"id":24403,"n":"Vodka Novotna Pure grain 37.5%vol - 1L","p":14.99,"u":"14,99 €/L","img":"https://fd13-photos.leclercdrive.fr/image.ashx?id=784848&use=l&cat=p&typeid=i","cat":284550},{"id":24410,"n":"Bonbons Copains Copines Tendres fruits - 360 g","p":2.05,"u":"5,69 €/KG","img":"https://fd13-photos.leclercdrive.fr/image.ashx?id=2934694&use=l&cat=p&typeid=i","cat":304250},{"id":24418,"n":"Sauces gourmandes Rustica Pour viande 4 saveurs - 4x90g","p":2.41,"u":"6,69 €/KG","img":"https://fd13-photos.leclercdrive.fr/image.ashx?id=2275513&use=l&cat=p&typeid=i","cat":318430},{"id":24420,"n":"Galettes Bretonnes NRT 100g","p":1.68,"u":"16,80 €/KG","img":"https://fd13-photos.leclercdrive.fr/image.ashx?id=2622323&use=l&cat=p&typeid=i","cat":284487},{"id":24474,"n":"Petites crevettes roses Pêche Océan - 125g","p":2.49,"u":"19,92 €/KG","img":"https://fd13-photos.leclercdrive.fr/image.ashx?id=2953635&use=l&cat=p&typeid=i","cat":284343},{"id":24492,"n":"Blanc de poulet Tradilège Doré à la broche - 120g","p":1.51,"u":"12,58 €/KG","img":"https://fd13-photos.leclercdrive.fr/image.ashx?id=2765858&use=l&cat=p&typeid=i","cat":316010},{"id":24495,"n":"Capsules Nescafé Dolce Gusto  Nesquik - x16","p":4.48,"u":"17,50 €/KG","img":"https://fd13-photos.leclercdrive.fr/image.ashx?id=2946634&use=l&cat=p&typeid=i","cat":293239},{"id":24500,"n":"Pain de mie nature Epi d'Or Sans croute - 500g","p":1.39,"u":"2,78 €/KG","img":"https://fd13-photos.leclercdrive.fr/image.ashx?id=2209282&use=l&cat=p&typeid=i","cat":284477},{"id":24574,"n":"Bandes de cire froide L.Dumont Visage x20 bandes","p":3.75,"u":"0,19 €/P","img":"https://fd13-photos.leclercdrive.fr/image.ashx?id=2606355&use=l&cat=p&typeid=i","cat":325351},{"id":24621,"n":"Gel toilette intime Cadum Surgras - 200ml","p":3.21,"u":"16,05 €/L","img":"https://fd13-photos.leclercdrive.fr/image.ashx?id=1963200&use=l&cat=p&typeid=i","cat":284627},{"id":24642,"n":"Déodorant Rexona Confidence Stick anti-transpirant - 45ml","p":3.46,"u":"76,89 €/L","img":"https://fd13-photos.leclercdrive.fr/image.ashx?id=2738194&use=l&cat=p&typeid=i","cat":284595},{"id":24652,"n":"Déodorant Stick Rexona Anti- Transpirant CleanScent 96H 45ml","p":3.45,"u":"76,67 €/L","img":"https://fd13-photos.leclercdrive.fr/image.ashx?id=2895101&use=l&cat=p&typeid=i","cat":284595},{"id":24659,"n":"Secret de mousse la Laitière Chocolat au lait - 8x59g","p":2.86,"u":"6,06 €/KG","img":"https://fd13-photos.leclercdrive.fr/image.ashx?id=3007984&use=l&cat=p&typeid=i","cat":284417},{"id":24662,"n":"Mozzarella maxi Galbani 250g","p":2.31,"u":"9,24 €/KG","img":"https://fd13-photos.leclercdrive.fr/image.ashx?id=2953392&use=l&cat=p&typeid=i","cat":314026},{"id":24666,"n":"Roquefort AOP Société Fromage de brebis - 100g","p":2.7,"u":"27,00 €/KG","img":"https://fd13-photos.leclercdrive.fr/image.ashx?id=2729683&use=l&cat=p&typeid=i","cat":314032},{"id":24667,"n":"Fromage Lou Pérac Bleu de brebis 125g","p":3.03,"u":"24,24 €/KG","img":"https://fd13-photos.leclercdrive.fr/image.ashx?id=2270545&use=l&cat=p&typeid=i","cat":314031},{"id":24671,"n":"Crème Chantilly Bridelice Légère fouettée 20%mg - 250g","p":2.67,"u":"10,68 €/KG","img":"https://fd13-photos.leclercdrive.fr/image.ashx?id=2939313&use=l&cat=p&typeid=i","cat":284382},{"id":24672,"n":"Lait Matin Léger Lactel Sans lactose écrémé - 6x1l","p":11.27,"u":"1,88 €/L","img":"https://fd13-photos.leclercdrive.fr/image.ashx?id=2883546&use=l&cat=p&typeid=i","cat":317169},{"id":24674,"n":"Dentifrice Dentamyl 2en1 blancheur 75ml","p":1.31,"u":"17,47 €/L","img":"https://fd13-photos.leclercdrive.fr/image.ashx?id=2328391&use=l&cat=p&typeid=i","cat":284612},{"id":24694,"n":"Brosses à dent souple Dentamyl x4","p":0.99,"u":"0,25 €/P","img":"https://fd13-photos.leclercdrive.fr/image.ashx?id=2790946&use=l&cat=p&typeid=i","cat":284614},{"id":24729,"n":"Shampooing Pétrole Hahn Stop pellicules - 250ml","p":2.35,"u":"9,40 €/L","img":"https://fd13-photos.leclercdrive.fr/image.ashx?id=2293946&use=l&cat=p&typeid=i","cat":284606},{"id":24755,"n":"Préservatifs  Plug'In Fins et Lubrifiés - x12","p":1.98,"u":"0,17 €/P","img":"https://fd13-photos.leclercdrive.fr/image.ashx?id=2856184&use=l&cat=p&typeid=i","cat":284631},{"id":24756,"n":"Préservatifs Plug'In Classiques - x24","p":3.26,"u":"0,14 €/P","img":"https://fd13-photos.leclercdrive.fr/image.ashx?id=2856181&use=l&cat=p&typeid=i","cat":284631},{"id":24757,"n":"Préservatifs Plug'in Classiques - x12","p":1.95,"u":"0,16 €/P","img":"https://fd13-photos.leclercdrive.fr/image.ashx?id=2856175&use=l&cat=p&typeid=i","cat":284631},{"id":24759,"n":"Mini nems Tables du Monde porc x5/poulet x5 +sauce - 220g","p":2.99,"u":"13,59 €/KG","img":"https://fd13-photos.leclercdrive.fr/image.ashx?id=2613276&use=l&cat=p&typeid=i","cat":333673},{"id":24847,"n":"Gâche tranchée ovale NRT Beurre - 450g","p":2.48,"u":"5,51 €/KG","img":"https://fd13-photos.leclercdrive.fr/image.ashx?id=2670443&use=l&cat=p&typeid=i","cat":284478},{"id":24870,"n":"Soda Schweppes Indian Tonic - 12x15cl","p":4.98,"u":"2,77 €/L","img":"https://fd13-photos.leclercdrive.fr/image.ashx?id=2668347&use=l&cat=p&typeid=i","cat":284531},{"id":24906,"n":"Mozzarella mini billes  Les Croisés - 150g","p":1.7,"u":"11,33 €/KG","img":"https://fd13-photos.leclercdrive.fr/image.ashx?id=2463468&use=l&cat=p&typeid=i","cat":314026},{"id":24908,"n":"Sacs poubelle 20L Alfapac Ultra résistant Coulissac - x20","p":2.52,"img":"https://fd13-photos.leclercdrive.fr/image.ashx?id=2732356&use=l&cat=p&typeid=i","cat":285168},{"id":24952,"n":"Savon Le Petit Olivier Huile d'olive 250g","p":2.29,"u":"9,16 €/KG","img":"https://fd13-photos.leclercdrive.fr/image.ashx?id=2144845&use=l&cat=p&typeid=i","cat":284597},{"id":24961,"n":"Soin de jour L'Oréal Paris Age Perfect anti-âge - 50ml","p":11.97,"pp":7.9,"u":"158,00 €/L","img":"https://fd13-photos.leclercdrive.fr/image.ashx?id=2868047&use=l&cat=p&typeid=i","cat":325345},{"id":24968,"n":"Fromage de chèvre Petit Billy 45%mg - 200g","p":2.63,"u":"13,15 €/KG","img":"https://fd13-photos.leclercdrive.fr/image.ashx?id=2543136&use=l&cat=p&typeid=i","cat":314031},{"id":24969,"n":"Bûche chèvre Soignon -25%sel - 180g","p":2.47,"u":"13,72 €/KG","img":"https://fd13-photos.leclercdrive.fr/image.ashx?id=2836484&use=l&cat=p&typeid=i","cat":314031},{"id":24970,"n":"Crottin de chèvre Rians 23%mg - 2x60g","p":2.64,"u":"22,00 €/KG","img":"https://fd13-photos.leclercdrive.fr/image.ashx?id=2762094&use=l&cat=p&typeid=i","cat":314031},{"id":24971,"n":"Fromage Le Chèvre Soignon Boîte - 180g","p":2.78,"u":"15,44 €/KG","img":"https://fd13-photos.leclercdrive.fr/image.ashx?id=2676723&use=l&cat=p&typeid=i","cat":314031},{"id":25005,"n":"Préparation Papillotes Maggi Rôti thym et fines herbes - 30g","p":0.73,"u":"24,33 €/KG","img":"https://fd13-photos.leclercdrive.fr/image.ashx?id=2963964&use=l&cat=p&typeid=i","cat":288380},{"id":25006,"n":"Sauce béchamel Maggi Saveur à l'ancienne sachet -60g","p":0.63,"u":"10,50 €/KG","img":"https://fd13-photos.leclercdrive.fr/image.ashx?id=2697297&use=l&cat=p&typeid=i","cat":288381},{"id":25010,"n":"Barres Chocolatées KINDER Maxi Chocolat au Lait x10 - 210g","p":3.03,"u":"14,43 €/KG","img":"https://fd13-photos.leclercdrive.fr/image.ashx?id=2679609&use=l&cat=p&typeid=i","cat":284498},{"id":25024,"n":"Lait céréales Blédidej 9 mois Pain chocolat - 4x250ml","p":3.75,"u":"15,00 €/L","img":"https://fd13-photos.leclercdrive.fr/image.ashx?id=2921055&use=l&cat=p&typeid=i","cat":312226},{"id":25034,"n":"Mousse Coiffante Franck Provost A l'Huile d'Argan - 300ml","p":4.77,"u":"15,90 €/L","img":"https://fd13-photos.leclercdrive.fr/image.ashx?id=2575615&use=l&cat=p&typeid=i","cat":284609},{"id":25035,"n":"Salade Menu Fraîcheur Concombre au fromage blanc 300g","p":1.64,"u":"5,47 €/KG","img":"https://fd13-photos.leclercdrive.fr/image.ashx?id=2901443&use=l&cat=p&typeid=i","cat":333657},{"id":25037,"n":"Lait démaquillant Diadermine Hydratant - 200ml","p":2.88,"u":"14,40 €/L","img":"https://fd13-photos.leclercdrive.fr/image.ashx?id=2551108&use=l&cat=p&typeid=i","cat":284603},{"id":25044,"n":"Nettoyant spray Clair Salle de bain - Mousse - 600ml","p":1.99,"u":"3,32 €/L","img":"https://fd13-photos.leclercdrive.fr/image.ashx?id=2856678&use=l&cat=p&typeid=i","cat":325357},{"id":25049,"n":"Lames de rasoir Carré Homme 3 lames - x4","p":3.54,"u":"0,89 €/P","img":"https://fd13-photos.leclercdrive.fr/image.ashx?id=2704624&use=l&cat=p&typeid=i","cat":284616},{"id":25051,"n":"Boulettes de boeuf Férial x30 - 900g","p":7.47,"u":"8,30 €/KG","img":"https://fd13-photos.leclercdrive.fr/image.ashx?id=2966520&use=l&cat=p&typeid=i","cat":319779},{"id":25061,"n":"Cornichons Rustica Vinaigre - 360g","p":1.65,"u":"4,58 €/KG","img":"https://fd13-photos.leclercdrive.fr/image.ashx?id=2916695&use=l&cat=p&typeid=i","cat":284458},{"id":25064,"n":"Film étirable Alfapac Extensible auto-adhérent 50m","p":2.09,"img":"https://fd13-photos.leclercdrive.fr/image.ashx?id=2918271&use=l&cat=p&typeid=i","cat":334134},{"id":25067,"n":"Oeufs frais De Nos Régions Plein Air - Label Rouge - x12","p":3.58,"u":"0,30 €/P","img":"https://fd13-photos.leclercdrive.fr/image.ashx?id=1074184&use=l&cat=p&typeid=i","cat":284378},{"id":25068,"n":"Oeufs frais De Nos Régions Plein Air - Label rouge - x6","p":1.79,"u":"0,30 €/P","img":"https://fd13-photos.leclercdrive.fr/image.ashx?id=1074181&use=l&cat=p&typeid=i","cat":284378},{"id":25069,"n":"Fromage à Tartiner St Môret  Nature Léger - 9 portions 180g","p":2.39,"u":"13,28 €/KG","img":"https://fd13-photos.leclercdrive.fr/image.ashx?id=2755453&use=l&cat=p&typeid=i","cat":314029},{"id":25072,"n":"Mascarpone Casa Azzurra 500g","p":4.95,"u":"9,90 €/KG","img":"https://fd13-photos.leclercdrive.fr/image.ashx?id=2290269&use=l&cat=p&typeid=i","cat":314026},{"id":25079,"n":"Mozzarella bufala Casa Azzurra Boule - 125g","p":1.86,"u":"14,88 €/KG","img":"https://fd13-photos.leclercdrive.fr/image.ashx?id=2899533&use=l&cat=p&typeid=i","cat":314026},{"id":25080,"n":"Parmigiano Reggiano AOP Les Croisés - 200G","p":5.26,"u":"26,30 €/KG","img":"https://fd13-photos.leclercdrive.fr/image.ashx?id=2903959&use=l&cat=p&typeid=i","cat":314034},{"id":25085,"n":"Lait bio Bio Village Bouteille  Demi-écrémé UHT -  6x50cl","p":5.22,"u":"1,74 €/L","img":"https://fd13-photos.leclercdrive.fr/image.ashx?id=2970003&use=l&cat=p&typeid=i","cat":284377},{"id":25093,"n":"Yaourts brassés Délisse Fruits jaunes - 8x125 g","p":2.28,"u":"2,28 €/KG","img":"https://fd13-photos.leclercdrive.fr/image.ashx?id=2495536&use=l&cat=p&typeid=i","cat":284410},{"id":25095,"n":"Yaourts brassés Délisse Fruits rouges - 8X125g","p":2.27,"u":"2,27 €/KG","img":"https://fd13-photos.leclercdrive.fr/image.ashx?id=2494217&use=l&cat=p&typeid=i","cat":284410},{"id":25124,"n":"Pur jus Multifruits Bio Village Bio - 6x20cl","p":3.11,"u":"2,59 €/L","img":"https://fd13-photos.leclercdrive.fr/image.ashx?id=2843626&use=l&cat=p&typeid=i","cat":284524},{"id":25125,"n":"Pur jus d'orange Bio Village Bio - 6x20cl","p":2.99,"u":"2,49 €/L","img":"https://fd13-photos.leclercdrive.fr/image.ashx?id=2671016&use=l&cat=p&typeid=i","cat":284521},{"id":25152,"n":"Confiture cerises Andros Allégée bocal 350g","p":1.99,"u":"5,69 €/KG","img":"https://fd13-photos.leclercdrive.fr/image.ashx?id=2423735&use=l&cat=p&typeid=i","cat":284480},{"id":25164,"n":"Crème dessert Délisse Chocolat noir 4x125g","p":1.15,"u":"2,30 €/KG","img":"https://fd13-photos.leclercdrive.fr/image.ashx?id=2694283&use=l&cat=p&typeid=i","cat":285041},{"id":25171,"n":"Lardons fumés Tradilège Moins 25% de sel 2x75g","p":1.83,"u":"12,20 €/KG","img":"https://fd13-photos.leclercdrive.fr/image.ashx?id=2955267&use=l&cat=p&typeid=i","cat":316011},{"id":25172,"n":"Sacs poubelle 30L Alfapac Ultra résistant Coulissac - x20","p":3.29,"u":"0,16 €/P","img":"https://fd13-photos.leclercdrive.fr/image.ashx?id=2732359&use=l&cat=p&typeid=i","cat":285168},{"id":25178,"n":"Confiture Bonne Maman Prunes bocal - 370g","p":1.96,"u":"5,30 €/KG","img":"https://fd13-photos.leclercdrive.fr/image.ashx?id=2574008&use=l&cat=p&typeid=i","cat":284480},{"id":25179,"n":"Confiture aux myrtilles Andros Allégée - 350g","p":2.56,"u":"7,31 €/KG","img":"https://fd13-photos.leclercdrive.fr/image.ashx?id=2915700&use=l&cat=p&typeid=i","cat":284480},{"id":25182,"n":"Confiture Bonne Maman Cerises noires 370g","p":2.17,"u":"5,86 €/KG","img":"https://fd13-photos.leclercdrive.fr/image.ashx?id=2476311&use=l&cat=p&typeid=i","cat":284480},{"id":25183,"n":"Confiture à l'orange Andros Allégée - 350g","p":1.2,"u":"3,43 €/KG","img":"https://fd13-photos.leclercdrive.fr/image.ashx?id=2398418&use=l&cat=p&typeid=i","cat":284480},{"id":25204,"n":"Petits pois d'aucy  Tendres et fondants - 560g","p":2.0,"u":"3,57 €/KG","img":"https://fd13-photos.leclercdrive.fr/image.ashx?id=2438126&use=l&cat=p&typeid=i","cat":312607},{"id":25205,"n":"Pois carottes D'aucy  Tendres et fondants -530g","p":1.76,"u":"3,32 €/KG","img":"https://fd13-photos.leclercdrive.fr/image.ashx?id=2426367&use=l&cat=p&typeid=i","cat":312607},{"id":25207,"n":"Cornichons Rustica Extra fins - 185g","p":1.28,"u":"6,92 €/KG","img":"https://fd13-photos.leclercdrive.fr/image.ashx?id=2799760&use=l&cat=p&typeid=i","cat":284458},{"id":25220,"n":"Cotons Démaquillants Demak'Up Sensitive - Disques x64","p":1.1,"u":"0,02 €/P","img":"https://fd13-photos.leclercdrive.fr/image.ashx?id=2966983&use=l&cat=p&typeid=i","cat":285593},{"id":25236,"n":"Croque Jambon Père Dodu  Dinde x2 - 200g","p":2.59,"u":"12,95 €/KG","img":"https://fd13-photos.leclercdrive.fr/image.ashx?id=2956984&use=l&cat=p&typeid=i","cat":333683},{"id":25283,"n":"Barres céréales Grany Pommes - 125g","p":1.72,"u":"13,76 €/KG","img":"https://fd13-photos.leclercdrive.fr/image.ashx?id=3002093&use=l&cat=p&typeid=i","cat":285869},{"id":25323,"n":"Protège pieds opaque Tissaia  T35/37 beige - x2","p":3.5,"u":"1,75 €/P","img":"https://fd13-photos.leclercdrive.fr/image.ashx?id=2193374&use=l&cat=p&typeid=i","cat":334130},{"id":25324,"n":"Protège pieds opaque Tissaia Taille 38/41 beige - x2","p":3.5,"u":"1,75 €/P","img":"https://fd13-photos.leclercdrive.fr/image.ashx?id=2193380&use=l&cat=p&typeid=i","cat":334130},{"id":25337,"n":"Café moulu L'Or Absolu 100% Arabica - 2x250g","p":9.39,"u":"18,78 €/KG","img":"https://fd13-photos.leclercdrive.fr/image.ashx?id=2294935&use=l&cat=p&typeid=i","cat":284750},{"id":25342,"n":"Céréales Trésor Kellogg's Chocolat au lait - 1kg","p":6.47,"u":"6,47 €/KG","img":"https://fd13-photos.leclercdrive.fr/image.ashx?id=2598319&use=l&cat=p&typeid=i","cat":309513},{"id":25343,"n":"Céréales Trésor de Kellogg's Chocolat Noisettes - 1kg","p":6.46,"u":"6,46 €/KG","img":"https://fd13-photos.leclercdrive.fr/image.ashx?id=2598316&use=l&cat=p&typeid=i","cat":309513},{"id":25359,"n":"Tablette chocolat blanc Lindt Vanille - 100g","p":2.44,"u":"24,40 €/KG","img":"https://fd13-photos.leclercdrive.fr/image.ashx?id=2755318&use=l&cat=p&typeid=i","cat":284957},{"id":25361,"n":"Chocolat Pâtissier Nestlé Dessert : Caramel - 170g","p":2.95,"u":"17,35 €/KG","img":"https://fd13-photos.leclercdrive.fr/image.ashx?id=2902346&use=l&cat=p&typeid=i","cat":285562},{"id":25366,"n":"Tablette de chocolat noir Lindt 90% cacao - 100g","p":2.23,"u":"22,30 €/KG","img":"https://fd13-photos.leclercdrive.fr/image.ashx?id=2689502&use=l&cat=p&typeid=i","cat":284956},{"id":25370,"n":"Tablette chocolat Côte d'Or Chocolat lait/Noisettes - 200g","p":4.47,"u":"22,35 €/KG","img":"https://fd13-photos.leclercdrive.fr/image.ashx?id=2961218&use=l&cat=p&typeid=i","cat":284497},{"id":25372,"n":"Tablette chocolat Milka Au lait du pays Alpin - 200g","p":2.62,"u":"13,10 €/KG","img":"https://fd13-photos.leclercdrive.fr/image.ashx?id=2994455&use=l&cat=p&typeid=i","cat":284497},{"id":25375,"n":"Tablette chocolat Milka Chocolat lait/Noisettes - 200g","p":3.52,"u":"17,60 €/KG","img":"https://fd13-photos.leclercdrive.fr/image.ashx?id=2381748&use=l&cat=p&typeid=i","cat":284497},{"id":25385,"n":"Tablette chocolat Côte d'Or Chocolat lait/praliné - 200g","p":3.81,"u":"19,05 €/KG","img":"https://fd13-photos.leclercdrive.fr/image.ashx?id=2938076&use=l&cat=p&typeid=i","cat":284497},{"id":25407,"n":"Bonbons LUTTI Luttimint Menthe - 250g","p":1.76,"u":"7,04 €/KG","img":"https://fd13-photos.leclercdrive.fr/image.ashx?id=2815019&use=l&cat=p&typeid=i","cat":304252},{"id":25408,"n":"Dragolo Haribo Sachet bonbons - 300g","p":1.49,"u":"4,97 €/KG","img":"https://fd13-photos.leclercdrive.fr/image.ashx?id=2803574&use=l&cat=p&typeid=i","cat":304250},{"id":25424,"n":"Pâtes Farfalle Panzani 1kg","p":1.97,"u":"1,97 €/KG","img":"https://fd13-photos.leclercdrive.fr/image.ashx?id=2876047&use=l&cat=p&typeid=i","cat":284427},{"id":25425,"n":"Biscuits apéritif Lay's 3D's Goût Cacahuetes - 85g","p":0.79,"u":"9,29 €/KG","img":"https://fd13-photos.leclercdrive.fr/image.ashx?id=2916824&use=l&cat=p&typeid=i","cat":284449},{"id":25432,"n":"Herbes de provence Ducros Boîte ménagère 40g","p":1.36,"u":"34,00 €/KG","img":"https://fd13-photos.leclercdrive.fr/image.ashx?id=2486548&use=l&cat=p&typeid=i","cat":298297},{"id":25445,"n":"Lait poudre Croissance Modilac  De 12 mois à 36 mois - 800g","p":13.31,"u":"16,64 €/KG","img":"https://fd13-photos.leclercdrive.fr/image.ashx?id=2873390&use=l&cat=p&typeid=i","cat":290219},{"id":25446,"n":"Lait croissance Nidal Nestlé Dès 12 mois - 800g","p":9.02,"u":"11,28 €/KG","img":"https://fd13-photos.leclercdrive.fr/image.ashx?id=2806405&use=l&cat=p&typeid=i","cat":290219},{"id":25452,"n":"Sucettes au lait Chupa Chups Sachet - 192g","p":2.75,"u":"14,32 €/KG","img":"https://fd13-photos.leclercdrive.fr/image.ashx?id=2647648&use=l&cat=p&typeid=i","cat":304252},{"id":25465,"n":"Recharge distributeur Canderel Comprimés x600 - 51g","p":5.02,"u":"98,43 €/KG","img":"https://fd13-photos.leclercdrive.fr/image.ashx?id=2811008&use=l&cat=p&typeid=i","cat":324846},{"id":25482,"n":"Soupe liquide Liebig  Cèpes et Bolets - 1L","p":2.62,"u":"2,62 €/L","img":"https://fd13-photos.leclercdrive.fr/image.ashx?id=2766728&use=l&cat=p&typeid=i","cat":284462},{"id":25485,"n":"Miel de fleurs Lune de Miel Spécialités 500g","p":4.3,"u":"8,60 €/KG","img":"https://fd13-photos.leclercdrive.fr/image.ashx?id=2972409&use=l&cat=p&typeid=i","cat":287643},{"id":25491,"n":"Confiture Bonne Maman 4 fruits rouges 750g","p":4.66,"u":"6,21 €/KG","img":"https://fd13-photos.leclercdrive.fr/image.ashx?id=2663896&use=l&cat=p&typeid=i","cat":284480},{"id":25492,"n":"Confiture Bonne Maman Fraise & fraises des bois 370g","p":2.44,"u":"6,59 €/KG","img":"https://fd13-photos.leclercdrive.fr/image.ashx?id=2999841&use=l&cat=p&typeid=i","cat":284480},{"id":25493,"n":"Bouillon Cube Maggi Pot au feu - 180g","p":1.57,"u":"8,72 €/KG","img":"https://fd13-photos.leclercdrive.fr/image.ashx?id=2212315&use=l&cat=p&typeid=i","cat":288379},{"id":25499,"n":"Brosse à dents pro Dentamyl Blancheur x1","p":1.32,"img":"https://fd13-photos.leclercdrive.fr/image.ashx?id=2790916&use=l&cat=p&typeid=i","cat":284614},{"id":25500,"n":"Recharge Dentamyl x2 Pour brosse à dents à pile","p":4.35,"u":"2,18 €/P","img":"https://fd13-photos.leclercdrive.fr/image.ashx?id=1872582&use=l&cat=p&typeid=i","cat":297133},{"id":25515,"n":"Eau minérale naturelle Vittel 6x1L","p":2.51,"u":"0,42 €/L","img":"https://fd13-photos.leclercdrive.fr/image.ashx?id=2276654&use=l&cat=p&typeid=i","cat":284535},{"id":25516,"n":"Eau de source Cristaline 12x50cl","p":1.87,"u":"0,31 €/L","img":"https://fd13-photos.leclercdrive.fr/image.ashx?id=2872874&use=l&cat=p&typeid=i","cat":284535},{"id":25525,"n":"Boisson aux fruits Oasis Tropical - 4x50cl","p":4.02,"u":"2,01 €/L","img":"https://fd13-photos.leclercdrive.fr/image.ashx?id=3014446&use=l&cat=p&typeid=i","cat":295018},{"id":25527,"n":"Boisson aux fruits Oasis Multifruits - 2L","p":2.25,"u":"1,13 €/L","img":"https://fd13-photos.leclercdrive.fr/image.ashx?id=2688674&use=l&cat=p&typeid=i","cat":295018},{"id":25530,"n":"Sucre Béghin Say pure canne petits morceaux - 1kg","p":2.86,"u":"2,86 €/KG","img":"https://fd13-photos.leclercdrive.fr/image.ashx?id=2949919&use=l&cat=p&typeid=i","cat":284502},{"id":25540,"n":"Soda à l'orange Orangina 4x50cl","p":4.55,"u":"2,28 €/L","img":"https://fd13-photos.leclercdrive.fr/image.ashx?id=2574952&use=l&cat=p&typeid=i","cat":284532},{"id":25541,"n":"Soda à l'orange Orangina 6x25cl","p":3.81,"u":"2,54 €/L","img":"https://fd13-photos.leclercdrive.fr/image.ashx?id=2495653&use=l&cat=p&typeid=i","cat":284532},{"id":25550,"n":"Soda Schweppes Indian Tonic Zero - 1,5L","p":1.64,"u":"1,09 €/L","img":"https://fd13-photos.leclercdrive.fr/image.ashx?id=2852393&use=l&cat=p&typeid=i","cat":284531},{"id":25552,"n":"Soda Schweppes Indian Tonic - 4x50cl","p":3.97,"u":"1,99 €/L","img":"https://fd13-photos.leclercdrive.fr/image.ashx?id=2852405&use=l&cat=p&typeid=i","cat":284531},{"id":25553,"n":"Soda Schweppes Saveur Agrumes - 4x50cl","p":4.11,"u":"2,06 €/L","img":"https://fd13-photos.leclercdrive.fr/image.ashx?id=2852402&use=l&cat=p&typeid=i","cat":284532},{"id":25554,"n":"Soda Schweppes Saveur Citron Zero - 1,5L","p":1.57,"u":"1,05 €/L","img":"https://fd13-photos.leclercdrive.fr/image.ashx?id=2852396&use=l&cat=p&typeid=i","cat":284532},{"id":25557,"n":"Soda Schweppes Saveur Pomme - 1,5L","p":1.79,"u":"1,19 €/L","img":"https://fd13-photos.leclercdrive.fr/image.ashx?id=2852411&use=l&cat=p&typeid=i","cat":284532},{"id":25561,"n":"Jus de fruits Tropicana Multivitaminés Essentiels - 1L","p":2.32,"u":"2,32 €/L","img":"https://fd13-photos.leclercdrive.fr/image.ashx?id=2605641&use=l&cat=p&typeid=i","cat":284917},{"id":25567,"n":"Jus d'orange Jafaden A base de concentré  - 2L","p":3.51,"u":"1,76 €/L","img":"https://fd13-photos.leclercdrive.fr/image.ashx?id=2751892&use=l&cat=p&typeid=i","cat":284521},{"id":25575,"n":"Limonade artisanale Lorina Bouteille - 1L","p":2.86,"u":"2,86 €/L","img":"https://fd13-photos.leclercdrive.fr/image.ashx?id=2735137&use=l&cat=p&typeid=i","cat":284531},{"id":25580,"n":"Thé glacé Lipton Ice Tea Pêche Le lot de 12x15cl canettes","p":4.25,"u":"28,33 €/L","img":"https://fd13-photos.leclercdrive.fr/image.ashx?id=2505459&use=l&cat=p&typeid=i","cat":295019},{"id":25587,"n":"Vin mousseux de France Kriter Blanc Brut - 75cl","p":4.7,"u":"6,27 €/L","img":"https://fd13-photos.leclercdrive.fr/image.ashx?id=2840868&use=l&cat=p&typeid=i","cat":284544},{"id":25589,"n":"Nectar Bio Pressade Orange pêche abricot - 1,5L","p":2.48,"u":"1,65 €/L","img":"https://fd13-photos.leclercdrive.fr/image.ashx?id=2732503&use=l&cat=p&typeid=i","cat":284521},{"id":25593,"n":"Boisson aux fruits Capri Sun Multivitaminé - 10x20cl","p":3.44,"u":"1,72 €/L","img":"https://fd13-photos.leclercdrive.fr/image.ashx?id=2447067&use=l&cat=p&typeid=i","cat":295018},{"id":25596,"n":"Nectar Bio Pressade Multifruits - 6x20cl","p":2.74,"u":"2,28 €/L","img":"https://fd13-photos.leclercdrive.fr/image.ashx?id=2732518&use=l&cat=p&typeid=i","cat":284524},{"id":25607,"n":"Eau minérale gazeuse Perrier  Naturelle  - 6x50cl","p":3.52,"u":"1,17 €/L","img":"https://fd13-photos.leclercdrive.fr/image.ashx?id=2493916&use=l&cat=p&typeid=i","cat":284536},{"id":25609,"n":"Saucisses aux lentilles  William Saurin- 840g","p":3.15,"u":"3,75 €/KG","img":"https://fd13-photos.leclercdrive.fr/image.ashx?id=2890070&use=l&cat=p&typeid=i","cat":284441},{"id":25613,"n":"Boisson énergétique Powerade Cerise - 50cl","p":1.05,"u":"2,10 €/L","img":"https://fd13-photos.leclercdrive.fr/image.ashx?id=2774220&use=l&cat=p&typeid=i","cat":284533},{"id":25614,"n":"Boisson Citronnade Pulco Citron - 1,5L","p":2.07,"u":"1,38 €/L","img":"https://fd13-photos.leclercdrive.fr/image.ashx?id=2941526&use=l&cat=p&typeid=i","cat":295018},{"id":25615,"n":"Concentré à diluer Pulco Agrumes - 70cl","p":2.78,"u":"3,97 €/L","img":"https://fd13-photos.leclercdrive.fr/image.ashx?id=2687851&use=l&cat=p&typeid=i","cat":295020},{"id":25619,"n":"Pastis Ricard Anisé 45% vol - 1,5L","p":29.5,"u":"19,67 €/L","img":"https://fd13-photos.leclercdrive.fr/image.ashx?id=2839115&use=l&cat=p&typeid=i","cat":284548},{"id":25627,"n":"Sirop Moulin de Valdonne Violette - 70cl","p":3.34,"u":"4,77 €/L","img":"https://fd13-photos.leclercdrive.fr/image.ashx?id=2756918&use=l&cat=p&typeid=i","cat":295020},{"id":25630,"n":"Taboulé Menu Fraîcheur Poulet - 500g","p":2.11,"u":"4,22 €/KG","img":"https://fd13-photos.leclercdrive.fr/image.ashx?id=2645927&use=l&cat=p&typeid=i","cat":333657},{"id":25656,"n":"Crème Pieds Anti-Callosités Et Cornes - 75ml","p":4.06,"u":"54,13 €/L","img":"https://fd13-photos.leclercdrive.fr/image.ashx?id=2981310&use=l&cat=p&typeid=i","cat":325354},{"id":25661,"n":"Rasoir Siliss 3 lames - +1 recharge","p":4.25,"img":"https://fd13-photos.leclercdrive.fr/image.ashx?id=2699411&use=l&cat=p&typeid=i","cat":325352},{"id":25685,"n":"Bouillon Cube Maggi Boeuf - 180g","p":1.61,"u":"8,94 €/KG","img":"https://fd13-photos.leclercdrive.fr/image.ashx?id=2882896&use=l&cat=p&typeid=i","cat":288379},{"id":25686,"n":"Bouillon Cube Maggi Volaille - 180g","p":1.47,"u":"8,17 €/KG","img":"https://fd13-photos.leclercdrive.fr/image.ashx?id=2737003&use=l&cat=p&typeid=i","cat":288379},{"id":25689,"n":"AOC Coteaux Varois rosé Terres de Saint-Louis - 75cl","p":5.5,"u":"7,33 €/L","img":"https://fd13-photos.leclercdrive.fr/image.ashx?id=2105905&use=l&cat=p&typeid=i","cat":289558},{"id":25709,"n":"Madeleines Ker Cadélac Extra moelleuses chocolat 600g","p":3.63,"u":"6,05 €/KG","img":"https://fd13-photos.leclercdrive.fr/image.ashx?id=2959934&use=l&cat=p&typeid=i","cat":284492},{"id":25729,"n":"Vinaigrette balsamique Puget Tomate séchée - 33cl","p":2.28,"u":"6,91 €/L","img":"https://fd13-photos.leclercdrive.fr/image.ashx?id=2912143&use=l&cat=p&typeid=i","cat":284456},{"id":25738,"n":"Blanc de poulet Fleury Michon -25% de sel x4 - 160g","p":1.99,"u":"12,44 €/KG","img":"https://fd13-photos.leclercdrive.fr/image.ashx?id=2885974&use=l&cat=p&typeid=i","cat":316010},{"id":25739,"n":"Bûche de chèvre Les Croisés Fondante 22%mg - 180g","p":1.84,"u":"10,22 €/KG","img":"https://fd13-photos.leclercdrive.fr/image.ashx?id=2946838&use=l&cat=p&typeid=i","cat":314031},{"id":25742,"n":"Macédoine Menu Fraîcheur  Légumes - 300g","p":1.59,"u":"5,30 €/KG","img":"https://fd13-photos.leclercdrive.fr/image.ashx?id=2901446&use=l&cat=p&typeid=i","cat":333657},{"id":25743,"n":"Mascarpone Les Croisés - 500g","p":3.08,"u":"6,16 €/KG","img":"https://fd13-photos.leclercdrive.fr/image.ashx?id=2123626&use=l&cat=p&typeid=i","cat":314026},{"id":25744,"n":"Nems au Poulet Tables du Monde  x4  - 280g","p":1.79,"u":"6,39 €/KG","img":"https://fd13-photos.leclercdrive.fr/image.ashx?id=2953338&use=l&cat=p&typeid=i","cat":333673},{"id":25748,"n":"Hachés au colin d'Alaska Pêche Océan - 200g","p":2.24,"u":"11,20 €/KG","img":"https://fd13-photos.leclercdrive.fr/image.ashx?id=2953623&use=l&cat=p&typeid=i","cat":284344},{"id":25749,"n":"Hachés au saumon Pêche Océan à la ciboulette - 200g","p":2.25,"u":"11,25 €/KG","img":"https://fd13-photos.leclercdrive.fr/image.ashx?id=2953632&use=l&cat=p&typeid=i","cat":284344},{"id":25751,"n":"Barres céréales moelleux Grany Fruits des bois - 192g","p":1.84,"u":"9,58 €/KG","img":"https://fd13-photos.leclercdrive.fr/image.ashx?id=2963916&use=l&cat=p&typeid=i","cat":285869},{"id":25753,"n":"Génoises fourrées Eco+ Framboise - 300g","p":1.9,"u":"6,33 €/KG","img":"https://fd13-photos.leclercdrive.fr/image.ashx?id=2477532&use=l&cat=p&typeid=i","cat":284489},{"id":25759,"n":"Barquettes chats Gourmet Gold Double délice luxe mix - 12x85g","p":5.42,"u":"5,31 €/KG","img":"https://fd13-photos.leclercdrive.fr/image.ashx?id=2857096&use=l&cat=p&typeid=i","cat":285286},{"id":25762,"n":"Bâtonnets Dentastix Pedigree Grand chien x28 - 1080g","p":8.45,"u":"7,82 €/KG","img":"https://fd13-photos.leclercdrive.fr/image.ashx?id=2924776&use=l&cat=p&typeid=i","cat":294527},{"id":25764,"n":"Olives noires Tramier Dénoyautées - 150g","p":1.57,"u":"10,47 €/KG","img":"https://fd13-photos.leclercdrive.fr/image.ashx?id=2840814&use=l&cat=p&typeid=i","cat":284458},{"id":25765,"n":"Céréales Nestlé Mix Chocapic, Lion, Nesquik x6","p":2.26,"u":"11,89 €/KG","img":"https://fd13-photos.leclercdrive.fr/image.ashx?id=2981364&use=l&cat=p&typeid=i","cat":309513},{"id":25779,"n":"Yaourts Lait de chèvre Soignon Nature - 4x125g","p":2.21,"u":"4,42 €/KG","img":"https://fd13-photos.leclercdrive.fr/image.ashx?id=2518250&use=l&cat=p&typeid=i","cat":314998},{"id":25790,"n":"Sucre pure canne Bio Village En morceaux bio - 500g","p":2.09,"u":"4,18 €/KG","img":"https://fd13-photos.leclercdrive.fr/image.ashx?id=3010440&use=l&cat=p&typeid=i","cat":284502},{"id":25801,"n":"Lingettes Wc Syphon Désinfectantes x40","p":2.2,"img":"https://fd13-photos.leclercdrive.fr/image.ashx?id=2768092&use=l&cat=p&typeid=i","cat":325358},{"id":25805,"n":"Légumes pour pot au feu Panier du Primeur - 1kg","p":2.49,"u":"2,49 €/KG","img":"https://fd13-photos.leclercdrive.fr/image.ashx?id=2958717&use=l&cat=p&typeid=i","cat":284352},{"id":25806,"n":"Lingettes bébé H2O Biolane Epaisses - x72","p":1.72,"u":"0,02 €/P","img":"https://fd13-photos.leclercdrive.fr/image.ashx?id=2877910&use=l&cat=p&typeid=i","cat":284738},{"id":25808,"n":"Protection incontinence Chorys Homme - Important - x20","p":5.38,"u":"0,27 €/P","img":"https://fd13-photos.leclercdrive.fr/image.ashx?id=2672933&use=l&cat=p&typeid=i","cat":291514},{"id":25811,"n":"Salade Coleslaw Menu Fraîcheur  500g","p":1.83,"u":"3,66 €/KG","img":"https://fd13-photos.leclercdrive.fr/image.ashx?id=2645930&use=l&cat=p&typeid=i","cat":333657},{"id":25812,"n":"Coquillettes Coté Table Jambon fromage - 280g","p":1.89,"u":"6,75 €/KG","img":"https://fd13-photos.leclercdrive.fr/image.ashx?id=2727380&use=l&cat=p&typeid=i","cat":284953},{"id":25817,"n":"Emincés de saumon fumé ASC Ronde des mers - 100g","p":4.49,"u":"44,90 €/KG","img":"https://fd13-photos.leclercdrive.fr/image.ashx?id=2953620&use=l&cat=p&typeid=i","cat":285188},{"id":25818,"n":"Émincés de saumon fumé ASC Ronde de mers - 100g","p":4.49,"u":"44,90 €/KG","img":"https://fd13-photos.leclercdrive.fr/image.ashx?id=2953617&use=l&cat=p&typeid=i","cat":285188},{"id":25819,"n":"Feuilletés Jambon Emmental Coté Table - 2x140g","p":2.99,"u":"10,68 €/KG","img":"https://fd13-photos.leclercdrive.fr/image.ashx?id=2846517&use=l&cat=p&typeid=i","cat":333671},{"id":25820,"n":"Flammekueche Coté Table 350g","p":1.88,"u":"5,37 €/KG","img":"https://fd13-photos.leclercdrive.fr/image.ashx?id=2064819&use=l&cat=p&typeid=i","cat":333680},{"id":25822,"n":"Fromage à tartiner Les Croisés Nature - 24%mg - 300g","p":1.84,"u":"6,13 €/KG","img":"https://fd13-photos.leclercdrive.fr/image.ashx?id=1975032&use=l&cat=p&typeid=i","cat":314029},{"id":25825,"n":"Fromage de brebis Les Croisés 210g","p":2.87,"u":"13,67 €/KG","img":"https://fd13-photos.leclercdrive.fr/image.ashx?id=2900112&use=l&cat=p&typeid=i","cat":329184},{"id":25828,"n":"Tagliatelles Fleury Michon saumon, crème ciboulette - 280g","p":2.92,"u":"10,43 €/KG","img":"https://fd13-photos.leclercdrive.fr/image.ashx?id=3003290&use=l&cat=p&typeid=i","cat":333665},{"id":25836,"n":"Choucroute garnie  William Saurin - 800g","p":3.85,"u":"4,81 €/KG","img":"https://fd13-photos.leclercdrive.fr/image.ashx?id=2890058&use=l&cat=p&typeid=i","cat":284441},{"id":25839,"n":"Couscous parfumé Tipiak Prêt en 5 min  - 500g","p":2.03,"u":"4,06 €/KG","img":"https://fd13-photos.leclercdrive.fr/image.ashx?id=2946937&use=l&cat=p&typeid=i","cat":284429},{"id":25841,"n":"Couscous Tipiak  Prêt en 1 min 30 s - 500g","p":1.32,"u":"2,64 €/KG","img":"https://fd13-photos.leclercdrive.fr/image.ashx?id=2640431&use=l&cat=p&typeid=i","cat":284429},{"id":25848,"n":"Lait de coco Suzi Wan 500ml","p":2.49,"u":"4,98 €/L","img":"https://fd13-photos.leclercdrive.fr/image.ashx?id=2892934&use=l&cat=p&typeid=i","cat":288992},{"id":25854,"n":"Mignonnettes Côte d'Or Chocolat noir /orange - 24x10g","p":5.34,"u":"22,25 €/KG","img":"https://fd13-photos.leclercdrive.fr/image.ashx?id=3009152&use=l&cat=p&typeid=i","cat":284499},{"id":25855,"n":"Noix d'epaule Tulip Boîte - 340g","p":3.35,"u":"9,85 €/KG","img":"https://fd13-photos.leclercdrive.fr/image.ashx?id=2465598&use=l&cat=p&typeid=i","cat":305149},{"id":25860,"n":"Pain au chocolat La Boulangère Pur beurre - x8 - 400g","p":2.82,"u":"7,05 €/KG","img":"https://fd13-photos.leclercdrive.fr/image.ashx?id=2912182&use=l&cat=p&typeid=i","cat":296366},{"id":25865,"n":"Préparation taboulé Tipiak Menthe citron olive - 350g","p":1.97,"u":"5,63 €/KG","img":"https://fd13-photos.leclercdrive.fr/image.ashx?id=2973862&use=l&cat=p&typeid=i","cat":284429},{"id":25868,"n":"Flocons d'avoine Quaker Oats Classic - 800g","p":2.24,"u":"2,80 €/KG","img":"https://fd13-photos.leclercdrive.fr/image.ashx?id=2344498&use=l&cat=p&typeid=i","cat":309512},{"id":25873,"n":"Rillettes à l'ancienne Hénaff Verrine - 180g","p":2.77,"u":"15,39 €/KG","img":"https://fd13-photos.leclercdrive.fr/image.ashx?id=2744989&use=l&cat=p&typeid=i","cat":305149},{"id":25879,"n":"Bâtonnets Dentastix Pedigree Petit chien x28 - 440g","p":5.36,"u":"12,18 €/KG","img":"https://fd13-photos.leclercdrive.fr/image.ashx?id=2877106&use=l&cat=p&typeid=i","cat":294527},{"id":25884,"n":"Carrés chocolat Côte d'Or Chocolat lait Noisettes -10x20g","p":4.81,"u":"24,05 €/KG","img":"https://fd13-photos.leclercdrive.fr/image.ashx?id=2826651&use=l&cat=p&typeid=i","cat":284497},{"id":25886,"n":"Carrés chocolat Côte d'Or Chocolat noir Noisettes -10x20g","p":5.12,"u":"25,60 €/KG","img":"https://fd13-photos.leclercdrive.fr/image.ashx?id=2826654&use=l&cat=p&typeid=i","cat":284956},{"id":25889,"n":"Mignonnettes Côte d'Or Chocolat au lait - 24x10g","p":5.62,"u":"23,42 €/KG","img":"https://fd13-photos.leclercdrive.fr/image.ashx?id=3002210&use=l&cat=p&typeid=i","cat":284499},{"id":25898,"n":"Chocolat Nougatti Côte d'Or Nougat/chocolat au lait -270g","p":4.54,"u":"16,81 €/KG","img":"https://fd13-photos.leclercdrive.fr/image.ashx?id=2612388&use=l&cat=p&typeid=i","cat":284498},{"id":25913,"n":"Chocolat noir Côte d'Or Nougat 130g","p":3.13,"u":"24,08 €/KG","img":"https://fd13-photos.leclercdrive.fr/image.ashx?id=2985588&use=l&cat=p&typeid=i","cat":284956},{"id":25914,"n":"Tablette chocolat Côte d'Or Chocolat noir praliné - 200g","p":3.81,"u":"19,05 €/KG","img":"https://fd13-photos.leclercdrive.fr/image.ashx?id=2941943&use=l&cat=p&typeid=i","cat":284956},{"id":25947,"n":"Escalope Milanaise Marie 2x300g","p":6.75,"u":"11,25 €/KG","img":"https://fd13-photos.leclercdrive.fr/image.ashx?id=2331813&use=l&cat=p&typeid=i","cat":333665},{"id":26014,"n":"Colin d'Alaska Marie Petites St Jacques Hisseo 900g","p":4.81,"u":"5,34 €/KG","img":"https://fd13-photos.leclercdrive.fr/image.ashx?id=2996758&use=l&cat=p&typeid=i","cat":319786},{"id":26026,"n":"Gel douche Eco+ Amande - 500ml","p":0.69,"u":"1,38 €/L","img":"https://fd13-photos.leclercdrive.fr/image.ashx?id=2979328&use=l&cat=p&typeid=i","cat":284594},{"id":26027,"n":"Gel douche Eco  Senteur vanille - 500ml","p":0.67,"u":"1,34 €/L","img":"https://fd13-photos.leclercdrive.fr/image.ashx?id=2079795&use=l&cat=p&typeid=i","cat":284594},{"id":26030,"n":"Masque Inell Film purifiant x2","p":0.99,"img":"https://fd13-photos.leclercdrive.fr/image.ashx?id=2691625&use=l&cat=p&typeid=i","cat":325346},{"id":26035,"n":"Bain de bouche Dentamyl Fraîcheur menthe - 500ml","p":1.89,"u":"3,78 €/L","img":"https://fd13-photos.leclercdrive.fr/image.ashx?id=2526604&use=l&cat=p&typeid=i","cat":284613},{"id":26038,"n":"Recharge savon mains Manava Crème Lait et miel - 250ml","p":0.56,"u":"2,24 €/L","img":"https://fd13-photos.leclercdrive.fr/image.ashx?id=2935489&use=l&cat=p&typeid=i","cat":284597},{"id":26040,"n":"Recharge savon mains Manava Gel spécial cuisine - 250ml","p":0.65,"u":"2,60 €/L","img":"https://fd13-photos.leclercdrive.fr/image.ashx?id=2935492&use=l&cat=p&typeid=i","cat":284597},{"id":26045,"n":"Activateur biologique Syphon Pour fosses septiques 26sachets","p":6.24,"img":"https://fd13-photos.leclercdrive.fr/image.ashx?id=2558805&use=l&cat=p&typeid=i","cat":284908},{"id":26075,"n":"Liqueur Pisang Ambon 17%vol. - 70cl","p":9.69,"u":"13,84 €/L","img":"https://fd13-photos.leclercdrive.fr/image.ashx?id=2262647&use=l&cat=p&typeid=i","cat":286032},{"id":26085,"n":"Dessert végétal Sojasun Café - 4x100g","p":1.62,"u":"4,05 €/KG","img":"https://fd13-photos.leclercdrive.fr/image.ashx?id=2759993&use=l&cat=p&typeid=i","cat":316071},{"id":26087,"n":"Fromage blanc sous mousse  gervita nature - 8x100g","p":3.58,"u":"4,48 €/KG","img":"https://fd13-photos.leclercdrive.fr/image.ashx?id=2265768&use=l&cat=p&typeid=i","cat":284409},{"id":26090,"n":"Lait entier Bio Village Bio Bouteille UHT - 1L","p":1.4,"u":"1,40 €/L","img":"https://fd13-photos.leclercdrive.fr/image.ashx?id=2981924&use=l&cat=p&typeid=i","cat":285610},{"id":26151,"n":"Sucre Eco+  En poudre - 1kg","p":1.01,"u":"1,01 €/KG","img":"https://fd13-photos.leclercdrive.fr/image.ashx?id=2702277&use=l&cat=p&typeid=i","cat":284502},{"id":26152,"n":"Salade Mexicaine Eco+ Au thon - 280g","p":1.12,"u":"4,00 €/KG","img":"https://fd13-photos.leclercdrive.fr/image.ashx?id=2884201&use=l&cat=p&typeid=i","cat":284437},{"id":26153,"n":"Salade Americaine Eco+ Au thon - 280g","p":1.12,"u":"4,00 €/KG","img":"https://fd13-photos.leclercdrive.fr/image.ashx?id=2873649&use=l&cat=p&typeid=i","cat":284437},{"id":26154,"n":"Salade Niçoise Eco+ Au thon - 280g","p":1.12,"u":"4,00 €/KG","img":"https://fd13-photos.leclercdrive.fr/image.ashx?id=2896012&use=l&cat=p&typeid=i","cat":284437},{"id":26161,"n":"Yaourt nature brassé bifidus Activia - 8x125g","p":2.75,"u":"2,75 €/KG","img":"https://fd13-photos.leclercdrive.fr/image.ashx?id=2741691&use=l&cat=p&typeid=i","cat":315000},{"id":26183,"n":"Adoucissant Hyperdou Rêve de fraîcheur - 3x250ml","p":1.23,"u":"1,64 €/L","img":"https://fd13-photos.leclercdrive.fr/image.ashx?id=2643318&use=l&cat=p&typeid=i","cat":284650},{"id":26184,"n":"Adoucissant Hyperdou Senteur de provence - 3x250ml","p":1.2,"u":"1,60 €/L","img":"https://fd13-photos.leclercdrive.fr/image.ashx?id=2675685&use=l&cat=p&typeid=i","cat":284650},{"id":26185,"n":"Lingettes désinfectante Sanytol Multi-usage Eucalyptus - x72","p":1.58,"u":"0,03 €/P","img":"https://fd13-photos.leclercdrive.fr/image.ashx?id=2899353&use=l&cat=p&typeid=i","cat":325358},{"id":26189,"n":"Pâtes Farfalle Lustucru cuisson rapide 3 minutes 500g","p":1.29,"u":"2,58 €/KG","img":"https://fd13-photos.leclercdrive.fr/image.ashx?id=2108435&use=l&cat=p&typeid=i","cat":284427},{"id":26193,"n":"Edulcorant Canderel sticks x120 - 120g","p":2.59,"u":"21,58 €/KG","img":"https://fd13-photos.leclercdrive.fr/image.ashx?id=2811011&use=l&cat=p&typeid=i","cat":324846},{"id":26220,"n":"Sucre Eco+ Cristal  - 5kg","p":4.45,"u":"0,89 €/KG","img":"https://fd13-photos.leclercdrive.fr/image.ashx?id=3010413&use=l&cat=p&typeid=i","cat":284502},{"id":26223,"n":"Sauce Sacla'Italia Arrabbiata - 190g","p":1.99,"u":"10,47 €/KG","img":"https://fd13-photos.leclercdrive.fr/image.ashx?id=2971413&use=l&cat=p&typeid=i","cat":287599},{"id":26258,"n":"Madeleines coquilles P'tit déli Sachet 600g","p":2.39,"u":"3,98 €/KG","img":"https://fd13-photos.leclercdrive.fr/image.ashx?id=2540948&use=l&cat=p&typeid=i","cat":284492},{"id":26271,"n":"Rôti de porc Tradilège 6 tranches VPF 180g","p":2.38,"u":"13,22 €/KG","img":"https://fd13-photos.leclercdrive.fr/image.ashx?id=2675786&use=l&cat=p&typeid=i","cat":316009},{"id":26278,"n":"Mélange chili mexicain Ducros Sachet malin - 20g","p":1.21,"u":"60,50 €/KG","img":"https://fd13-photos.leclercdrive.fr/image.ashx?id=2326661&use=l&cat=p&typeid=i","cat":298297},{"id":26279,"n":"Mélange couscous royal Ducros Sachet malin - 20g","p":1.35,"u":"67,50 €/KG","img":"https://fd13-photos.leclercdrive.fr/image.ashx?id=2490491&use=l&cat=p&typeid=i","cat":298297},{"id":26281,"n":"Mélange malin Ducros Pour plats Mexicains - 40g","p":1.97,"u":"49,25 €/KG","img":"https://fd13-photos.leclercdrive.fr/image.ashx?id=2559445&use=l&cat=p&typeid=i","cat":298297},{"id":26282,"n":"Epis de maïs Kühne Bocal - 190g","p":2.99,"u":"15,74 €/KG","img":"https://fd13-photos.leclercdrive.fr/image.ashx?id=2550937&use=l&cat=p&typeid=i","cat":312611},{"id":26289,"n":"Sauce froide Suzi Wan Aigre douce 330g","p":1.74,"u":"5,27 €/KG","img":"https://fd13-photos.leclercdrive.fr/image.ashx?id=2990886&use=l&cat=p&typeid=i","cat":288992},{"id":26296,"n":"IGP Terrine Bretonne Hénaff Label Rouge - 200g","p":2.21,"u":"11,05 €/KG","img":"https://fd13-photos.leclercdrive.fr/image.ashx?id=2664482&use=l&cat=p&typeid=i","cat":305149},{"id":26298,"n":"Torsades Lustucru 3min - 500g","p":1.46,"u":"2,92 €/KG","img":"https://fd13-photos.leclercdrive.fr/image.ashx?id=2276099&use=l&cat=p&typeid=i","cat":284427},{"id":26302,"n":"AOP Crémant de Loire Mlle Ladubay Blanc brut - 75cl","p":6.95,"u":"9,27 €/L","img":"https://fd13-photos.leclercdrive.fr/image.ashx?id=2246653&use=l&cat=p&typeid=i","cat":284545},{"id":26303,"n":"Céréales Corn Flakes Eco+ sucrés - 750g","p":2.13,"u":"2,84 €/KG","img":"https://fd13-photos.leclercdrive.fr/image.ashx?id=2699099&use=l&cat=p&typeid=i","cat":309513},{"id":26307,"n":"Boisson énergisante Red Bull 473ml","p":1.98,"u":"4,19 €/L","img":"https://fd13-photos.leclercdrive.fr/image.ashx?id=3011986&use=l&cat=p&typeid=i","cat":284533},{"id":26308,"n":"Boisson énergisante Red Bull 355ml","p":1.54,"u":"4,34 €/L","img":"https://fd13-photos.leclercdrive.fr/image.ashx?id=3011980&use=l&cat=p&typeid=i","cat":284533},{"id":26309,"n":"Boîte chat Whiskas  Gelée mer & campagne - 8x400g","p":8.72,"u":"2,79 €/KG","img":"https://fd13-photos.leclercdrive.fr/image.ashx?id=2759628&use=l&cat=p&typeid=i","cat":285601},{"id":26310,"n":"Cornichons Kühne Aigre doux - 360g","p":2.29,"u":"6,36 €/KG","img":"https://fd13-photos.leclercdrive.fr/image.ashx?id=2550925&use=l&cat=p&typeid=i","cat":284458},{"id":26316,"n":"Mini-crêpes fourrées Tokapi Bacon - 65g","p":1.9,"u":"29,23 €/KG","img":"https://fd13-photos.leclercdrive.fr/image.ashx?id=2853886&use=l&cat=p&typeid=i","cat":297000},{"id":26319,"n":"Noix de cajou Tokapi Sans sel ajouté - 125g","p":1.79,"u":"14,32 €/KG","img":"https://fd13-photos.leclercdrive.fr/image.ashx?id=2794000&use=l&cat=p&typeid=i","cat":284448},{"id":26323,"n":"Soda Jean's Cola Canette - 12x15cl","p":3.75,"u":"2,08 €/L","img":"https://fd13-photos.leclercdrive.fr/image.ashx?id=2637895&use=l&cat=p&typeid=i","cat":284530},{"id":26361,"n":"Levure super active Vahiné Spécial pain sachet 6x27.6g","p":1.04,"u":"6,19 €/KG","img":"https://fd13-photos.leclercdrive.fr/image.ashx?id=2606259&use=l&cat=p&typeid=i","cat":294686},{"id":26376,"n":"Pepites de chocolat au lait Vahiné - 100g","p":2.18,"u":"21,80 €/KG","img":"https://fd13-photos.leclercdrive.fr/image.ashx?id=2983243&use=l&cat=p&typeid=i","cat":284504},{"id":26377,"n":"Pépites Vahiné Chocolat chunks - 100g","p":2.54,"u":"25,40 €/KG","img":"https://fd13-photos.leclercdrive.fr/image.ashx?id=2606262&use=l&cat=p&typeid=i","cat":284504},{"id":26384,"n":"Pépites Vahiné Chocolat noir 200g","p":3.65,"u":"18,25 €/KG","img":"https://fd13-photos.leclercdrive.fr/image.ashx?id=2606265&use=l&cat=p&typeid=i","cat":284504},{"id":26398,"n":"Sucre vanilliné Vahiné 10 sachets 75g","p":0.74,"u":"9,87 €/KG","img":"https://fd13-photos.leclercdrive.fr/image.ashx?id=2490539&use=l&cat=p&typeid=i","cat":294686},{"id":26443,"n":"Liqueur Litchi Yen Li 15%vol. - 70cl","p":7.86,"u":"11,23 €/L","img":"https://fd13-photos.leclercdrive.fr/image.ashx?id=1898904&use=l&cat=p&typeid=i","cat":286032},{"id":26449,"n":"Vin mousseux supérieur Opéra Brut 11%vol 75cl","p":3.06,"u":"4,08 €/L","img":"https://fd13-photos.leclercdrive.fr/image.ashx?id=2971999&use=l&cat=p&typeid=i","cat":284544},{"id":26453,"n":"Eau gazeuse Cristaline 6x50cl","p":1.45,"u":"0,48 €/L","img":"https://fd13-photos.leclercdrive.fr/image.ashx?id=2694605&use=l&cat=p&typeid=i","cat":284536},{"id":26457,"n":"Bière blonde Abbaye Alveringem 6.2%vol. - 6x25cl","p":3.4,"u":"2,27 €/L","img":"https://fd13-photos.leclercdrive.fr/image.ashx?id=2637892&use=l&cat=p&typeid=i","cat":334852},{"id":26461,"n":"Lait sans lactose Délisse UHT Bouteille -  1L","p":1.25,"u":"1,25 €/L","img":"https://fd13-photos.leclercdrive.fr/image.ashx?id=2610217&use=l&cat=p&typeid=i","cat":317169},{"id":26484,"n":"Croquette chat stérilisé Ultima  Poulet - 3kg","p":11.13,"u":"3,71 €/KG","img":"https://fd13-photos.leclercdrive.fr/image.ashx?id=2918886&use=l&cat=p&typeid=i","cat":284680},{"id":26488,"n":"Panna Cotta Délisse Caramel - 4x90g","p":1.94,"u":"5,39 €/KG","img":"https://fd13-photos.leclercdrive.fr/image.ashx?id=2935223&use=l&cat=p&typeid=i","cat":284419},{"id":26493,"n":"Pizza Merveillosa Turini Mozzarella - 335g","p":2.28,"u":"6,81 €/KG","img":"https://fd13-photos.leclercdrive.fr/image.ashx?id=2579363&use=l&cat=p&typeid=i","cat":284256},{"id":26494,"n":"Pizza Merveillosa Turini Thon - 355g","p":2.28,"u":"6,42 €/KG","img":"https://fd13-photos.leclercdrive.fr/image.ashx?id=2815238&use=l&cat=p&typeid=i","cat":284256},{"id":26562,"n":"Lait sans lactose Délisse UHT Bouteille -  6x1L","p":7.5,"u":"1,25 €/L","img":"https://fd13-photos.leclercdrive.fr/image.ashx?id=2366292&use=l&cat=p&typeid=i","cat":317169},{"id":26565,"n":"Lait Croissance Bio Village bio 10 à 36 mois - 6x1L","p":9.99,"u":"1,67 €/L","img":"https://fd13-photos.leclercdrive.fr/image.ashx?id=2778096&use=l&cat=p&typeid=i","cat":284728},{"id":26611,"n":"Sel moulu Le Guérandais Tradition - 250g","p":1.72,"u":"6,88 €/KG","img":"https://fd13-photos.leclercdrive.fr/image.ashx?id=1954622&use=l&cat=p&typeid=i","cat":284457},{"id":26643,"n":"Viande Bovine Rumsteack Socopa Aux trois poivres - x2 - 240g","p":6.05,"u":"25,21 €/KG","img":"https://fd13-photos.leclercdrive.fr/image.ashx?id=2413492&use=l&cat=p&typeid=i","cat":284328},{"id":26646,"n":"AOP Champagne Brut Nicolas Feuillatte Grande Réserve 75cl","p":22.35,"pp":20.11,"u":"26,81 €/L","img":"https://fd13-photos.leclercdrive.fr/image.ashx?id=2733184&use=l&cat=p&typeid=i","cat":284542},{"id":26648,"n":"Couscous Grain Moyen Regia - 500G","p":1.25,"u":"2,50 €/KG","img":"https://fd13-photos.leclercdrive.fr/image.ashx?id=2870206&use=l&cat=p&typeid=i","cat":284429},{"id":26649,"n":"Cacahuètes Benenuts-Twinuts Nature Sel - 150g","p":0.92,"u":"6,13 €/KG","img":"https://fd13-photos.leclercdrive.fr/image.ashx?id=2967735&use=l&cat=p&typeid=i","cat":284448},{"id":26651,"n":"Farine de blé Coeur de Blé 1kg","p":1.2,"u":"1,20 €/KG","img":"https://fd13-photos.leclercdrive.fr/image.ashx?id=2642639&use=l&cat=p&typeid=i","cat":284503},{"id":26659,"n":"Fonds d'artichauts Notre Jardin 210g","p":2.75,"u":"13,10 €/KG","img":"https://fd13-photos.leclercdrive.fr/image.ashx?id=2607921&use=l&cat=p&typeid=i","cat":312611},{"id":26663,"n":"Farine de sarrasin Treblec 1kg","p":2.89,"u":"2,89 €/KG","img":"https://fd13-photos.leclercdrive.fr/image.ashx?id=2734843&use=l&cat=p&typeid=i","cat":284503},{"id":26687,"n":"Escargots praliné/lait Jacquot x24 300g","p":4.95,"u":"16,50 €/KG","img":"https://fd13-photos.leclercdrive.fr/image.ashx?id=2303279&use=l&cat=p&typeid=i","cat":327595},{"id":26708,"n":"Cacahuètes Benenuts-Twinuts Bacon Grillé - 150g","p":0.95,"u":"6,33 €/KG","img":"https://fd13-photos.leclercdrive.fr/image.ashx?id=2967738&use=l&cat=p&typeid=i","cat":284448},{"id":26713,"n":"Brownie Brossard Chocolat pépites 285g","p":2.49,"u":"8,74 €/KG","img":"https://fd13-photos.leclercdrive.fr/image.ashx?id=2977492&use=l&cat=p&typeid=i","cat":294776},{"id":26720,"n":"Lentilles Préparées Cassegrain Tendres et Fondantes 130g","p":1.09,"u":"8,38 €/KG","img":"https://fd13-photos.leclercdrive.fr/image.ashx?id=2912992&use=l&cat=p&typeid=i","cat":312609},{"id":26722,"n":"Ratatouille Cuisinée Cassegrain à la Provençale 660g","p":3.6,"u":"5,45 €/KG","img":"https://fd13-photos.leclercdrive.fr/image.ashx?id=2902660&use=l&cat=p&typeid=i","cat":312612},{"id":26725,"n":"Infusion camomille Tiséa 25 sachets - 37,5g","p":0.92,"u":"0,25 €/KG","img":"https://fd13-photos.leclercdrive.fr/image.ashx?id=2441288&use=l&cat=p&typeid=i","cat":293234},{"id":26733,"n":"Dessert végétal au soja Sojasun Nature - 12x100g","p":3.1,"u":"2,58 €/KG","img":"https://fd13-photos.leclercdrive.fr/image.ashx?id=2355665&use=l&cat=p&typeid=i","cat":316071},{"id":26765,"n":"Mayonnaise Rustica A la moutarde de Dijon - 470g","p":1.6,"u":"3,40 €/KG","img":"https://fd13-photos.leclercdrive.fr/image.ashx?id=2954361&use=l&cat=p&typeid=i","cat":298295},{"id":26797,"n":"Compote Douceur du Verger Coupelle pomme fraise - 4x100g","p":1.15,"u":"2,88 €/KG","img":"https://fd13-photos.leclercdrive.fr/image.ashx?id=2663503&use=l&cat=p&typeid=i","cat":284508},{"id":26798,"n":"Biscuits Florentin Châtillon Chocolat noir - 100g","p":2.83,"u":"28,30 €/KG","img":"https://fd13-photos.leclercdrive.fr/image.ashx?id=2277266&use=l&cat=p&typeid=i","cat":284490},{"id":26799,"n":"Biscuits Florentin Châtillon Chocolat au lait - 100g","p":2.97,"u":"29,70 €/KG","img":"https://fd13-photos.leclercdrive.fr/image.ashx?id=2269670&use=l&cat=p&typeid=i","cat":284490},{"id":26800,"n":"Le Pâté Hénaff Filets et jambons - 1kg","p":13.03,"u":"13,03 €/KG","img":"https://fd13-photos.leclercdrive.fr/image.ashx?id=3004375&use=l&cat=p&typeid=i","cat":305149},{"id":26801,"n":"Langue de boeuf Hénaff Sauce Madère 410g","p":5.11,"u":"12,46 €/KG","img":"https://fd13-photos.leclercdrive.fr/image.ashx?id=2334359&use=l&cat=p&typeid=i","cat":284441},{"id":26805,"n":"Crêpes dentelle Gavottes Nature étui 125g","p":1.77,"u":"14,16 €/KG","img":"https://fd13-photos.leclercdrive.fr/image.ashx?id=2664473&use=l&cat=p&typeid=i","cat":284487},{"id":26808,"n":"Thon blanc entier Connétable Naturel Label Rouge - 120g","p":3.03,"u":"25,25 €/KG","img":"https://fd13-photos.leclercdrive.fr/image.ashx?id=2901935&use=l&cat=p&typeid=i","cat":303867},{"id":26809,"n":"AOP Chevergny blanc L'Excellence - 75cl","p":5.5,"u":"7,33 €/L","img":"https://fd13-photos.leclercdrive.fr/image.ashx?id=969477&use=l&cat=p&typeid=i","cat":289557},{"id":26813,"n":"Vin mousseux Opéra Supérieur demi-sec 11%vol 75cl","p":3.06,"u":"4,08 €/L","img":"https://fd13-photos.leclercdrive.fr/image.ashx?id=2911378&use=l&cat=p&typeid=i","cat":284544},{"id":26814,"n":"Bière blonde Coreff 4.2%vol. - 20x25cl","p":16.45,"u":"3,29 €/L","img":"https://fd13-photos.leclercdrive.fr/image.ashx?id=2022210&use=l&cat=p&typeid=i","cat":334872},{"id":26818,"n":"Boisson base vin rosée Very Pamp Pamplemousse - 75cl","p":3.3,"u":"4,40 €/L","img":"https://fd13-photos.leclercdrive.fr/image.ashx?id=2446629&use=l&cat=p&typeid=i","cat":304569},{"id":26819,"n":"Boisson aromatisée Vin rosé Pamplemousse 7.5%,vol BIB 3L","p":9.49,"u":"3,16 €/L","img":"https://fd13-photos.leclercdrive.fr/image.ashx?id=2470024&use=l&cat=p&typeid=i","cat":304569},{"id":26820,"n":"IGP Pays d'Oc rouge Roche Mazet Merlot - BIB 3L","p":9.73,"u":"3,24 €/L","img":"https://fd13-photos.leclercdrive.fr/image.ashx?id=2597387&use=l&cat=p&typeid=i","cat":289560},{"id":26824,"n":"Beurre Moulé Paysan Breton Sel de guérande - 80% MG - 500g","p":5.66,"u":"11,32 €/KG","img":"https://fd13-photos.leclercdrive.fr/image.ashx?id=2960783&use=l&cat=p&typeid=i","cat":284379},{"id":26840,"n":"Spray Détachant Vanish  Avant-lavage - 750ml","p":4.54,"u":"6,05 €/L","img":"https://fd13-photos.leclercdrive.fr/image.ashx?id=2963913&use=l&cat=p&typeid=i","cat":284651},{"id":26877,"n":"Crackers Mini pizza Tokapi 85g","p":0.69,"u":"8,12 €/KG","img":"https://fd13-photos.leclercdrive.fr/image.ashx?id=2351232&use=l&cat=p&typeid=i","cat":297000},{"id":26926,"n":"Couches bébé Mots d'Enfants -T3 Ultra confort - 4/9kg - x162","p":19.7,"u":"0,12 €/P","img":"https://fd13-photos.leclercdrive.fr/image.ashx?id=2573987&use=l&cat=p&typeid=i","cat":284737},{"id":26945,"n":"Bâtonnets Trium Noix de coco x4 - 292g","p":4.3,"u":"14,73 €/KG","img":"https://fd13-photos.leclercdrive.fr/image.ashx?id=2767501&use=l&cat=p&typeid=i","cat":284265},{"id":26988,"n":"Courgette Eco+ 1kg","p":2.36,"u":"2,36 €/KG","img":"https://fd13-photos.leclercdrive.fr/image.ashx?id=2625692&use=l&cat=p&typeid=i","cat":284352},{"id":26998,"n":"Sachet repas chats Gourmet Les filettines en sauce -12x85g","p":5.18,"u":"5,08 €/KG","img":"https://fd13-photos.leclercdrive.fr/image.ashx?id=2902277&use=l&cat=p&typeid=i","cat":285286},{"id":27069,"n":"Sorbet Oasis Multifruits x10 - 400g","p":2.48,"u":"6,20 €/KG","img":"https://fd13-photos.leclercdrive.fr/image.ashx?id=2831924&use=l&cat=p&typeid=i","cat":285250},{"id":27070,"n":"Bâtonnets Oasis Tropical x10 - 400g","p":2.48,"u":"6,20 €/KG","img":"https://fd13-photos.leclercdrive.fr/image.ashx?id=2877829&use=l&cat=p&typeid=i","cat":285250},{"id":27086,"n":"Crème légère fluide UHT Bio Bio Village 15%mg - 3x20cl","p":3.65,"u":"6,08 €/L","img":"https://fd13-photos.leclercdrive.fr/image.ashx?id=2694434&use=l&cat=p&typeid=i","cat":284381},{"id":27087,"n":"Crème entière fluide UHT Bio Bio Village 30% MG - 3x20cl","p":3.96,"u":"6,60 €/L","img":"https://fd13-photos.leclercdrive.fr/image.ashx?id=2496899&use=l&cat=p&typeid=i","cat":284381},{"id":27093,"n":"Compote Douceur du Verger Coupelle pomme abricot - 4x100g","p":1.19,"u":"2,98 €/KG","img":"https://fd13-photos.leclercdrive.fr/image.ashx?id=2663497&use=l&cat=p&typeid=i","cat":284508},{"id":27096,"n":"Mayonnaise allégée Rustica 450g","p":1.14,"u":"2,53 €/KG","img":"https://fd13-photos.leclercdrive.fr/image.ashx?id=1948556&use=l&cat=p&typeid=i","cat":298295},{"id":27098,"n":"Café moulu Plantation Brésil - 250g","p":3.71,"u":"14,84 €/KG","img":"https://fd13-photos.leclercdrive.fr/image.ashx?id=2607512&use=l&cat=p&typeid=i","cat":284750},{"id":27106,"n":"Couches bébé Mots d'Enfants Mini - T2 : 3/6kg - x35 changes","p":5.19,"u":"0,15 €/P","img":"https://fd13-photos.leclercdrive.fr/image.ashx?id=2904568&use=l&cat=p&typeid=i","cat":284737},{"id":27114,"n":"Lait céréales Blédidej 12 mois Chocolat - 4x250ml","p":3.63,"u":"3,63 €/L","img":"https://fd13-photos.leclercdrive.fr/image.ashx?id=2921058&use=l&cat=p&typeid=i","cat":312226},{"id":27121,"n":"Papillotes Préparation Maggi Poulet herbes de Provence - 34g","p":0.71,"u":"20,88 €/KG","img":"https://fd13-photos.leclercdrive.fr/image.ashx?id=2614284&use=l&cat=p&typeid=i","cat":288380},{"id":27123,"n":"Petit sucre Beghin Say Morceaux boite - 1kg","p":2.48,"u":"2,48 €/KG","img":"https://fd13-photos.leclercdrive.fr/image.ashx?id=2855100&use=l&cat=p&typeid=i","cat":284502},{"id":27126,"n":"Sucre Beghin Say Saveur vergeoise brune - 500g","p":1.85,"u":"3,70 €/KG","img":"https://fd13-photos.leclercdrive.fr/image.ashx?id=2860178&use=l&cat=p&typeid=i","cat":284502},{"id":27129,"n":"Papillotes Préparation Maggi Poulet ail et oignons - 36g","p":0.69,"u":"19,17 €/KG","img":"https://fd13-photos.leclercdrive.fr/image.ashx?id=2965295&use=l&cat=p&typeid=i","cat":288380},{"id":27137,"n":"Friandises Picnic Fido Festival 3 variétés  x15  -126g","p":1.49,"u":"11,83 €/KG","img":"https://fd13-photos.leclercdrive.fr/image.ashx?id=2382595&use=l&cat=p&typeid=i","cat":294527},{"id":27149,"n":"Bonbons Croibleu Sève de pin - 250g","p":2.1,"u":"8,40 €/KG","img":"https://fd13-photos.leclercdrive.fr/image.ashx?id=1640045&use=l&cat=p&typeid=i","cat":304252},{"id":27172,"n":"Boisson lactée allégé Candy'UP Chocolat - 6x20cl","p":2.72,"u":"2,27 €/L","img":"https://fd13-photos.leclercdrive.fr/image.ashx?id=2492148&use=l&cat=p&typeid=i","cat":295246},{"id":27174,"n":"Bière blonde Tripel Karmeliet 8,4% - 75cl","p":4.64,"u":"6,19 €/L","img":"https://fd13-photos.leclercdrive.fr/image.ashx?id=2861180&use=l&cat=p&typeid=i","cat":334872},{"id":27178,"n":"Friandises Fun Tastix Fido Jambon fromage - 150g","p":1.5,"u":"10,00 €/KG","img":"https://fd13-photos.leclercdrive.fr/image.ashx?id=2681212&use=l&cat=p&typeid=i","cat":294527},{"id":27186,"n":"Bière blonde Leffe Triple 8,5% - 75cl","p":2.89,"u":"3,85 €/L","img":"https://fd13-photos.leclercdrive.fr/image.ashx?id=1890049&use=l&cat=p&typeid=i","cat":334852},{"id":27189,"n":"Cornichons Kühne Spécial Sandwich - 185g","p":1.84,"u":"9,95 €/KG","img":"https://fd13-photos.leclercdrive.fr/image.ashx?id=2058418&use=l&cat=p&typeid=i","cat":284458},{"id":27217,"n":"Terrine de Bretagne Jean Floc'h Verrine - 170g","p":1.79,"u":"10,53 €/KG","img":"https://fd13-photos.leclercdrive.fr/image.ashx?id=1895749&use=l&cat=p&typeid=i","cat":305149},{"id":27228,"n":"Couches bébé Mots d'Enfants Ecologique - T3 : 4/9kg - x36","p":8.99,"u":"0,25 €/P","img":"https://fd13-photos.leclercdrive.fr/image.ashx?id=2234851&use=l&cat=p&typeid=i","cat":284737},{"id":27229,"n":"Couches bébé Mots d'Enfants Ecologique - T4 : 7/18kg - x32","p":8.99,"u":"0,28 €/P","img":"https://fd13-photos.leclercdrive.fr/image.ashx?id=2904562&use=l&cat=p&typeid=i","cat":284737},{"id":27230,"n":"Couches bébé Mots d'Enfants Ecologique - T5 : 11/25kg - x28","p":9.29,"u":"0,33 €/P","img":"https://fd13-photos.leclercdrive.fr/image.ashx?id=2487153&use=l&cat=p&typeid=i","cat":284737},{"id":27260,"n":"Profiteroles La Laitière Chocolat - 4x90g","p":3.0,"u":"8,33 €/KG","img":"https://fd13-photos.leclercdrive.fr/image.ashx?id=3007981&use=l&cat=p&typeid=i","cat":284419},{"id":27359,"n":"Macaroni et croquettes 4Pat Boeuf - 4kg","p":9.18,"u":"2,30 €/KG","img":"https://fd13-photos.leclercdrive.fr/image.ashx?id=2877838&use=l&cat=p&typeid=i","cat":284672},{"id":27367,"n":"Vin d'Union Européenne blanc François D'Aubigné - 75 cl","p":1.49,"u":"1,99 €/L","img":"https://fd13-photos.leclercdrive.fr/image.ashx?id=2721565&use=l&cat=p&typeid=i","cat":289557},{"id":27372,"n":"Adoucissant Hyperdou Douceur pêche - 3x250ml","p":1.24,"u":"1,65 €/L","img":"https://fd13-photos.leclercdrive.fr/image.ashx?id=2657208&use=l&cat=p&typeid=i","cat":284650},{"id":27434,"n":"Coupelles Pêches DDV Sirop léger - 4x70 g","p":2.49,"u":"8,89 €/KG","img":"https://fd13-photos.leclercdrive.fr/image.ashx?id=2100784&use=l&cat=p&typeid=i","cat":284507},{"id":27454,"n":"Maïs Notre Jardin Croquant - 3x140g","p":1.83,"u":"4,36 €/KG","img":"https://fd13-photos.leclercdrive.fr/image.ashx?id=2052802&use=l&cat=p&typeid=i","cat":312611},{"id":27523,"n":"Colin d'Alaska Pêche Océan À la parisienne - MSC - 400g","p":2.9,"u":"7,25 €/KG","img":"https://fd13-photos.leclercdrive.fr/image.ashx?id=2930120&use=l&cat=p&typeid=i","cat":319786},{"id":27524,"n":"Colin d'Alaska Côté Table A la provençale - MSC - 400g","p":2.83,"u":"7,08 €/KG","img":"https://fd13-photos.leclercdrive.fr/image.ashx?id=2930123&use=l&cat=p&typeid=i","cat":319786},{"id":27531,"n":"Assortiment exotique Tables du Monde 470g","p":4.79,"u":"10,19 €/KG","img":"https://fd13-photos.leclercdrive.fr/image.ashx?id=2657954&use=l&cat=p&typeid=i","cat":333673},{"id":27563,"n":"Blocs WC 3en1 Syphon Javel + Eau bleue - x2","p":1.5,"u":"0,75 €/P","img":"https://fd13-photos.leclercdrive.fr/image.ashx?id=2637643&use=l&cat=p&typeid=i","cat":284662},{"id":27564,"n":"Blé précuit Comptoir du Grain Sachet cuisson - x4 - 500g","p":1.58,"u":"3,16 €/KG","img":"https://fd13-photos.leclercdrive.fr/image.ashx?id=2515494&use=l&cat=p&typeid=i","cat":284429},{"id":27567,"n":"Ruban adhésif double face Siléa Largeur 50mm x 25 mètres","p":7.36,"img":"https://fd13-photos.leclercdrive.fr/image.ashx?id=2162351&use=l&cat=p&typeid=i","cat":300576},{"id":27709,"n":"Dentifrice Dentamyl Soin complet sensitive 75ml","p":0.75,"u":"10,00 €/L","img":"https://fd13-photos.leclercdrive.fr/image.ashx?id=2489119&use=l&cat=p&typeid=i","cat":284612},{"id":27721,"n":"Emmental Les Croisés En tranches - 200g","p":1.94,"u":"9,70 €/KG","img":"https://fd13-photos.leclercdrive.fr/image.ashx?id=2436317&use=l&cat=p&typeid=i","cat":314028},{"id":27798,"n":"Bière ambrée corse Pietra 6° - 75cl","p":3.96,"u":"5,28 €/L","img":"https://fd13-photos.leclercdrive.fr/image.ashx?id=2992921&use=l&cat=p&typeid=i","cat":334872},{"id":27834,"n":"Pizza Crousti-moelleuse Marie 4 fromages - 510g","p":3.84,"u":"7,53 €/KG","img":"https://fd13-photos.leclercdrive.fr/image.ashx?id=2996749&use=l&cat=p&typeid=i","cat":284256},{"id":27836,"n":"Pizza Crousti-moelleuse Marie Poulet kebab - 530g","p":3.99,"u":"7,53 €/KG","img":"https://fd13-photos.leclercdrive.fr/image.ashx?id=2996752&use=l&cat=p&typeid=i","cat":284256},{"id":27858,"n":"IGP Ile de Beauté rosé Cinsault Terrazza Isula Sciaccarellu75cl","p":5.9,"u":"7,87 €/L","img":"https://fd13-photos.leclercdrive.fr/image.ashx?id=2657778&use=l&cat=p&typeid=i","cat":289558},{"id":27941,"n":"Cotons Duo Démaquillants Inell Disques x110","p":0.96,"img":"https://fd13-photos.leclercdrive.fr/image.ashx?id=1709588&use=l&cat=p&typeid=i","cat":285593},{"id":27961,"n":"Poulet basquaise Marie Riz à la tomate - 900g","p":4.5,"u":"5,00 €/KG","img":"https://fd13-photos.leclercdrive.fr/image.ashx?id=2996779&use=l&cat=p&typeid=i","cat":284254},{"id":27977,"n":"Eau minérale naturelle Vittel 6x50cl","p":2.31,"u":"0,77 €/L","img":"https://fd13-photos.leclercdrive.fr/image.ashx?id=2999850&use=l&cat=p&typeid=i","cat":284535},{"id":28021,"n":"Dentifrice enfant Dentamyl Gel fraise - 75ml","p":1.25,"u":"16,67 €/L","img":"https://fd13-photos.leclercdrive.fr/image.ashx?id=2613831&use=l&cat=p&typeid=i","cat":288898},{"id":28023,"n":"Duo céréales Comptoir du Grain  Quinoa et Boulgour - 400g","p":2.06,"u":"5,15 €/KG","img":"https://fd13-photos.leclercdrive.fr/image.ashx?id=3012830&use=l&cat=p&typeid=i","cat":284429},{"id":28076,"n":"AOP Madiran rouge Terroirs de Tilhet - 75cl","p":5.25,"pp":3.46,"u":"4,61 €/L","img":"https://fd13-photos.leclercdrive.fr/image.ashx?id=2996830&use=l&cat=p&typeid=i","cat":289556},{"id":28078,"n":"Coton bébé Mots d'Enfants Duo maxi carrés - x80","p":1.79,"u":"0,02 €/P","img":"https://fd13-photos.leclercdrive.fr/image.ashx?id=1947722&use=l&cat=p&typeid=i","cat":284739},{"id":28104,"n":"IGP Pays d'Oc Merlot vin rosé Vieux Carion 12.5% vol -75 cl","p":2.25,"u":"3,00 €/L","img":"https://fd13-photos.leclercdrive.fr/image.ashx?id=2903962&use=l&cat=p&typeid=i","cat":289558},{"id":28203,"n":"Fromage : Le Carré Les Croisés 23%mg - 230g","p":1.92,"u":"8,35 €/KG","img":"https://fd13-photos.leclercdrive.fr/image.ashx?id=2974801&use=l&cat=p&typeid=i","cat":314033},{"id":28209,"n":"Noix de cajou grillées Tokapi Salées - 125g","p":1.49,"u":"11,92 €/KG","img":"https://fd13-photos.leclercdrive.fr/image.ashx?id=2839821&use=l&cat=p&typeid=i","cat":284448},{"id":28211,"n":"Pistaches Tokapi Grillées et salées - 125g","p":1.85,"u":"14,80 €/KG","img":"https://fd13-photos.leclercdrive.fr/image.ashx?id=2795550&use=l&cat=p&typeid=i","cat":284448},{"id":28216,"n":"Café en grains Bio Village Bio 100% arabica - 250g","p":4.35,"u":"17,40 €/KG","img":"https://fd13-photos.leclercdrive.fr/image.ashx?id=1470434&use=l&cat=p&typeid=i","cat":293237},{"id":28217,"n":"Pain d'épices bio Bio Village Miel - Pré-tranché - 300g","p":1.66,"u":"5,53 €/KG","img":"https://fd13-photos.leclercdrive.fr/image.ashx?id=2355419&use=l&cat=p&typeid=i","cat":284493},{"id":28226,"n":"Cotons Duo Démaquillants Inell Duo ovale - Disques x70","p":1.56,"img":"https://fd13-photos.leclercdrive.fr/image.ashx?id=1709940&use=l&cat=p&typeid=i","cat":285593},{"id":28227,"n":"Tablette bio Bio Village Chocolat au lait - 100g","p":1.76,"u":"17,60 €/KG","img":"https://fd13-photos.leclercdrive.fr/image.ashx?id=2791057&use=l&cat=p&typeid=i","cat":284497},{"id":28228,"n":"Chocolat Pâtissier Bio Village Bio - Noir  52% cacao - 200g","p":2.75,"u":"13,75 €/KG","img":"https://fd13-photos.leclercdrive.fr/image.ashx?id=2802305&use=l&cat=p&typeid=i","cat":285562},{"id":28229,"n":"Gaufres au miel bio Bio Village 175g","p":1.79,"u":"10,23 €/KG","img":"https://fd13-photos.leclercdrive.fr/image.ashx?id=2652743&use=l&cat=p&typeid=i","cat":294777},{"id":28241,"n":"Savon mains en crème Manava Lait et miel - 300ml","p":1.05,"u":"3,50 €/L","img":"https://fd13-photos.leclercdrive.fr/image.ashx?id=2935486&use=l&cat=p&typeid=i","cat":284597},{"id":28269,"n":"Sacs congélation Eco+ Moyen modèle - x75","p":1.71,"u":"0,02 €/P","img":"https://fd13-photos.leclercdrive.fr/image.ashx?id=2558748&use=l&cat=p&typeid=i","cat":334134},{"id":28279,"n":"Oranges Eco+ Filet 2kg","p":3.79,"u":"1,90 €/KG","img":"https://fd13-photos.leclercdrive.fr/image.ashx?id=636249&use=l&cat=p&typeid=i","cat":284356},{"id":28281,"n":"Flan entremets Tablier Blanc Chocolat x4 232g","p":1.57,"u":"6,77 €/KG","img":"https://fd13-photos.leclercdrive.fr/image.ashx?id=2487461&use=l&cat=p&typeid=i","cat":284505},{"id":28308,"n":"Paëlla Royale Côté Table Poulet, moule et chorizo 940g","p":3.69,"u":"3,93 €/KG","img":"https://fd13-photos.leclercdrive.fr/image.ashx?id=2977873&use=l&cat=p&typeid=i","cat":325094},{"id":28311,"n":"Liqueur Grand Marnier Orange & Cognac - 40%vol - 70cl","p":21.95,"u":"31,36 €/L","img":"https://fd13-photos.leclercdrive.fr/image.ashx?id=3007909&use=l&cat=p&typeid=i","cat":286032},{"id":28368,"n":"Tablette de chocolat Equador Noir fleur de sel 100g","p":1.39,"u":"13,90 €/KG","img":"https://fd13-photos.leclercdrive.fr/image.ashx?id=2660565&use=l&cat=p&typeid=i","cat":284956},{"id":28415,"n":"Colin d'Alaska Pêche Océan À la moutarde - MSC - 400g","p":3.08,"u":"7,70 €/KG","img":"https://fd13-photos.leclercdrive.fr/image.ashx?id=2930117&use=l&cat=p&typeid=i","cat":319786},{"id":28419,"n":"Lingettes anti-transfert Texil Tous textiles x25","p":2.32,"u":"0,09 €/P","img":"https://fd13-photos.leclercdrive.fr/image.ashx?id=2964571&use=l&cat=p&typeid=i","cat":290450},{"id":28423,"n":"Choucroute d'Alsace NRT 370g","p":2.99,"u":"8,08 €/KG","img":"https://fd13-photos.leclercdrive.fr/image.ashx?id=2723246&use=l&cat=p&typeid=i","cat":333665},{"id":28432,"n":"Jus d'ananas Eco + Brique 1L","p":1.57,"u":"1,57 €/L","img":"https://fd13-photos.leclercdrive.fr/image.ashx?id=2802263&use=l&cat=p&typeid=i","cat":284916},{"id":28516,"n":"Chocolat Noir Lindt Excellence  pointe de piment rouge - 100g","p":2.4,"u":"24,00 €/KG","img":"https://fd13-photos.leclercdrive.fr/image.ashx?id=2209200&use=l&cat=p&typeid=i","cat":284956},{"id":28562,"n":"Oranges à déguster Panier du Primeur Filet 2kg","p":3.45,"u":"1,73 €/KG","img":"https://fd13-photos.leclercdrive.fr/image.ashx?id=2414567&use=l&cat=p&typeid=i","cat":284356},{"id":28594,"n":"Soupe instantanée Royco  Crème d'asperges - 4x200ml","p":1.44,"u":"1,80 €/L","img":"https://fd13-photos.leclercdrive.fr/image.ashx?id=2650982&use=l&cat=p&typeid=i","cat":293527},{"id":28596,"n":"Soupe instantanée Royco  Crème de volaille - 4x200ml","p":1.72,"u":"2,15 €/L","img":"https://fd13-photos.leclercdrive.fr/image.ashx?id=2376413&use=l&cat=p&typeid=i","cat":293527},{"id":28613,"n":"Nectar multifruits  1L","p":0.98,"u":"0,98 €/L","img":"https://fd13-photos.leclercdrive.fr/image.ashx?id=2869263&use=l&cat=p&typeid=i","cat":284917},{"id":28614,"n":"Pur jus d'orange Eco+ Brique - 1L","p":1.87,"u":"1,87 €/L","img":"https://fd13-photos.leclercdrive.fr/image.ashx?id=2802260&use=l&cat=p&typeid=i","cat":284521},{"id":28713,"n":"Tablettes anti-calcaire Calgon 4 en 1 x17 - 221g","p":4.48,"u":"20,27 €/KG","img":"https://fd13-photos.leclercdrive.fr/image.ashx?id=2953761&use=l&cat=p&typeid=i","cat":284653},{"id":28715,"n":"Gel Toilette Intime Fraîcheur Intima Natural Aloe Vera 200ml","p":3.11,"u":"15,55 €/L","img":"https://fd13-photos.leclercdrive.fr/image.ashx?id=2959862&use=l&cat=p&typeid=i","cat":284627},{"id":28723,"n":"Bonbons Confiséo Caramel enrobés chocolat 280g","p":2.01,"u":"7,18 €/KG","img":"https://fd13-photos.leclercdrive.fr/image.ashx?id=2934688&use=l&cat=p&typeid=i","cat":304250},{"id":28724,"n":"Nettoyant écologique Uni Vert Spécial Vitres - 750ml","p":1.79,"u":"2,39 €/L","img":"https://fd13-photos.leclercdrive.fr/image.ashx?id=2370993&use=l&cat=p&typeid=i","cat":325363},{"id":28725,"n":"Nettoyant écologique Uni Vert Spécial Vitres - 750ml","p":1.47,"u":"1,96 €/L","img":"https://fd13-photos.leclercdrive.fr/image.ashx?id=2372341&use=l&cat=p&typeid=i","cat":325363},{"id":28727,"n":"Tablettes anti-calcaire Calgon  4 en 1 - x48","p":9.23,"u":"14,79 €/KG","img":"https://fd13-photos.leclercdrive.fr/image.ashx?id=2954881&use=l&cat=p&typeid=i","cat":284653},{"id":28730,"n":"Bain moussant Manava Vanille et ambre 500ml","p":2.19,"u":"4,38 €/L","img":"https://fd13-photos.leclercdrive.fr/image.ashx?id=2618326&use=l&cat=p&typeid=i","cat":284594},{"id":28753,"n":"Café Soluble Nescafé Cappuccino Café Viennois - 306g","p":4.45,"u":"14,54 €/KG","img":"https://fd13-photos.leclercdrive.fr/image.ashx?id=2874087&use=l&cat=p&typeid=i","cat":284843},{"id":28803,"n":"After Eight Chocolat Noël Nuit de Londres - 400g","p":6.29,"u":"15,73 €/KG","img":"https://fd13-photos.leclercdrive.fr/image.ashx?id=2918373&use=l&cat=p&typeid=i","cat":327595},{"id":28809,"n":"Pain burger géant Epi d'Or Nature x4 - 330g","p":0.87,"u":"2,64 €/KG","img":"https://fd13-photos.leclercdrive.fr/image.ashx?id=1861089&use=l&cat=p&typeid=i","cat":325067},{"id":28827,"n":"Chili con carne Côté Table Au piment de Cayenne - 820g","p":3.24,"u":"3,95 €/KG","img":"https://fd13-photos.leclercdrive.fr/image.ashx?id=2977156&use=l&cat=p&typeid=i","cat":325094},{"id":28828,"n":"Pâtes fraîches Turini Gnocchi 380g","p":1.09,"u":"2,87 €/KG","img":"https://fd13-photos.leclercdrive.fr/image.ashx?id=2254526&use=l&cat=p&typeid=i","cat":333682},{"id":28831,"n":"Cookies Méga pépites P'tit Déli Choco amandes caramelisées 184g","p":1.51,"u":"8,21 €/KG","img":"https://fd13-photos.leclercdrive.fr/image.ashx?id=2116128&use=l&cat=p&typeid=i","cat":325066},{"id":28832,"n":"Cookies Méga pépites P'tit Déli Chocolat 184g","p":1.51,"u":"8,21 €/KG","img":"https://fd13-photos.leclercdrive.fr/image.ashx?id=2722814&use=l&cat=p&typeid=i","cat":325066},{"id":28848,"n":"Pennes au saumon Marie A la crème - 900g","p":5.77,"u":"6,41 €/KG","img":"https://fd13-photos.leclercdrive.fr/image.ashx?id=2996761&use=l&cat=p&typeid=i","cat":284254},{"id":28856,"n":"Pain burger Epi d'Or Géant complet x4 - 330g","p":0.97,"u":"2,94 €/KG","img":"https://fd13-photos.leclercdrive.fr/image.ashx?id=2042561&use=l&cat=p&typeid=i","cat":325067},{"id":28860,"n":"Pain de mie Epi d'or Complet - Spécial mie - 500g","p":1.47,"u":"2,94 €/KG","img":"https://fd13-photos.leclercdrive.fr/image.ashx?id=2807291&use=l&cat=p&typeid=i","cat":284477},{"id":28861,"n":"Pain de mie Epi d'Or Spécial mie - Nature - 500g","p":1.49,"u":"2,98 €/KG","img":"https://fd13-photos.leclercdrive.fr/image.ashx?id=2807294&use=l&cat=p&typeid=i","cat":284477},{"id":28864,"n":"Cassoulet au confit canard NRT - 300g","p":2.97,"u":"9,90 €/KG","img":"https://fd13-photos.leclercdrive.fr/image.ashx?id=2791926&use=l&cat=p&typeid=i","cat":284953},{"id":28866,"n":"Coq au vin et ses torsades NRT 300g","p":2.65,"u":"8,83 €/KG","img":"https://fd13-photos.leclercdrive.fr/image.ashx?id=2723240&use=l&cat=p&typeid=i","cat":284953},{"id":28869,"n":"Parmentier canard Sud Ouest NRT - 300g","p":2.99,"u":"9,97 €/KG","img":"https://fd13-photos.leclercdrive.fr/image.ashx?id=2723237&use=l&cat=p&typeid=i","cat":284953},{"id":28872,"n":"Saucisses de Toulouse lentilles NRT - 300g","p":2.54,"u":"8,47 €/KG","img":"https://fd13-photos.leclercdrive.fr/image.ashx?id=2723234&use=l&cat=p&typeid=i","cat":284953},{"id":28873,"n":"Thon blanc Bretagne NRT huile d'olive - 160g","p":2.88,"u":"18,00 €/KG","img":"https://fd13-photos.leclercdrive.fr/image.ashx?id=2791099&use=l&cat=p&typeid=i","cat":303867},{"id":28874,"n":"Thon blanc Bretagne NRT Nature - 160g","p":2.69,"u":"16,81 €/KG","img":"https://fd13-photos.leclercdrive.fr/image.ashx?id=2775445&use=l&cat=p&typeid=i","cat":303867},{"id":28913,"n":"IGP Filet de poulet blanc fermier Label rouge x2 - 240g","p":5.95,"u":"24,79 €/KG","img":"https://fd13-photos.leclercdrive.fr/image.ashx?id=1617450&use=l&cat=p&typeid=i","cat":284336},{"id":28914,"n":"IGP Cuisse de poulet blanc fermier Label rouge x2 - 520g","p":5.29,"u":"10,17 €/KG","img":"https://fd13-photos.leclercdrive.fr/image.ashx?id=1618918&use=l&cat=p&typeid=i","cat":284336},{"id":28938,"n":"Velouté bio Bio Village Légumes variés  - 1L","p":2.07,"u":"2,07 €/L","img":"https://fd13-photos.leclercdrive.fr/image.ashx?id=2404154&use=l&cat=p&typeid=i","cat":284462},{"id":28942,"n":"Navet Filet de 1kg","p":1.99,"u":"1,99 €/KG","img":"https://fd13-photos.leclercdrive.fr/image.ashx?id=1632584&use=l&cat=p&typeid=i","cat":284352},{"id":28946,"n":"Pommes Granny Smith  1kg","p":3.29,"u":"3,29 €/KG","img":"https://fd13-photos.leclercdrive.fr/image.ashx?id=1636482&use=l&cat=p&typeid=i","cat":284356},{"id":28966,"n":"Liqueur Malibu Coco 18% vol - 70cl","p":9.54,"u":"13,63 €/L","img":"https://fd13-photos.leclercdrive.fr/image.ashx?id=2993481&use=l&cat=p&typeid=i","cat":284551},{"id":28974,"n":"Saumon fumé MSC Sauvage Ronde des Mers x4T - 120g","p":6.65,"u":"55,42 €/KG","img":"https://fd13-photos.leclercdrive.fr/image.ashx?id=2837692&use=l&cat=p&typeid=i","cat":285188},{"id":28996,"n":"Mayonnaise de Dijon AMORA 235g","p":1.76,"u":"7,49 €/KG","img":"https://fd13-photos.leclercdrive.fr/image.ashx?id=2946649&use=l&cat=p&typeid=i","cat":298295},{"id":28997,"n":"Mayonnaise de Dijon Amora 235g","p":1.52,"u":"6,47 €/KG","img":"https://fd13-photos.leclercdrive.fr/image.ashx?id=2877208&use=l&cat=p&typeid=i","cat":298295},{"id":28999,"n":"Mayonnaise de Dijon Amora Sans conservateur  - 415g","p":2.21,"u":"5,33 €/KG","img":"https://fd13-photos.leclercdrive.fr/image.ashx?id=2964207&use=l&cat=p&typeid=i","cat":298295},{"id":29000,"n":"Mayonnaise de Dijon Amora 710g","p":3.27,"u":"4,61 €/KG","img":"https://fd13-photos.leclercdrive.fr/image.ashx?id=2598672&use=l&cat=p&typeid=i","cat":298295},{"id":29011,"n":"Foie gras canard IGP Landes Nos Régions ont du Talent 200g","p":16.95,"u":"84,75 €/KG","img":"https://fd13-photos.leclercdrive.fr/image.ashx?id=2743873&use=l&cat=p&typeid=i","cat":316008},{"id":29013,"n":"Foie gras canard IGP Périgord Entier NRT - 125g","p":11.36,"u":"90,88 €/KG","img":"https://fd13-photos.leclercdrive.fr/image.ashx?id=2743876&use=l&cat=p&typeid=i","cat":316008},{"id":29014,"n":"Bloc de foie gras de canard Pierre de Chaumeyrac 300g","p":17.99,"u":"59,97 €/KG","img":"https://fd13-photos.leclercdrive.fr/image.ashx?id=2783014&use=l&cat=p&typeid=i","cat":316008},{"id":29015,"n":"Foie gras de canard entier Bocal - 180g","p":11.9,"u":"66,11 €/KG","img":"https://fd13-photos.leclercdrive.fr/image.ashx?id=2801031&use=l&cat=p&typeid=i","cat":316008},{"id":29032,"n":"Chips Bret's Poulet braisé - 125g","p":1.17,"u":"9,36 €/KG","img":"https://fd13-photos.leclercdrive.fr/image.ashx?id=1927788&use=l&cat=p&typeid=i","cat":284447},{"id":29048,"n":"Pralin Tablier Blanc 100g","p":1.75,"u":"17,50 €/KG","img":"https://fd13-photos.leclercdrive.fr/image.ashx?id=2460604&use=l&cat=p&typeid=i","cat":284504},{"id":29052,"n":"Cocktail Old Nick Daiquiri 16%vol - 70cl","p":5.53,"u":"7,90 €/L","img":"https://fd13-photos.leclercdrive.fr/image.ashx?id=2999210&use=l&cat=p&typeid=i","cat":284551},{"id":29053,"n":"Cocktail Old Nick Mojito 16%vol - 70cl","p":5.96,"u":"8,51 €/L","img":"https://fd13-photos.leclercdrive.fr/image.ashx?id=2926200&use=l&cat=p&typeid=i","cat":284551},{"id":29095,"n":"Yaourts brassés Délisse Vanille - 8x125g","p":2.65,"u":"2,65 €/KG","img":"https://fd13-photos.leclercdrive.fr/image.ashx?id=2372338&use=l&cat=p&typeid=i","cat":284410},{"id":29116,"n":"Bonbons sans sucres Confiséo Goût réglisse - 150g","p":2.63,"u":"17,53 €/KG","img":"https://fd13-photos.leclercdrive.fr/image.ashx?id=2934703&use=l&cat=p&typeid=i","cat":304250},{"id":29119,"n":"Potage gourmand Régal Soupe 8 légumes à la crème - 1L","p":1.69,"u":"1,69 €/L","img":"https://fd13-photos.leclercdrive.fr/image.ashx?id=2607521&use=l&cat=p&typeid=i","cat":284462},{"id":29129,"n":"Bonbons acidulés Confiséo Aux fruits - 400g","p":2.65,"u":"6,63 €/KG","img":"https://fd13-photos.leclercdrive.fr/image.ashx?id=2934706&use=l&cat=p&typeid=i","cat":304252},{"id":29133,"n":"Sacs poubelle Haute 50L Elembal Poignées coulissantes - x15","p":1.94,"u":"0,13 €/P","img":"https://fd13-photos.leclercdrive.fr/image.ashx?id=2958726&use=l&cat=p&typeid=i","cat":285168},{"id":29134,"n":"Mousse coiffante Vitanove Effet boucles - 200ml","p":1.48,"u":"7,40 €/L","img":"https://fd13-photos.leclercdrive.fr/image.ashx?id=2490040&use=l&cat=p&typeid=i","cat":284609},{"id":29144,"n":"Roquefort AOP Baragnaudes Fromage de brebis - 150g","p":4.07,"u":"27,13 €/KG","img":"https://fd13-photos.leclercdrive.fr/image.ashx?id=2729692&use=l&cat=p&typeid=i","cat":314032},{"id":29151,"n":"Plaisir au chocolat Lenôtre Macaron et Mousse - 405g","p":7.52,"u":"18,57 €/KG","img":"https://fd13-photos.leclercdrive.fr/image.ashx?id=2807744&use=l&cat=p&typeid=i","cat":284266},{"id":29156,"n":"Saumon au beurre blanc Marie Echalotes confites au vin 400g","p":5.24,"u":"13,10 €/KG","img":"https://fd13-photos.leclercdrive.fr/image.ashx?id=2996806&use=l&cat=p&typeid=i","cat":319786},{"id":29174,"n":"Lait de douche Manava Pêche de vigne - 250ml","p":0.94,"u":"3,76 €/L","img":"https://fd13-photos.leclercdrive.fr/image.ashx?id=2618323&use=l&cat=p&typeid=i","cat":284594},{"id":29187,"n":"Langue de boeuf Larzul Sauce Madère 274g","p":5.25,"u":"19,16 €/KG","img":"https://fd13-photos.leclercdrive.fr/image.ashx?id=2228786&use=l&cat=p&typeid=i","cat":284441},{"id":29269,"n":"Ciboulette Magda 75g","p":1.13,"u":"15,07 €/KG","img":"https://fd13-photos.leclercdrive.fr/image.ashx?id=2484957&use=l&cat=p&typeid=i","cat":319804},{"id":29328,"n":"Pâte de fruits Gayelord Hauser 4 parfums - 125g","p":2.87,"u":"22,96 €/KG","img":"https://fd13-photos.leclercdrive.fr/image.ashx?id=1761918&use=l&cat=p&typeid=i","cat":318652},{"id":29334,"n":"Biscuits miel sésame GERBLE  crousti'son - 4x5 200g","p":1.71,"u":"8,55 €/KG","img":"https://fd13-photos.leclercdrive.fr/image.ashx?id=2662280&use=l&cat=p&typeid=i","cat":318651},{"id":29337,"n":"Biscuit miel châtaigne Gerblé   - 200g","p":2.07,"u":"10,35 €/KG","img":"https://fd13-photos.leclercdrive.fr/image.ashx?id=2664010&use=l&cat=p&typeid=i","cat":318651},{"id":29358,"n":"Pur jus pamplemousse Jafaden Rose - 1L","p":1.91,"u":"1,91 €/L","img":"https://fd13-photos.leclercdrive.fr/image.ashx?id=2869269&use=l&cat=p&typeid=i","cat":284914},{"id":29361,"n":"Sacs poubelle haute 30L Elembal Poignées coulissantes - x25","p":3.23,"u":"0,13 €/P","img":"https://fd13-photos.leclercdrive.fr/image.ashx?id=2958723&use=l&cat=p&typeid=i","cat":285168},{"id":29364,"n":"Boisson base vin rosé Festalie Pamplemousse - 7.5% - 75 cl","p":1.89,"u":"2,52 €/L","img":"https://fd13-photos.leclercdrive.fr/image.ashx?id=1908046&use=l&cat=p&typeid=i","cat":304569},{"id":29365,"n":"Boisson à base de vin rosé  pamplemousse Festalie - BIB 3L","p":6.99,"u":"2,33 €/L","img":"https://fd13-photos.leclercdrive.fr/image.ashx?id=1923571&use=l&cat=p&typeid=i","cat":304569},{"id":29368,"n":"Boisson à base de vin blanc saveur pêche Festalie - 75 cl","p":2.75,"u":"3,67 €/L","img":"https://fd13-photos.leclercdrive.fr/image.ashx?id=2774894&use=l&cat=p&typeid=i","cat":304569},{"id":29370,"n":"AOP Crémant de Loire brut Les Caractères - 75cl","p":4.99,"u":"6,65 €/L","img":"https://fd13-photos.leclercdrive.fr/image.ashx?id=2898844&use=l&cat=p&typeid=i","cat":284545},{"id":29378,"n":"AOP Côtes du Rhône rouge Bio Rives & Terrasses - 3L","p":13.99,"u":"4,66 €/L","img":"https://fd13-photos.leclercdrive.fr/image.ashx?id=2742626&use=l&cat=p&typeid=i","cat":289560},{"id":29389,"n":"AOC Coteaux d'Aix-en-Provence vin rosé Terres Ocrées - BIB 3L","p":15.99,"u":"5,33 €/L","img":"https://fd13-photos.leclercdrive.fr/image.ashx?id=2918460&use=l&cat=p&typeid=i","cat":289560},{"id":29396,"n":"Mousse coiffante Vitanove Effet volume - 200ml","p":1.5,"u":"7,50 €/L","img":"https://fd13-photos.leclercdrive.fr/image.ashx?id=2490037&use=l&cat=p&typeid=i","cat":284609},{"id":29419,"n":"Tortillas chips Tokapi Nature - 150g","p":0.55,"u":"3,67 €/KG","img":"https://fd13-photos.leclercdrive.fr/image.ashx?id=2647955&use=l&cat=p&typeid=i","cat":287899},{"id":29446,"n":"Filet de harengs Pêche Océan MSC - Aromates - 200g","p":2.5,"u":"12,50 €/KG","img":"https://fd13-photos.leclercdrive.fr/image.ashx?id=2863033&use=l&cat=p&typeid=i","cat":285190},{"id":29493,"n":"Tomato Ketchup Bio Heinz - 580g","p":2.44,"u":"4,21 €/KG","img":"https://fd13-photos.leclercdrive.fr/image.ashx?id=2927726&use=l&cat=p&typeid=i","cat":284455},{"id":29535,"n":"Croûtons Epi d'Or Ail - 2x90g","p":1.19,"u":"6,61 €/KG","img":"https://fd13-photos.leclercdrive.fr/image.ashx?id=2606049&use=l&cat=p&typeid=i","cat":284464},{"id":29570,"n":"Saucisson Petit Justin Bridou  Bâton de Berger Nature - 160g","p":3.27,"u":"20,44 €/KG","img":"https://fd13-photos.leclercdrive.fr/image.ashx?id=2894893&use=l&cat=p&typeid=i","cat":316006},{"id":29701,"n":"Bonbons Confiséo Menthe fraîcheur - 360g","p":1.87,"u":"5,19 €/KG","img":"https://fd13-photos.leclercdrive.fr/image.ashx?id=2934682&use=l&cat=p&typeid=i","cat":304252},{"id":29718,"n":"La Belle Escalope de Dinde  Le Gaulois x2 - 240g","p":4.5,"u":"18,75 €/KG","img":"https://fd13-photos.leclercdrive.fr/image.ashx?id=2259646&use=l&cat=p&typeid=i","cat":284337},{"id":29724,"n":"Escalope de dinde Le Gaulois Milanaise x2 - 240g","p":4.36,"u":"18,17 €/KG","img":"https://fd13-photos.leclercdrive.fr/image.ashx?id=2259652&use=l&cat=p&typeid=i","cat":284337},{"id":29729,"n":"Escalope de dinde Le Gaulois Extra tendre x2 - 250g","p":4.53,"u":"18,12 €/KG","img":"https://fd13-photos.leclercdrive.fr/image.ashx?id=2259649&use=l&cat=p&typeid=i","cat":284337},{"id":29759,"n":"Bière Hoegaarden rosée 3% - 6x25cl","p":4.24,"u":"2,83 €/L","img":"https://fd13-photos.leclercdrive.fr/image.ashx?id=1562515&use=l&cat=p&typeid=i","cat":334878},{"id":29761,"n":"Taboulé Pierre Martinet Au poulet 500g","p":2.34,"u":"4,68 €/KG","img":"https://fd13-photos.leclercdrive.fr/image.ashx?id=2990526&use=l&cat=p&typeid=i","cat":333657},{"id":29765,"n":"Eau gazeuse aromatisée Badoit citron sans sucres - 1l","p":0.87,"u":"0,87 €/L","img":"https://fd13-photos.leclercdrive.fr/image.ashx?id=2730634&use=l&cat=p&typeid=i","cat":284537},{"id":29767,"n":"Eau gazeuse aromatisée Badoit citron vert sans sucres- 1L","p":0.79,"u":"0,79 €/L","img":"https://fd13-photos.leclercdrive.fr/image.ashx?id=3011044&use=l&cat=p&typeid=i","cat":284537},{"id":29768,"n":"Bière blonde 1664 5,5° - 50cl canette","p":1.17,"u":"2,34 €/L","img":"https://fd13-photos.leclercdrive.fr/image.ashx?id=2887563&use=l&cat=p&typeid=i","cat":334853},{"id":29787,"n":"Champignons Menu Fraîcheur A la grecque - 300g","p":2.45,"u":"8,17 €/KG","img":"https://fd13-photos.leclercdrive.fr/image.ashx?id=2645915&use=l&cat=p&typeid=i","cat":333657},{"id":29794,"n":"Triangolo Fromage enfants vache Les Croisés 24 portions - 400g","p":2.67,"u":"6,68 €/KG","img":"https://fd13-photos.leclercdrive.fr/image.ashx?id=2791779&use=l&cat=p&typeid=i","cat":314030},{"id":29795,"n":"Fromage à tartiner Les Croisés Ail et fines herbes 24%mg 250g","p":2.09,"u":"8,36 €/KG","img":"https://fd13-photos.leclercdrive.fr/image.ashx?id=2476143&use=l&cat=p&typeid=i","cat":314029},{"id":29799,"n":"Galettes jambon emmental NRT x2 - 300g","p":3.78,"u":"12,60 €/KG","img":"https://fd13-photos.leclercdrive.fr/image.ashx?id=2743882&use=l&cat=p&typeid=i","cat":333672},{"id":29802,"n":"Kit Pâte à pizza Tablier Blanc 600g","p":2.59,"u":"4,32 €/KG","img":"https://fd13-photos.leclercdrive.fr/image.ashx?id=1731167&use=l&cat=p&typeid=i","cat":333681},{"id":29803,"n":"Jambon de Vendée IGP NRT X4 - 120g","p":3.92,"u":"32,67 €/KG","img":"https://fd13-photos.leclercdrive.fr/image.ashx?id=2670446&use=l&cat=p&typeid=i","cat":316007},{"id":29811,"n":"Museau de boeuf Menu Fraîcheur A la lyonnaise - 300g","p":1.99,"u":"6,63 €/KG","img":"https://fd13-photos.leclercdrive.fr/image.ashx?id=2816570&use=l&cat=p&typeid=i","cat":333657},{"id":29816,"n":"Bicarbonate alimentaire La Baleine - 800g","p":2.25,"u":"2,81 €/KG","img":"https://fd13-photos.leclercdrive.fr/image.ashx?id=2468335&use=l&cat=p&typeid=i","cat":284457},{"id":29824,"n":"Liqueur Lagoa Goût coco 17%vol - 70cl","p":8.79,"u":"12,56 €/L","img":"https://fd13-photos.leclercdrive.fr/image.ashx?id=2958329&use=l&cat=p&typeid=i","cat":284551},{"id":29840,"n":"Bouillon cubes herbes Knorr Huile d'olive Puget x15 -150g","p":1.19,"u":"7,93 €/KG","img":"https://fd13-photos.leclercdrive.fr/image.ashx?id=2890601&use=l&cat=p&typeid=i","cat":288379},{"id":29841,"n":"Bouillon de Poule KNORR 15 Tablettes - 150g","p":1.19,"u":"7,93 €/KG","img":"https://fd13-photos.leclercdrive.fr/image.ashx?id=2906043&use=l&cat=p&typeid=i","cat":288379},{"id":29845,"n":"Moulin saveur Ducros Assaisonnement steak - 35g","p":2.68,"u":"76,57 €/KG","img":"https://fd13-photos.leclercdrive.fr/image.ashx?id=2559448&use=l&cat=p&typeid=i","cat":298297},{"id":29854,"n":"Beurre de Bretagne Les Croisés Doux - 82% MG - 250g","p":2.61,"u":"10,44 €/KG","img":"https://fd13-photos.leclercdrive.fr/image.ashx?id=2943641&use=l&cat=p&typeid=i","cat":284379},{"id":29855,"n":"Beurre de Bretagne Les Croisés Demi-sel - 80% MG - 250g","p":2.61,"u":"10,44 €/KG","img":"https://fd13-photos.leclercdrive.fr/image.ashx?id=2943644&use=l&cat=p&typeid=i","cat":284379},{"id":29861,"n":"Boisson lactée Délisse Fraise - 6x20cl","p":2.22,"u":"1,85 €/L","img":"https://fd13-photos.leclercdrive.fr/image.ashx?id=2174693&use=l&cat=p&typeid=i","cat":295246},{"id":29864,"n":"Crème fraîche entière Délisse Fleurette - 30% MG - 40cl","p":1.72,"u":"4,30 €/L","img":"https://fd13-photos.leclercdrive.fr/image.ashx?id=3002575&use=l&cat=p&typeid=i","cat":284381},{"id":29865,"n":"Crème fraîche légère Délisse Fleurette - 12% MG - 40cl","p":1.62,"u":"4,05 €/L","img":"https://fd13-photos.leclercdrive.fr/image.ashx?id=3002578&use=l&cat=p&typeid=i","cat":284381},{"id":29866,"n":"Crème légère fluide UHT Délisse Brique 12%mg - 1L","p":3.39,"u":"3,39 €/L","img":"https://fd13-photos.leclercdrive.fr/image.ashx?id=3002584&use=l&cat=p&typeid=i","cat":284381},{"id":29869,"n":"Crème anglaise Délisse 1L","p":2.49,"u":"2,49 €/L","img":"https://fd13-photos.leclercdrive.fr/image.ashx?id=3002596&use=l&cat=p&typeid=i","cat":284382},{"id":29870,"n":"Crème d'Isigny AOP NRT 40%MG - 20cl","p":1.79,"u":"8,95 €/L","img":"https://fd13-photos.leclercdrive.fr/image.ashx?id=1198027&use=l&cat=p&typeid=i","cat":284381},{"id":29872,"n":"Crème semi-épaisse légère UHT Délisse 18%mg - 2x25cl","p":2.34,"u":"4,68 €/L","img":"https://fd13-photos.leclercdrive.fr/image.ashx?id=3002593&use=l&cat=p&typeid=i","cat":284381},{"id":29897,"n":"Liqueur pomme verte Manzella 17%vol. - 70cl","p":6.5,"u":"9,29 €/L","img":"https://fd13-photos.leclercdrive.fr/image.ashx?id=2715997&use=l&cat=p&typeid=i","cat":286032},{"id":29913,"n":"Bière belge Rince Cochon Fruits rouges - 7.5%vol. - 33cl","p":2.26,"u":"6,85 €/L","img":"https://fd13-photos.leclercdrive.fr/image.ashx?id=2694698&use=l&cat=p&typeid=i","cat":334872},{"id":29927,"n":"Bière belge Rince Cochon Blonde - 8.5%vol. - 75cl","p":3.49,"u":"4,65 €/L","img":"https://fd13-photos.leclercdrive.fr/image.ashx?id=1741463&use=l&cat=p&typeid=i","cat":334872},{"id":29961,"n":"AOC Buzet rouge L'Excellence - 75cl","p":5.2,"u":"6,93 €/L","img":"https://fd13-photos.leclercdrive.fr/image.ashx?id=2831891&use=l&cat=p&typeid=i","cat":289556},{"id":29973,"n":"Lessive Liquide Woolite  Noir et Foncés - 1,5L","p":4.88,"u":"3,25 €/L","img":"https://fd13-photos.leclercdrive.fr/image.ashx?id=2848650&use=l&cat=p&typeid=i","cat":284640},{"id":29979,"n":"Paupiette de veau Marie  Jardinière de légumes - 300g","p":3.53,"u":"11,77 €/KG","img":"https://fd13-photos.leclercdrive.fr/image.ashx?id=2317420&use=l&cat=p&typeid=i","cat":333665},{"id":29982,"n":"Oeufs frais Matines  x20","p":4.61,"u":"0,23 €/P","img":"https://fd13-photos.leclercdrive.fr/image.ashx?id=2796234&use=l&cat=p&typeid=i","cat":284378},{"id":30030,"n":"Cornichons Kühne Aigre doux Petit croquant 185g","p":2.16,"u":"11,68 €/KG","img":"https://fd13-photos.leclercdrive.fr/image.ashx?id=2551039&use=l&cat=p&typeid=i","cat":284458},{"id":30042,"n":"Lait frais demi-écrémé Délisse Bouteille - 1L","p":1.12,"u":"1,12 €/L","img":"https://fd13-photos.leclercdrive.fr/image.ashx?id=2970581&use=l&cat=p&typeid=i","cat":285609},{"id":30043,"n":"Lait frais Délisse Entier Bouteille - 1L","p":1.33,"u":"1,33 €/L","img":"https://fd13-photos.leclercdrive.fr/image.ashx?id=2970584&use=l&cat=p&typeid=i","cat":285609},{"id":30046,"n":"Lait bio Bio Village Bouteille  Demi-écrémé UHT -  50cl","p":0.85,"u":"1,70 €/L","img":"https://fd13-photos.leclercdrive.fr/image.ashx?id=2981906&use=l&cat=p&typeid=i","cat":284377},{"id":30051,"n":"Mini gratins Côté Table Choux fleurs - x4 480g","p":3.4,"u":"7,08 €/KG","img":"https://fd13-photos.leclercdrive.fr/image.ashx?id=2029370&use=l&cat=p&typeid=i","cat":319802},{"id":30053,"n":"Nuggets de poulet Pic'Express x18 400g","p":4.15,"u":"10,38 €/KG","img":"https://fd13-photos.leclercdrive.fr/image.ashx?id=2823747&use=l&cat=p&typeid=i","cat":319780},{"id":30059,"n":"Trio de fleurette Notre Jardin 1kg","p":2.43,"u":"2,43 €/KG","img":"https://fd13-photos.leclercdrive.fr/image.ashx?id=2873135&use=l&cat=p&typeid=i","cat":319805},{"id":30069,"n":"Roux minute Maïzena Béchamel - 250g","p":1.92,"u":"7,68 €/KG","img":"https://fd13-photos.leclercdrive.fr/image.ashx?id=2769603&use=l&cat=p&typeid=i","cat":288382},{"id":30089,"n":"Blanc de poulet Tradilège 6 tranches - 180g","p":1.61,"u":"8,94 €/KG","img":"https://fd13-photos.leclercdrive.fr/image.ashx?id=2943677&use=l&cat=p&typeid=i","cat":316010},{"id":30093,"n":"Jambon supérieur Tradilège -25% de sel - Découenné x2-80g","p":1.69,"u":"21,13 €/KG","img":"https://fd13-photos.leclercdrive.fr/image.ashx?id=2153183&use=l&cat=p&typeid=i","cat":316009},{"id":30099,"n":"Duo pâté / mousse Tradilège Canard 2x50g","p":1.1,"u":"11,00 €/KG","img":"https://fd13-photos.leclercdrive.fr/image.ashx?id=2974861&use=l&cat=p&typeid=i","cat":316008},{"id":30105,"n":"Rillettes du Mans Tradilège 110g","p":1.28,"u":"11,64 €/KG","img":"https://fd13-photos.leclercdrive.fr/image.ashx?id=2059435&use=l&cat=p&typeid=i","cat":316008},{"id":30110,"n":"Pommes de terre NRT à la Sarladaise - 600g","p":2.69,"u":"4,48 €/KG","img":"https://fd13-photos.leclercdrive.fr/image.ashx?id=2699816&use=l&cat=p&typeid=i","cat":319823},{"id":30117,"n":"Sacs poubelle 50L Alfapac Coulissant végétal - x10","p":2.86,"img":"https://fd13-photos.leclercdrive.fr/image.ashx?id=2732362&use=l&cat=p&typeid=i","cat":285168},{"id":30124,"n":"Soupe Régal Soupe Tomate et vermicelles - 1L","p":1.8,"u":"1,80 €/L","img":"https://fd13-photos.leclercdrive.fr/image.ashx?id=2607518&use=l&cat=p&typeid=i","cat":284462},{"id":30128,"n":"Céréales Chocapic Nestlé Chocolat - 1kg","p":5.65,"u":"5,65 €/KG","img":"https://fd13-photos.leclercdrive.fr/image.ashx?id=2977729&use=l&cat=p&typeid=i","cat":309513},{"id":30150,"n":"Eau aromatisée Volvic Juicy Agrumes -1,5L","p":1.63,"u":"1,09 €/L","img":"https://fd13-photos.leclercdrive.fr/image.ashx?id=2961987&use=l&cat=p&typeid=i","cat":284537},{"id":30185,"n":"Haché moelleux oignon Férial x10 - 1kg","p":7.5,"u":"7,50 €/KG","img":"https://fd13-photos.leclercdrive.fr/image.ashx?id=2704517&use=l&cat=p&typeid=i","cat":319778},{"id":30186,"n":"Haché moelleux Férial x10 - 1kg","p":9.32,"u":"9,32 €/KG","img":"https://fd13-photos.leclercdrive.fr/image.ashx?id=2966514&use=l&cat=p&typeid=i","cat":319778},{"id":30189,"n":"Tortillas chips Tokapi Chili - 150g","p":1.1,"u":"7,33 €/KG","img":"https://fd13-photos.leclercdrive.fr/image.ashx?id=2647958&use=l&cat=p&typeid=i","cat":287899},{"id":30199,"n":"Mandarines  1kg","p":3.99,"u":"3,99 €/KG","img":"https://fd13-photos.leclercdrive.fr/image.ashx?id=1663796&use=l&cat=p&typeid=i","cat":284356},{"id":30212,"n":"Soufflés l'Original Curly Cacahuète - 100g","p":0.87,"u":"8,70 €/KG","img":"https://fd13-photos.leclercdrive.fr/image.ashx?id=2693635&use=l&cat=p&typeid=i","cat":284449},{"id":30213,"n":"Soufflés l'Original Curly Cacahuète - 2x100g","p":1.74,"u":"8,70 €/KG","img":"https://fd13-photos.leclercdrive.fr/image.ashx?id=2962887&use=l&cat=p&typeid=i","cat":284449},{"id":30256,"n":"Pâte à tartiner Nutella 825g","p":5.77,"u":"6,99 €/KG","img":"https://fd13-photos.leclercdrive.fr/image.ashx?id=2961813&use=l&cat=p&typeid=i","cat":284481},{"id":30272,"n":"IGP Pays d'Oc rouge Merlot Les Ormes de Cambras 12.5% BIB 5L","p":14.93,"u":"2,99 €/L","img":"https://fd13-photos.leclercdrive.fr/image.ashx?id=2443871&use=l&cat=p&typeid=i","cat":289560},{"id":30273,"n":"IGP Pays d'OC rouge Les Ormes De Cambras Sauvignon 12% BIB 5L","p":14.95,"u":"2,99 €/L","img":"https://fd13-photos.leclercdrive.fr/image.ashx?id=2445115&use=l&cat=p&typeid=i","cat":289560},{"id":30349,"n":"Nettoyant écologique Uni Vert Salle de bain - 750ml","p":2.12,"u":"2,83 €/L","img":"https://fd13-photos.leclercdrive.fr/image.ashx?id=2531178&use=l&cat=p&typeid=i","cat":325357},{"id":30350,"n":"Nettoyant écologique Uni Vert Cuisine - 750ml","p":1.99,"u":"2,65 €/L","img":"https://fd13-photos.leclercdrive.fr/image.ashx?id=2531175&use=l&cat=p&typeid=i","cat":325357},{"id":30362,"n":"Fleur de maïs Maïzena 400g","p":1.38,"u":"3,45 €/KG","img":"https://fd13-photos.leclercdrive.fr/image.ashx?id=2312770&use=l&cat=p&typeid=i","cat":288382},{"id":30364,"n":"Bonbons Werther's Original Caramel sachet 175g","p":1.94,"u":"11,09 €/KG","img":"https://fd13-photos.leclercdrive.fr/image.ashx?id=1916700&use=l&cat=p&typeid=i","cat":304252},{"id":30372,"n":"Fleur de Maïs Maïzena Sans Gluten Format Famille 700g","p":2.47,"u":"3,53 €/KG","img":"https://fd13-photos.leclercdrive.fr/image.ashx?id=2773907&use=l&cat=p&typeid=i","cat":288382},{"id":30386,"n":"Crème dessert Mont Blanc Boîte Praliné - 570g","p":2.39,"u":"4,19 €/KG","img":"https://fd13-photos.leclercdrive.fr/image.ashx?id=3011596&use=l&cat=p&typeid=i","cat":284506},{"id":30393,"n":"Mélange Ducros Cuisine à l'italienne - 30g","p":1.91,"u":"63,67 €/KG","img":"https://fd13-photos.leclercdrive.fr/image.ashx?id=2559454&use=l&cat=p&typeid=i","cat":298297},{"id":30394,"n":"Mélange malin Ducros Pour pâtes - 30g","p":1.96,"u":"65,33 €/KG","img":"https://fd13-photos.leclercdrive.fr/image.ashx?id=2559457&use=l&cat=p&typeid=i","cat":298297},{"id":30395,"n":"Piment d'Espelette AOP Ducros - 40g","p":8.38,"u":"209,50 €/KG","img":"https://fd13-photos.leclercdrive.fr/image.ashx?id=2559463&use=l&cat=p&typeid=i","cat":298297},{"id":30407,"n":"Dés de fromage salade Boursin Ail & fines herbes -120g","p":2.25,"u":"18,75 €/KG","img":"https://fd13-photos.leclercdrive.fr/image.ashx?id=2864366&use=l&cat=p&typeid=i","cat":314027},{"id":30410,"n":"Lasagnes bolognaise Marie 300g","p":2.98,"u":"9,93 €/KG","img":"https://fd13-photos.leclercdrive.fr/image.ashx?id=2800339&use=l&cat=p&typeid=i","cat":333665},{"id":30414,"n":"Muscat de Mireval AOC NRT  15%vol - 75cl","p":8.92,"u":"11,89 €/L","img":"https://fd13-photos.leclercdrive.fr/image.ashx?id=1965020&use=l&cat=p&typeid=i","cat":284913},{"id":30415,"n":"IGP Pays d'Oc rouge J-P Chenet Cabernet Syrah 13% vol - BIB 3L","p":10.61,"u":"3,54 €/L","img":"https://fd13-photos.leclercdrive.fr/image.ashx?id=2837451&use=l&cat=p&typeid=i","cat":289560},{"id":30425,"n":"Pain complet 400g","p":1.75,"u":"4,38 €/KG","img":"https://fd13-photos.leclercdrive.fr/image.ashx?id=2062993&use=l&cat=p&typeid=i","cat":284359},{"id":30463,"n":"Bavoir plastique Mots d'Enfants Rose","p":2.5,"img":"https://fd13-photos.leclercdrive.fr/image.ashx?id=2693404&use=l&cat=p&typeid=i","cat":289435},{"id":30477,"n":"Chocolat Pâtissier Nestlé Dessert : Praliné - 170g","p":3.11,"u":"18,29 €/KG","img":"https://fd13-photos.leclercdrive.fr/image.ashx?id=2895637&use=l&cat=p&typeid=i","cat":285562},{"id":30520,"n":"Fromage apéritif BoursinFromage Ail et fines herbes 20 roulés","p":3.26,"u":"32,60 €/KG","img":"https://fd13-photos.leclercdrive.fr/image.ashx?id=2918589&use=l&cat=p&typeid=i","cat":314027},{"id":30563,"n":"Coquillettes Lustucru Aux oeufs frais - 500g","p":1.8,"u":"3,60 €/KG","img":"https://fd13-photos.leclercdrive.fr/image.ashx?id=2799856&use=l&cat=p&typeid=i","cat":284427},{"id":30565,"n":"Torsades Lustucru Aux œufs - 500g","p":1.8,"u":"3,60 €/KG","img":"https://fd13-photos.leclercdrive.fr/image.ashx?id=2278574&use=l&cat=p&typeid=i","cat":284427},{"id":30570,"n":"Sauce Tube Ail Oignons Panzani Panzani - 180G","p":1.15,"u":"6,39 €/KG","img":"https://fd13-photos.leclercdrive.fr/image.ashx?id=3004804&use=l&cat=p&typeid=i","cat":288384},{"id":30573,"n":"Edulcorant sucralose Canderel Briquet x300","p":2.97,"u":"95,81 €/KG","img":"https://fd13-photos.leclercdrive.fr/image.ashx?id=2811014&use=l&cat=p&typeid=i","cat":324846},{"id":30575,"n":"Happy' Box Haribo Boîte bonbons - 600g","p":4.06,"u":"6,77 €/KG","img":"https://fd13-photos.leclercdrive.fr/image.ashx?id=2802353&use=l&cat=p&typeid=i","cat":304250},{"id":30576,"n":"Zanzigliss Haribo Sachet bonbons réglisse - 300g","p":1.46,"u":"4,87 €/KG","img":"https://fd13-photos.leclercdrive.fr/image.ashx?id=2802347&use=l&cat=p&typeid=i","cat":304250},{"id":30577,"n":"Les Schtroumpfs Pik Haribo Sachet bonbons acidulés - 275g","p":1.55,"u":"5,64 €/KG","img":"https://fd13-photos.leclercdrive.fr/image.ashx?id=2984898&use=l&cat=p&typeid=i","cat":304250},{"id":30578,"n":"Bonbons LUTTI Scoubidou Doux Fruits - 200g","p":1.24,"u":"6,20 €/KG","img":"https://fd13-photos.leclercdrive.fr/image.ashx?id=2817434&use=l&cat=p&typeid=i","cat":304250},{"id":30592,"n":"Fromage blanc Délisse Sucré 3% MG - 8x100g","p":2.29,"u":"2,86 €/KG","img":"https://fd13-photos.leclercdrive.fr/image.ashx?id=3012833&use=l&cat=p&typeid=i","cat":284409},{"id":30598,"n":"Actifidus Délisse Vanille - 4x125g","p":1.25,"u":"2,50 €/KG","img":"https://fd13-photos.leclercdrive.fr/image.ashx?id=2713649&use=l&cat=p&typeid=i","cat":315000},{"id":30600,"n":"Billes Chocolat au Lait KitKat Sachet  - 250g","p":3.73,"u":"14,92 €/KG","img":"https://fd13-photos.leclercdrive.fr/image.ashx?id=2806063&use=l&cat=p&typeid=i","cat":304238},{"id":30603,"n":"Soupe liquide brique Liebig  Chinoise - 1L","p":2.9,"u":"2,90 €/L","img":"https://fd13-photos.leclercdrive.fr/image.ashx?id=2750988&use=l&cat=p&typeid=i","cat":287367},{"id":30607,"n":"Soupe liquide Liebig  Potiron et kiri - Brique 1L","p":2.77,"u":"2,77 €/L","img":"https://fd13-photos.leclercdrive.fr/image.ashx?id=2892130&use=l&cat=p&typeid=i","cat":284462},{"id":30619,"n":"Jambon cru Aoste Quart Tranché  sans conservateur -  x18 - 220g","p":5.24,"u":"23,82 €/KG","img":"https://fd13-photos.leclercdrive.fr/image.ashx?id=2948057&use=l&cat=p&typeid=i","cat":316007},{"id":30640,"n":"Lapin chasseur Côté Table 280g","p":2.2,"u":"7,86 €/KG","img":"https://fd13-photos.leclercdrive.fr/image.ashx?id=2393866&use=l&cat=p&typeid=i","cat":284953},{"id":30645,"n":"Salade Notre Jardin Duo Mâche et Roquette - 125g","p":1.68,"u":"13,44 €/KG","img":"https://fd13-photos.leclercdrive.fr/image.ashx?id=2720172&use=l&cat=p&typeid=i","cat":284353},{"id":30646,"n":"Salade Notre Jardin Feuille de chêne - 125g","p":0.95,"u":"7,60 €/KG","img":"https://fd13-photos.leclercdrive.fr/image.ashx?id=2720175&use=l&cat=p&typeid=i","cat":284353},{"id":30652,"n":"Purée pommes de terre Florette 2x200g","p":2.51,"u":"6,28 €/KG","img":"https://fd13-photos.leclercdrive.fr/image.ashx?id=2767678&use=l&cat=p&typeid=i","cat":333665},{"id":30653,"n":"Purée de carottes Florette 2x200g","p":2.49,"u":"6,23 €/KG","img":"https://fd13-photos.leclercdrive.fr/image.ashx?id=2790003&use=l&cat=p&typeid=i","cat":333665},{"id":30656,"n":"Bandes de cire froide Siliss Maillot aisselles - x16","p":2.19,"u":"0,14 €/P","img":"https://fd13-photos.leclercdrive.fr/image.ashx?id=2699450&use=l&cat=p&typeid=i","cat":325351},{"id":30685,"n":"Liquide vaisselle Palmolive Original  amande - 750ml","p":1.43,"u":"1,91 €/L","img":"https://fd13-photos.leclercdrive.fr/image.ashx?id=2690147&use=l&cat=p&typeid=i","cat":284655},{"id":30697,"n":"Savon d'alep Manava 200g","p":3.99,"u":"19,95 €/KG","img":"https://fd13-photos.leclercdrive.fr/image.ashx?id=1952895&use=l&cat=p&typeid=i","cat":284597},{"id":30715,"n":"Désodorisant Texil Parfumé 500ml","p":2.61,"u":"5,22 €/L","img":"https://fd13-photos.leclercdrive.fr/image.ashx?id=985760&use=l&cat=p&typeid=i","cat":290451},{"id":30724,"n":"BB Crème Hydratante 5en1 Nivea Teinte médium FPS15 - 50ml","p":6.32,"u":"126,40 €/L","img":"https://fd13-photos.leclercdrive.fr/image.ashx?id=2221575&use=l&cat=p&typeid=i","cat":325345},{"id":30729,"n":"Crème Dépilatoire Siliss Maillot aisselles - 100ml","p":1.79,"u":"17,90 €/L","img":"https://fd13-photos.leclercdrive.fr/image.ashx?id=2699687&use=l&cat=p&typeid=i","cat":325351},{"id":30733,"n":"Déboucheur canalisations Syphon 1L","p":1.39,"u":"1,39 €/L","img":"https://fd13-photos.leclercdrive.fr/image.ashx?id=2794193&use=l&cat=p&typeid=i","cat":284908},{"id":30758,"n":"Eau de javel La Croix Précise Désinfectant fraîch - 750ml","p":1.33,"u":"1,77 €/L","img":"https://fd13-photos.leclercdrive.fr/image.ashx?id=2512327&use=l&cat=p&typeid=i","cat":284661},{"id":30768,"n":"Gel douche Manava Pétales d'Orient 100ml","p":0.8,"u":"8,00 €/L","img":"https://fd13-photos.leclercdrive.fr/image.ashx?id=1669982&use=l&cat=p&typeid=i","cat":284594},{"id":30780,"n":"Sacs poubelle 30L Eco+ x20","p":0.58,"u":"0,03 €/P","img":"https://fd13-photos.leclercdrive.fr/image.ashx?id=2801768&use=l&cat=p&typeid=i","cat":285168},{"id":30791,"n":"Mouchoirs blancs 2 plis Eco+ Boîte mouchoirs en papier- x150","p":0.62,"img":"https://fd13-photos.leclercdrive.fr/image.ashx?id=2897751&use=l&cat=p&typeid=i","cat":284638},{"id":30808,"n":"Coton-tiges Eco+ Tige papier x200 bâtonnets","p":0.33,"img":"https://fd13-photos.leclercdrive.fr/image.ashx?id=2940893&use=l&cat=p&typeid=i","cat":284636},{"id":30813,"n":"Crème adhésive Dentamyl Hypoallergénique 50g","p":2.99,"u":"59,80 €/KG","img":"https://fd13-photos.leclercdrive.fr/image.ashx?id=2643378&use=l&cat=p&typeid=i","cat":285158},{"id":30815,"n":"Dissolvant Eco+ 250ml","p":1.33,"u":"5,32 €/L","img":"https://fd13-photos.leclercdrive.fr/image.ashx?id=1873934&use=l&cat=p&typeid=i","cat":325347},{"id":30816,"n":"Film étirable Eco+ 50m","p":0.97,"img":"https://fd13-photos.leclercdrive.fr/image.ashx?id=2751847&use=l&cat=p&typeid=i","cat":334134},{"id":30848,"n":"Vinaigre ménager Onyx 1L","p":1.6,"u":"1,60 €/L","img":"https://fd13-photos.leclercdrive.fr/image.ashx?id=2398553&use=l&cat=p&typeid=i","cat":300576},{"id":30850,"n":"Blanquette veau Côté Table Champignons 285g","p":2.36,"u":"8,28 €/KG","img":"https://fd13-photos.leclercdrive.fr/image.ashx?id=2064822&use=l&cat=p&typeid=i","cat":284953},{"id":30851,"n":"Cuisse Dinde Label Rouge x 1  IGP Volailles du Maine  - 750g","p":6.21,"u":"8,28 €/KG","img":"https://fd13-photos.leclercdrive.fr/image.ashx?id=2250570&use=l&cat=p&typeid=i","cat":284337},{"id":30856,"n":"Emincés de poulet Tradilège Rôti - 2x75g","p":2.13,"u":"14,20 €/KG","img":"https://fd13-photos.leclercdrive.fr/image.ashx?id=2930775&use=l&cat=p&typeid=i","cat":316011},{"id":30863,"n":"Feutres pour ardoise Esquisse A sec - x4","p":1.49,"u":"0,37 €/P","img":"https://fd13-photos.leclercdrive.fr/image.ashx?id=2943190&use=l&cat=p&typeid=i","cat":334133},{"id":30881,"n":"Tortillas Old El Paso de maïs et blé x8 - 335g","p":2.29,"u":"6,84 €/KG","img":"https://fd13-photos.leclercdrive.fr/image.ashx?id=2738794&use=l&cat=p&typeid=i","cat":288993},{"id":30882,"n":"Bloc de fromage Leerdammer L'Original - 250g","p":3.19,"u":"12,76 €/KG","img":"https://fd13-photos.leclercdrive.fr/image.ashx?id=2146096&use=l&cat=p&typeid=i","cat":314034},{"id":30905,"n":"Coquilles moelleuses x6 Chaque Jour Sans Gluten 180g","p":2.2,"u":"12,22 €/KG","img":"https://fd13-photos.leclercdrive.fr/image.ashx?id=2710792&use=l&cat=p&typeid=i","cat":318654},{"id":30907,"n":"Madeleine aux Oeufs GERBLE  Sans Gluten 200 g","p":3.37,"u":"16,85 €/KG","img":"https://fd13-photos.leclercdrive.fr/image.ashx?id=2662802&use=l&cat=p&typeid=i","cat":318654},{"id":30910,"n":"Pain façon campagnard Chaque Jour Sans Gluten - 400g","p":4.13,"u":"10,33 €/KG","img":"https://fd13-photos.leclercdrive.fr/image.ashx?id=2710795&use=l&cat=p&typeid=i","cat":325069},{"id":30917,"n":"Pâtes Escalope volaille Marie Crème champignons - 900g","p":4.75,"u":"5,28 €/KG","img":"https://fd13-photos.leclercdrive.fr/image.ashx?id=2996794&use=l&cat=p&typeid=i","cat":284254},{"id":30928,"n":"Fumet de poisson Rustica Déshydraté - 90g","p":2.05,"u":"22,78 €/KG","img":"https://fd13-photos.leclercdrive.fr/image.ashx?id=2849578&use=l&cat=p&typeid=i","cat":288379},{"id":30932,"n":"Biscuits déli matin P'tit Déli  Chocolat allégé- 300g","p":1.85,"u":"6,17 €/KG","img":"https://fd13-photos.leclercdrive.fr/image.ashx?id=2582519&use=l&cat=p&typeid=i","cat":284491},{"id":30935,"n":"Huile d'arachide Lesieur 2L","p":8.46,"u":"4,23 €/L","img":"https://fd13-photos.leclercdrive.fr/image.ashx?id=2136337&use=l&cat=p&typeid=i","cat":284453},{"id":30936,"n":"Huile Isio 4 Lesieur 2L","p":6.49,"u":"3,25 €/L","img":"https://fd13-photos.leclercdrive.fr/image.ashx?id=2916021&use=l&cat=p&typeid=i","cat":284453},{"id":30947,"n":"Pâtes Collezione Barilla Tagliatelle - 500g","p":1.48,"u":"2,96 €/KG","img":"https://fd13-photos.leclercdrive.fr/image.ashx?id=2654119&use=l&cat=p&typeid=i","cat":284427},{"id":30951,"n":"Chocolat au lait Tablette d'Or Coeur de lait - 2x100g","p":1.95,"u":"9,75 €/KG","img":"https://fd13-photos.leclercdrive.fr/image.ashx?id=3010575&use=l&cat=p&typeid=i","cat":284497},{"id":30953,"n":"Couscous Grain Moyen Ferrero  - 500g","p":1.28,"u":"2,56 €/KG","img":"https://fd13-photos.leclercdrive.fr/image.ashx?id=2886777&use=l&cat=p&typeid=i","cat":284429},{"id":30969,"n":"Glace Cône Nestlé Extrême Sorbet fruits rouges x6 - 426g","p":3.78,"u":"8,87 €/KG","img":"https://fd13-photos.leclercdrive.fr/image.ashx?id=2729845&use=l&cat=p&typeid=i","cat":284264},{"id":30976,"n":"Matière grasse Bridelight Demi-sel - 15% MG - 250g","p":2.17,"u":"8,68 €/KG","img":"https://fd13-photos.leclercdrive.fr/image.ashx?id=2643890&use=l&cat=p&typeid=i","cat":284379},{"id":30992,"n":"Poêlée paysanne Marie Saucisse fumé - 900g","p":4.65,"u":"5,17 €/KG","img":"https://fd13-photos.leclercdrive.fr/image.ashx?id=2996797&use=l&cat=p&typeid=i","cat":319823},{"id":30999,"n":"Spaghetti courts Lustucru Aux oeufs - 500g","p":1.82,"u":"3,64 €/KG","img":"https://fd13-photos.leclercdrive.fr/image.ashx?id=2519798&use=l&cat=p&typeid=i","cat":284427},{"id":31002,"n":"Petit salé aux lentilles  William Saurin - 840g","p":5.83,"u":"6,94 €/KG","img":"https://fd13-photos.leclercdrive.fr/image.ashx?id=2904095&use=l&cat=p&typeid=i","cat":284441},{"id":31007,"n":"Etiquettes scolaires Esquisse 32x1","p":0.7,"img":"https://fd13-photos.leclercdrive.fr/image.ashx?id=2943235&use=l&cat=p&typeid=i","cat":334133},{"id":31009,"n":"Protèges cahier A4 5 pièces","p":2.29,"img":"https://fd13-photos.leclercdrive.fr/image.ashx?id=1928824&use=l&cat=p&typeid=i","cat":284697},{"id":31011,"n":"Feutres pour ardoise Esquisse Effaçable a sec Fin bleu - x2","p":0.7,"img":"https://fd13-photos.leclercdrive.fr/image.ashx?id=2943238&use=l&cat=p&typeid=i","cat":334133},{"id":31014,"n":"Lait demi-écrémé Lactel Vitamine D Bouteille - 50cl","p":0.95,"u":"1,90 €/L","img":"https://fd13-photos.leclercdrive.fr/image.ashx?id=2889556&use=l&cat=p&typeid=i","cat":284377},{"id":31015,"n":"Lait Matin Léger Lactel Sans lactose écrémé - 1l","p":1.9,"u":"1,90 €/L","img":"https://fd13-photos.leclercdrive.fr/image.ashx?id=2883543&use=l&cat=p&typeid=i","cat":317169},{"id":31019,"n":"Feuilles de lasagne Turini 350g","p":2.69,"u":"7,69 €/KG","img":"https://fd13-photos.leclercdrive.fr/image.ashx?id=2617371&use=l&cat=p&typeid=i","cat":333682},{"id":31027,"n":"Cappuccino soluble Plantation nature - 280g","p":3.21,"u":"11,46 €/KG","img":"https://fd13-photos.leclercdrive.fr/image.ashx?id=2819274&use=l&cat=p&typeid=i","cat":284843},{"id":31029,"n":"Escalope Cordon Bleu Père Dodu  Dinde - Comté x2 - 200g","p":2.42,"u":"12,10 €/KG","img":"https://fd13-photos.leclercdrive.fr/image.ashx?id=2957179&use=l&cat=p&typeid=i","cat":333683},{"id":31030,"n":"Escalope Cordon Bleu Père Dodu  Poulet - Raclette x2 - 200g","p":2.7,"u":"13,50 €/KG","img":"https://fd13-photos.leclercdrive.fr/image.ashx?id=2957182&use=l&cat=p&typeid=i","cat":333683},{"id":31035,"n":"Chips La classique Vico Nature - 135g","p":1.29,"u":"9,56 €/KG","img":"https://fd13-photos.leclercdrive.fr/image.ashx?id=2917801&use=l&cat=p&typeid=i","cat":284447},{"id":31042,"n":"Infusion bio Jardin Bio Circulation - x20","p":2.92,"u":"97,33 €/KG","img":"https://fd13-photos.leclercdrive.fr/image.ashx?id=2972017&use=l&cat=p&typeid=i","cat":293234},{"id":31044,"n":"Haricots verts Notre Jardin Extra fins - 5 Fagots - 220g","p":2.14,"u":"9,73 €/KG","img":"https://fd13-photos.leclercdrive.fr/image.ashx?id=2119133&use=l&cat=p&typeid=i","cat":312606},{"id":31047,"n":"Assortiment Crackers Tokapi Mélange 4 saveurs - 380g","p":2.79,"u":"7,34 €/KG","img":"https://fd13-photos.leclercdrive.fr/image.ashx?id=2671399&use=l&cat=p&typeid=i","cat":297000},{"id":31048,"n":"Algues Nori Tanoshi 7 feuilles -18g","p":3.05,"u":"169,44 €/KG","img":"https://fd13-photos.leclercdrive.fr/image.ashx?id=2912041&use=l&cat=p&typeid=i","cat":288992},{"id":31050,"n":"Biscuits pavot citron GERBLE  - 4x4  200g","p":1.52,"u":"7,60 €/KG","img":"https://fd13-photos.leclercdrive.fr/image.ashx?id=2967001&use=l&cat=p&typeid=i","cat":318651},{"id":31054,"n":"Bouillon Cube Maggi Vollaile - x12 cubes - 120g","p":1.43,"u":"11,92 €/KG","img":"https://fd13-photos.leclercdrive.fr/image.ashx?id=2736982&use=l&cat=p&typeid=i","cat":288379},{"id":31058,"n":"Pâtes Barilla Capellini n°1 - 500g","p":1.0,"u":"2,00 €/KG","img":"https://fd13-photos.leclercdrive.fr/image.ashx?id=2392194&use=l&cat=p&typeid=i","cat":284427},{"id":31068,"n":"Chocolat Pâtissier Tablette dOr Lait - 170g","p":1.99,"u":"11,71 €/KG","img":"https://fd13-photos.leclercdrive.fr/image.ashx?id=2635916&use=l&cat=p&typeid=i","cat":285562},{"id":31069,"n":"Chocolat Pâtissier Tablette dOr Chocolat Blanc - 180g","p":2.03,"u":"11,28 €/KG","img":"https://fd13-photos.leclercdrive.fr/image.ashx?id=2562879&use=l&cat=p&typeid=i","cat":285562},{"id":31084,"n":"Crackers Tokapi Sésame et pavot - 100g","p":0.69,"u":"6,90 €/KG","img":"https://fd13-photos.leclercdrive.fr/image.ashx?id=1921880&use=l&cat=p&typeid=i","cat":297000},{"id":31086,"n":"Capsules Nescafé Dolce Gusto  Lungo Décaféiné - x16","p":4.53,"u":"40,45 €/KG","img":"https://fd13-photos.leclercdrive.fr/image.ashx?id=2836676&use=l&cat=p&typeid=i","cat":293239},{"id":31088,"n":"Coeurs d'artichaut Notre Jardin 245g","p":3.53,"u":"14,41 €/KG","img":"https://fd13-photos.leclercdrive.fr/image.ashx?id=2040299&use=l&cat=p&typeid=i","cat":312611},{"id":31092,"n":"Croquettes chats Ultima Boule de poils - Dinde - 1.5kg","p":5.93,"u":"3,95 €/KG","img":"https://fd13-photos.leclercdrive.fr/image.ashx?id=2921900&use=l&cat=p&typeid=i","cat":284680},{"id":31095,"n":"Filets maquereaux Pêche Océan Citron olives - 176g","p":1.64,"u":"9,32 €/KG","img":"https://fd13-photos.leclercdrive.fr/image.ashx?id=2515679&use=l&cat=p&typeid=i","cat":303868},{"id":31097,"n":"Feuilletés Tokapi Emmental - 85g","p":0.98,"u":"11,53 €/KG","img":"https://fd13-photos.leclercdrive.fr/image.ashx?id=1884022&use=l&cat=p&typeid=i","cat":297000},{"id":31098,"n":"Capsules Nescafé Dolce Gusto  Café au Lait - x16","p":4.53,"u":"28,31 €/KG","img":"https://fd13-photos.leclercdrive.fr/image.ashx?id=2946637&use=l&cat=p&typeid=i","cat":293239},{"id":31105,"n":"Gaufrettes P'tit Déli Praliné noisette x15 110g","p":0.87,"u":"7,91 €/KG","img":"https://fd13-photos.leclercdrive.fr/image.ashx?id=2418245&use=l&cat=p&typeid=i","cat":284488},{"id":31106,"n":"Gaufrettes P'tit Déli Chocolat x15 110g","p":1.08,"u":"9,82 €/KG","img":"https://fd13-photos.leclercdrive.fr/image.ashx?id=2436020&use=l&cat=p&typeid=i","cat":284488},{"id":31107,"n":"Gâteau P'tit Déli Tout chocolat 300g","p":2.15,"u":"7,17 €/KG","img":"https://fd13-photos.leclercdrive.fr/image.ashx?id=2562707&use=l&cat=p&typeid=i","cat":294776},{"id":31109,"n":"Gaufrettes P'tit Déli Framboise 160g","p":1.47,"u":"9,19 €/KG","img":"https://fd13-photos.leclercdrive.fr/image.ashx?id=2915290&use=l&cat=p&typeid=i","cat":284489},{"id":31110,"n":"Bonbons Confiséo Acacia assortiment fruit - 300g","p":1.88,"u":"6,27 €/KG","img":"https://fd13-photos.leclercdrive.fr/image.ashx?id=2934679&use=l&cat=p&typeid=i","cat":304252},{"id":31113,"n":"Haricots rouges Notre Jardin 500g","p":1.37,"u":"2,74 €/KG","img":"https://fd13-photos.leclercdrive.fr/image.ashx?id=2988054&use=l&cat=p&typeid=i","cat":312606},{"id":31116,"n":"Pâtes bio Jardin Bio' Tire-bouchon semi-complet  500g","p":1.85,"u":"3,70 €/KG","img":"https://fd13-photos.leclercdrive.fr/image.ashx?id=2961116&use=l&cat=p&typeid=i","cat":284427},{"id":31119,"n":"Tartelettes P'tit Déli Chocolat noisettes - 150g","p":1.29,"u":"8,60 €/KG","img":"https://fd13-photos.leclercdrive.fr/image.ashx?id=2345556&use=l&cat=p&typeid=i","cat":284488},{"id":31132,"n":"Tartine croustillante Epi d'Or Céréales - 250g","p":1.41,"u":"5,64 €/KG","img":"https://fd13-photos.leclercdrive.fr/image.ashx?id=2535256&use=l&cat=p&typeid=i","cat":284479},{"id":31133,"n":"Tartine croustillante Epi d'Or Seigle - 250g","p":1.28,"u":"5,12 €/KG","img":"https://fd13-photos.leclercdrive.fr/image.ashx?id=2533325&use=l&cat=p&typeid=i","cat":284479},{"id":31136,"n":"Pâtes Torti Panzani 3 Minutes - 1Kg","p":2.17,"u":"2,17 €/KG","img":"https://fd13-photos.leclercdrive.fr/image.ashx?id=2896099&use=l&cat=p&typeid=i","cat":284427},{"id":31143,"n":"Lait concentré sucré Délisse 397g","p":1.35,"u":"3,40 €/KG","img":"https://fd13-photos.leclercdrive.fr/image.ashx?id=2576588&use=l&cat=p&typeid=i","cat":299162},{"id":31146,"n":"Madeleines P'tit Déli Longues fourrées 240g","p":2.25,"u":"9,38 €/KG","img":"https://fd13-photos.leclercdrive.fr/image.ashx?id=2754204&use=l&cat=p&typeid=i","cat":284492},{"id":31149,"n":"Les p'tites spirales P'tit Déli Fraise 150g","p":1.55,"u":"10,33 €/KG","img":"https://fd13-photos.leclercdrive.fr/image.ashx?id=2660419&use=l&cat=p&typeid=i","cat":284495},{"id":31153,"n":"Moutarde gourmande Rustica 340g","p":1.59,"u":"4,68 €/KG","img":"https://fd13-photos.leclercdrive.fr/image.ashx?id=2666563&use=l&cat=p&typeid=i","cat":288850},{"id":31158,"n":"Wasabi Tanoshi Moutarde verte japonaise - tube de 43g","p":2.87,"u":"66,74 €/KG","img":"https://fd13-photos.leclercdrive.fr/image.ashx?id=2921145&use=l&cat=p&typeid=i","cat":288992},{"id":31166,"n":"Pousses d'haricots  Bio Village Haricots Mungo Bio - 175g","p":1.34,"u":"7,66 €/KG","img":"https://fd13-photos.leclercdrive.fr/image.ashx?id=2573214&use=l&cat=p&typeid=i","cat":312611},{"id":31171,"n":"Pop corn sucrés Tokapi Micro-ondable - 3x90g","p":1.25,"u":"4,63 €/KG","img":"https://fd13-photos.leclercdrive.fr/image.ashx?id=2351628&use=l&cat=p&typeid=i","cat":304249},{"id":31174,"n":"Pâtes penne rigate Panzani 1kg","p":1.97,"u":"1,97 €/KG","img":"https://fd13-photos.leclercdrive.fr/image.ashx?id=2876020&use=l&cat=p&typeid=i","cat":284427},{"id":31177,"n":"Miettes de thon Saupiquet Tomate - 160g","p":1.89,"u":"11,81 €/KG","img":"https://fd13-photos.leclercdrive.fr/image.ashx?id=2402868&use=l&cat=p&typeid=i","cat":303867},{"id":31193,"n":"Biscuit apéritif ancel Bretzels Sticks - 200g","p":0.89,"u":"4,45 €/KG","img":"https://fd13-photos.leclercdrive.fr/image.ashx?id=2895178&use=l&cat=p&typeid=i","cat":297000},{"id":31200,"n":"AOP Bordeaux rouge Baron de Lestac - BIB 3L","p":14.58,"u":"4,86 €/L","img":"https://fd13-photos.leclercdrive.fr/image.ashx?id=2420910&use=l&cat=p&typeid=i","cat":289560},{"id":31223,"n":"Bain Dissolvant Inell Bain sans acétone - 75ml","p":3.99,"u":"53,20 €/L","img":"https://fd13-photos.leclercdrive.fr/image.ashx?id=2244820&use=l&cat=p&typeid=i","cat":325347},{"id":31265,"n":"Friandises chats Félix Original  Party mix - 60g","p":1.09,"u":"18,17 €/KG","img":"https://fd13-photos.leclercdrive.fr/image.ashx?id=2683346&use=l&cat=p&typeid=i","cat":285285},{"id":31266,"n":"Friandises chats Félix Grillade - 60g","p":1.04,"u":"17,33 €/KG","img":"https://fd13-photos.leclercdrive.fr/image.ashx?id=2336614&use=l&cat=p&typeid=i","cat":285285},{"id":31267,"n":"Friandises chats Félix Saveur océane Party mix  - 60g","p":1.09,"u":"18,17 €/KG","img":"https://fd13-photos.leclercdrive.fr/image.ashx?id=2910210&use=l&cat=p&typeid=i","cat":285285},{"id":31288,"n":"Emmental râpé Entremont Spécial pizza 125g","p":1.76,"u":"14,08 €/KG","img":"https://fd13-photos.leclercdrive.fr/image.ashx?id=2785793&use=l&cat=p&typeid=i","cat":314035},{"id":31289,"n":"Emmental râpé Entremont 3x70g","p":2.37,"u":"11,29 €/KG","img":"https://fd13-photos.leclercdrive.fr/image.ashx?id=2983150&use=l&cat=p&typeid=i","cat":314035},{"id":31297,"n":"Fromage crémeux Les Croisés 36%mg - 200g","p":2.43,"u":"12,15 €/KG","img":"https://fd13-photos.leclercdrive.fr/image.ashx?id=2037379&use=l&cat=p&typeid=i","cat":329558},{"id":31301,"n":"Steak haché Férial  15%mg - X10 - 1kg","p":11.7,"u":"11,70 €/KG","img":"https://fd13-photos.leclercdrive.fr/image.ashx?id=3004657&use=l&cat=p&typeid=i","cat":319778},{"id":31414,"n":"Pâtes Alpina Savoie Chanterelles Crozets - 400g","p":2.39,"u":"5,98 €/KG","img":"https://fd13-photos.leclercdrive.fr/image.ashx?id=2795063&use=l&cat=p&typeid=i","cat":284427},{"id":31441,"n":"Plat bébé Blédina 12 mois  Courgette riz veau - 2x200g","p":2.85,"u":"7,13 €/KG","img":"https://fd13-photos.leclercdrive.fr/image.ashx?id=2975074&use=l&cat=p&typeid=i","cat":312237},{"id":31447,"n":"Tablette Chocolat Lait Crunch Céréales Croustillantes 2x100g","p":2.7,"u":"13,50 €/KG","img":"https://fd13-photos.leclercdrive.fr/image.ashx?id=2899740&use=l&cat=p&typeid=i","cat":284497},{"id":31449,"n":"Tortillas chips Eco+ Nature - 300g","p":0.94,"u":"3,13 €/KG","img":"https://fd13-photos.leclercdrive.fr/image.ashx?id=2669729&use=l&cat=p&typeid=i","cat":287899},{"id":31450,"n":"Délice de jambon Tulip 340g","p":2.7,"u":"7,94 €/KG","img":"https://fd13-photos.leclercdrive.fr/image.ashx?id=2465592&use=l&cat=p&typeid=i","cat":305149},{"id":31453,"n":"Rhum blanc Charrette Traditionnel 40%vol - 70cl","p":11.15,"u":"15,93 €/L","img":"https://fd13-photos.leclercdrive.fr/image.ashx?id=1946246&use=l&cat=p&typeid=i","cat":284550},{"id":31458,"n":"Moutarde de Dijon Rustica  Fine et forte - 160g","p":0.95,"u":"5,94 €/KG","img":"https://fd13-photos.leclercdrive.fr/image.ashx?id=2954367&use=l&cat=p&typeid=i","cat":288850},{"id":31589,"n":"Acide chlorhydrique Onyx 23% 1L","p":1.73,"u":"1,73 €/L","img":"https://fd13-photos.leclercdrive.fr/image.ashx?id=2410997&use=l&cat=p&typeid=i","cat":300576},{"id":31641,"n":"Poulet basquaise Côté Table Riz 285g","p":1.81,"u":"6,35 €/KG","img":"https://fd13-photos.leclercdrive.fr/image.ashx?id=2476149&use=l&cat=p&typeid=i","cat":284953},{"id":31652,"n":"Beurre Tendre Elle&Vire Doux - 82% MG - 250g","p":2.95,"u":"11,80 €/KG","img":"https://fd13-photos.leclercdrive.fr/image.ashx?id=2574374&use=l&cat=p&typeid=i","cat":284379},{"id":31656,"n":"Cornichons Rustica Aigre Doux - 360g","p":1.63,"u":"4,53 €/KG","img":"https://fd13-photos.leclercdrive.fr/image.ashx?id=2916698&use=l&cat=p&typeid=i","cat":284458},{"id":31659,"n":"Sirop La Maison Guiot Cerise - 70cl","p":3.21,"u":"4,59 €/L","img":"https://fd13-photos.leclercdrive.fr/image.ashx?id=2857201&use=l&cat=p&typeid=i","cat":295020},{"id":31680,"n":"Lingettes bébé Mots d'Enfants Ultra-douces - x24","p":1.13,"u":"0,05 €/P","img":"https://fd13-photos.leclercdrive.fr/image.ashx?id=2856501&use=l&cat=p&typeid=i","cat":284738},{"id":31682,"n":"Sachet repas chat Tous mes amis Viande en sauces - 4x100g","p":1.49,"u":"3,73 €/KG","img":"https://fd13-photos.leclercdrive.fr/image.ashx?id=2043005&use=l&cat=p&typeid=i","cat":285286},{"id":31714,"n":"Pur jus de pomme Bio Village Bio - 6x20cl","p":3.25,"u":"2,71 €/L","img":"https://fd13-photos.leclercdrive.fr/image.ashx?id=2077442&use=l&cat=p&typeid=i","cat":284524},{"id":31717,"n":"Parmigiano Reg AOP Casa Azzurra Râpé -  60g","p":1.45,"u":"24,17 €/KG","img":"https://fd13-photos.leclercdrive.fr/image.ashx?id=2261951&use=l&cat=p&typeid=i","cat":314035},{"id":31725,"n":"Boisson énergisante X-tense Canette - 4x50cl","p":3.12,"u":"1,56 €/L","img":"https://fd13-photos.leclercdrive.fr/image.ashx?id=2956068&use=l&cat=p&typeid=i","cat":284533},{"id":31728,"n":"Jus de pomme Jafaden Nectar - 2L","p":2.15,"u":"1,08 €/L","img":"https://fd13-photos.leclercdrive.fr/image.ashx?id=2956077&use=l&cat=p&typeid=i","cat":284522},{"id":31729,"n":"Jus de pomme Jafaden A base de concentré - 1L","p":0.95,"u":"0,95 €/L","img":"https://fd13-photos.leclercdrive.fr/image.ashx?id=2550842&use=l&cat=p&typeid=i","cat":284522},{"id":31730,"n":"Pur jus de pomme Jafaden 1L","p":0.99,"u":"0,99 €/L","img":"https://fd13-photos.leclercdrive.fr/image.ashx?id=1936638&use=l&cat=p&typeid=i","cat":284522},{"id":31731,"n":"Thé glacé Fresh Tea Pêche - 1L","p":1.03,"u":"1,03 €/L","img":"https://fd13-photos.leclercdrive.fr/image.ashx?id=2622251&use=l&cat=p&typeid=i","cat":295019},{"id":31733,"n":"Pur jus multifruits Jafaden 1L","p":1.39,"u":"1,39 €/L","img":"https://fd13-photos.leclercdrive.fr/image.ashx?id=2890006&use=l&cat=p&typeid=i","cat":284917},{"id":31735,"n":"Nectar multifruits Jafaden 1L","p":1.75,"u":"1,75 €/L","img":"https://fd13-photos.leclercdrive.fr/image.ashx?id=2956089&use=l&cat=p&typeid=i","cat":284917},{"id":31736,"n":"Nectar Jafaden Goyave - 1L","p":2.08,"u":"2,08 €/L","img":"https://fd13-photos.leclercdrive.fr/image.ashx?id=2956095&use=l&cat=p&typeid=i","cat":284916},{"id":31737,"n":"Nectar Jafaden Passion - 1L","p":2.71,"u":"2,71 €/L","img":"https://fd13-photos.leclercdrive.fr/image.ashx?id=2959602&use=l&cat=p&typeid=i","cat":284916},{"id":31830,"n":"Sachet repas chat Tous mes amis Viande en sauce - 12x100g","p":3.65,"u":"3,04 €/KG","img":"https://fd13-photos.leclercdrive.fr/image.ashx?id=2677077&use=l&cat=p&typeid=i","cat":285286},{"id":31863,"n":"AOP Camembert Graindorge Au lait cru - 250g","p":3.75,"pp":2.62,"u":"10,48 €/KG","img":"https://fd13-photos.leclercdrive.fr/image.ashx?id=2412600&use=l&cat=p&typeid=i","cat":314033},{"id":31865,"n":"AOP Petit Livarot Graindorge 250g","p":3.75,"pp":2.62,"u":"10,48 €/KG","img":"https://fd13-photos.leclercdrive.fr/image.ashx?id=2608208&use=l&cat=p&typeid=i","cat":329558},{"id":31867,"n":"APetit pont l'Evêque Graindorge 220g","p":3.16,"u":"14,36 €/KG","img":"https://fd13-photos.leclercdrive.fr/image.ashx?id=2468353&use=l&cat=p&typeid=i","cat":329558},{"id":31869,"n":"Crème épaisse AOP  Isigny Ste Mère 35%mg - 20cl","p":1.75,"u":"8,75 €/L","img":"https://fd13-photos.leclercdrive.fr/image.ashx?id=2711851&use=l&cat=p&typeid=i","cat":284381},{"id":31870,"n":"Crème épaisse AOP Isigny Ste Mère 35%mg - 50cl","p":3.31,"u":"6,62 €/L","img":"https://fd13-photos.leclercdrive.fr/image.ashx?id=2812753&use=l&cat=p&typeid=i","cat":284381},{"id":31877,"n":"AOP Camembert Reo 45%mg - 250g","p":4.46,"u":"17,84 €/KG","img":"https://fd13-photos.leclercdrive.fr/image.ashx?id=2021511&use=l&cat=p&typeid=i","cat":314033},{"id":31899,"n":"Huile OPTIMA Tramier  1L","p":5.18,"u":"5,18 €/L","img":"https://fd13-photos.leclercdrive.fr/image.ashx?id=2680407&use=l&cat=p&typeid=i","cat":284453},{"id":31915,"n":"Mayonnaise à la moutarde de Dij  de Dijon Rustica - 235 g","p":1.25,"u":"5,32 €/KG","img":"https://fd13-photos.leclercdrive.fr/image.ashx?id=2954355&use=l&cat=p&typeid=i","cat":298295},{"id":31918,"n":"Sucre Tablier Blanc En morceaux - 1kg","p":1.99,"u":"1,99 €/KG","img":"https://fd13-photos.leclercdrive.fr/image.ashx?id=3010425&use=l&cat=p&typeid=i","cat":284502},{"id":31920,"n":"Matière grasse Rustica à tartiner 50%MG Omega 3 - 500g","p":1.98,"u":"3,96 €/KG","img":"https://fd13-photos.leclercdrive.fr/image.ashx?id=2881238&use=l&cat=p&typeid=i","cat":315229},{"id":31924,"n":"Déodorant bille Manava Peaux sensibles 50ml","p":1.16,"u":"23,20 €/L","img":"https://fd13-photos.leclercdrive.fr/image.ashx?id=2481222&use=l&cat=p&typeid=i","cat":284595},{"id":31934,"n":"Spray coiffant Vitanove Fixation forte - 250ml","p":1.19,"u":"4,76 €/L","img":"https://fd13-photos.leclercdrive.fr/image.ashx?id=2331697&use=l&cat=p&typeid=i","cat":284609},{"id":31935,"n":"Spray coiffant Vitanove Fixation extra forte - 250ml","p":1.39,"u":"5,56 €/L","img":"https://fd13-photos.leclercdrive.fr/image.ashx?id=2331700&use=l&cat=p&typeid=i","cat":284609},{"id":31936,"n":"Spray coiffant Vitanove Fixation extrême - 250ml","p":1.43,"u":"5,72 €/L","img":"https://fd13-photos.leclercdrive.fr/image.ashx?id=984395&use=l&cat=p&typeid=i","cat":284609},{"id":31937,"n":"Laque Vitanove Fixation normale 300ml","p":1.95,"u":"6,50 €/L","img":"https://fd13-photos.leclercdrive.fr/image.ashx?id=2616739&use=l&cat=p&typeid=i","cat":284609},{"id":31941,"n":"IGP Ardèche rouge Pont d'Arc 13.5% vol - BIB 5L","p":11.2,"u":"2,24 €/L","img":"https://fd13-photos.leclercdrive.fr/image.ashx?id=2527913&use=l&cat=p&typeid=i","cat":289560},{"id":31965,"n":"Nettoyant spray Clair Cuisine et salle de bain 750ml","p":1.29,"u":"1,72 €/L","img":"https://fd13-photos.leclercdrive.fr/image.ashx?id=2466151&use=l&cat=p&typeid=i","cat":325357},{"id":31968,"n":"Crème Dépilatoire Siliss Sous la douche - 250ml","p":3.39,"u":"13,56 €/L","img":"https://fd13-photos.leclercdrive.fr/image.ashx?id=2842286&use=l&cat=p&typeid=i","cat":325351},{"id":31970,"n":"Soin visage Carré Homme Anti-âge anti-fatigue Q10- 50ml","p":3.7,"u":"74,00 €/L","img":"https://fd13-photos.leclercdrive.fr/image.ashx?id=2809689&use=l&cat=p&typeid=i","cat":284622},{"id":31976,"n":"Sucre vanillé bio Bio Village 6x7.5g","p":1.85,"u":"41,11 €/KG","img":"https://fd13-photos.leclercdrive.fr/image.ashx?id=2166521&use=l&cat=p&typeid=i","cat":294686},{"id":31981,"n":"Couches bébé Mots d'Enfants T4+ Ultra confort - 9/20kg - x24","p":5.8,"u":"0,24 €/P","img":"https://fd13-photos.leclercdrive.fr/image.ashx?id=2301472&use=l&cat=p&typeid=i","cat":284737},{"id":31982,"n":"Couches bébé Mots d'Enfants -T5 Ultra confort - 11/25kg - x23","p":5.84,"u":"0,25 €/P","img":"https://fd13-photos.leclercdrive.fr/image.ashx?id=2699462&use=l&cat=p&typeid=i","cat":284737},{"id":31983,"n":"Cidre rosé Les Goelleries 2.5%vol. - 75cl","p":2.29,"u":"3,05 €/L","img":"https://fd13-photos.leclercdrive.fr/image.ashx?id=2842295&use=l&cat=p&typeid=i","cat":334880},{"id":31985,"n":"Couches bébé Mots d'Enfants -T4 Ultra confort - 7/18kg - x26","p":5.29,"u":"0,20 €/P","img":"https://fd13-photos.leclercdrive.fr/image.ashx?id=2699456&use=l&cat=p&typeid=i","cat":284737},{"id":31988,"n":"Sachet repas chat Tous mes amis Poissons en gelée - 4x100g","p":1.33,"u":"3,33 €/KG","img":"https://fd13-photos.leclercdrive.fr/image.ashx?id=2043002&use=l&cat=p&typeid=i","cat":285286},{"id":32012,"n":"Beurre Moulé de Baratte Le Gall Doux - 82% MG - 250g","p":2.95,"u":"11,80 €/KG","img":"https://fd13-photos.leclercdrive.fr/image.ashx?id=2380997&use=l&cat=p&typeid=i","cat":284379},{"id":32014,"n":"Beurre de Baratte 80%MG Le Gall Fleur de sel de Guérande - 250g","p":3.08,"u":"12,32 €/KG","img":"https://fd13-photos.leclercdrive.fr/image.ashx?id=2381003&use=l&cat=p&typeid=i","cat":284379},{"id":32059,"n":"Sachet repas chat Tous mes amis Viande en geléé - 12x100g","p":3.65,"u":"3,04 €/KG","img":"https://fd13-photos.leclercdrive.fr/image.ashx?id=2027598&use=l&cat=p&typeid=i","cat":285286},{"id":32064,"n":"Mousse à raser Carré Homme Sensible - 250ml","p":1.39,"u":"5,56 €/L","img":"https://fd13-photos.leclercdrive.fr/image.ashx?id=2704681&use=l&cat=p&typeid=i","cat":284617},{"id":32065,"n":"Couches bébé Mots d'Enfants T4 Douceur - 7/18kg - x74 changes","p":10.6,"u":"0,14 €/P","img":"https://fd13-photos.leclercdrive.fr/image.ashx?id=2699468&use=l&cat=p&typeid=i","cat":284737},{"id":32087,"n":"Yaourts vanille Soignon au lait de chèvre - 4x125g","p":2.28,"u":"4,56 €/KG","img":"https://fd13-photos.leclercdrive.fr/image.ashx?id=2518247&use=l&cat=p&typeid=i","cat":314998},{"id":32093,"n":"Poulet rôti Marie Pommes de terres fondantes 900g","p":4.39,"u":"4,88 €/KG","img":"https://fd13-photos.leclercdrive.fr/image.ashx?id=2996788&use=l&cat=p&typeid=i","cat":284254},{"id":32098,"n":"Biscuits Dinosaurus Lotus  Chocolat noir - 225g","p":1.98,"u":"8,80 €/KG","img":"https://fd13-photos.leclercdrive.fr/image.ashx?id=2859812&use=l&cat=p&typeid=i","cat":284488},{"id":32110,"n":"Oeufs de poules Bio Plein Air - x6","p":2.25,"u":"0,38 €/P","img":"https://fd13-photos.leclercdrive.fr/image.ashx?id=2148248&use=l&cat=p&typeid=i","cat":284378},{"id":32129,"n":"AOC Entre-Deux-Mers vin blanc Chantet Blanet - BIB 3L","p":12.99,"u":"4,33 €/L","img":"https://fd13-photos.leclercdrive.fr/image.ashx?id=2895783&use=l&cat=p&typeid=i","cat":289560},{"id":32144,"n":"Lait demi-écrémé Grandlait Candia Bouteille - 50cl","p":0.98,"u":"1,96 €/L","img":"https://fd13-photos.leclercdrive.fr/image.ashx?id=2915125&use=l&cat=p&typeid=i","cat":284377},{"id":32153,"n":"Taille-crayon Esquisse Rose avec réserve 2 trous","p":0.55,"img":"https://fd13-photos.leclercdrive.fr/image.ashx?id=2943337&use=l&cat=p&typeid=i","cat":334133},{"id":32155,"n":"Classeur cahier Esquisse Bleu - Polypro - 21x29.7cm","p":1.49,"img":"https://fd13-photos.leclercdrive.fr/image.ashx?id=940887&use=l&cat=p&typeid=i","cat":284745},{"id":32156,"n":"Classeur cahier Esquisse Vert Anis - Polypro - 21x29.7cm","p":1.49,"img":"https://fd13-photos.leclercdrive.fr/image.ashx?id=1698748&use=l&cat=p&typeid=i","cat":284745},{"id":32162,"n":"Protège-document Anis - A4 - 120 vues","p":3.29,"img":"https://fd13-photos.leclercdrive.fr/image.ashx?id=1698751&use=l&cat=p&typeid=i","cat":284745},{"id":32163,"n":"Protège-documents Rouge - A4 - 120 vues","p":3.29,"img":"https://fd13-photos.leclercdrive.fr/image.ashx?id=2943340&use=l&cat=p&typeid=i","cat":284745},{"id":32164,"n":"Protège-documents Violet - A4 - 120 vues","p":3.29,"img":"https://fd13-photos.leclercdrive.fr/image.ashx?id=940871&use=l&cat=p&typeid=i","cat":284745},{"id":32181,"n":"Trousse dentaire Petit Dentamyl 2-6ans","p":2.46,"img":"https://fd13-photos.leclercdrive.fr/image.ashx?id=2072888&use=l&cat=p&typeid=i","cat":288897},{"id":32182,"n":"Trousse dentaire Petit Dentamyl 2-6ans","p":2.46,"img":"https://fd13-photos.leclercdrive.fr/image.ashx?id=873367&use=l&cat=p&typeid=i","cat":288897},{"id":32183,"n":"Couches bébé Mots d'Enfants T4+ Douceur - 9/20kg - x70 changes","p":10.8,"u":"0,15 €/P","img":"https://fd13-photos.leclercdrive.fr/image.ashx?id=2699471&use=l&cat=p&typeid=i","cat":284737},{"id":32186,"n":"Couches bébé Mots d'Enfants T5 Douceur - 11/25kg - x66","p":10.7,"u":"0,16 €/P","img":"https://fd13-photos.leclercdrive.fr/image.ashx?id=2699474&use=l&cat=p&typeid=i","cat":284737},{"id":32202,"n":"Couches bébé Mots d'Enfants T3 Douceur - 4/9kg - x90 changes","p":11.4,"u":"0,13 €/P","img":"https://fd13-photos.leclercdrive.fr/image.ashx?id=2699465&use=l&cat=p&typeid=i","cat":284737},{"id":32213,"n":"Bacon fumé Herta Barquette 100g","p":1.7,"u":"17,00 €/KG","img":"https://fd13-photos.leclercdrive.fr/image.ashx?id=2876236&use=l&cat=p&typeid=i","cat":316011},{"id":32214,"n":"Sandwich Daunat Jambon beurre XXL - 230g","p":2.08,"u":"9,04 €/KG","img":"https://fd13-photos.leclercdrive.fr/image.ashx?id=2892703&use=l&cat=p&typeid=i","cat":333658},{"id":32216,"n":"Sandwich XXL Daunat Poulet rôti Mayonnaise - 230g","p":2.24,"u":"9,74 €/KG","img":"https://fd13-photos.leclercdrive.fr/image.ashx?id=2892706&use=l&cat=p&typeid=i","cat":333658},{"id":32217,"n":"Sandwich XXL Daunat Thon Oeuf Crudités - 230g","p":2.21,"u":"9,61 €/KG","img":"https://fd13-photos.leclercdrive.fr/image.ashx?id=2892697&use=l&cat=p&typeid=i","cat":333658},{"id":32255,"n":"Déodorant Manava Pierre d'alun/Aloé véra - 200ml","p":1.36,"u":"6,80 €/L","img":"https://fd13-photos.leclercdrive.fr/image.ashx?id=2481225&use=l&cat=p&typeid=i","cat":284595},{"id":32258,"n":"Couches bébé Mots d'Enfants -T3 Ultra confort - 4/9kg - x29","p":5.85,"u":"0,20 €/P","img":"https://fd13-photos.leclercdrive.fr/image.ashx?id=2699453&use=l&cat=p&typeid=i","cat":284737},{"id":32267,"n":"Emmental fromage rapé Les Croisés - 325g","p":2.65,"u":"8,15 €/KG","img":"https://fd13-photos.leclercdrive.fr/image.ashx?id=2942786&use=l&cat=p&typeid=i","cat":314035},{"id":32269,"n":"Maasdam fromage bloc  Les Croisés - 330g","p":2.47,"u":"7,48 €/KG","img":"https://fd13-photos.leclercdrive.fr/image.ashx?id=2081690&use=l&cat=p&typeid=i","cat":314034},{"id":32271,"n":"Pizza Turini Jambon emmental - 200g","p":1.21,"u":"6,05 €/KG","img":"https://fd13-photos.leclercdrive.fr/image.ashx?id=2989670&use=l&cat=p&typeid=i","cat":333679},{"id":32286,"n":"Papillons d'Alsace NRT 250g","p":1.39,"u":"5,56 €/KG","img":"https://fd13-photos.leclercdrive.fr/image.ashx?id=2839992&use=l&cat=p&typeid=i","cat":284427},{"id":32291,"n":"Bonbons sans sucres Confiséo Aux plantes - 150g","p":2.49,"u":"16,60 €/KG","img":"https://fd13-photos.leclercdrive.fr/image.ashx?id=2072987&use=l&cat=p&typeid=i","cat":304252},{"id":32293,"n":"Sucre de canne Tablier Blanc Cassonade 750g","p":1.55,"u":"2,07 €/KG","img":"https://fd13-photos.leclercdrive.fr/image.ashx?id=2501676&use=l&cat=p&typeid=i","cat":284502},{"id":32301,"n":"Biscuit Petit beurre P'tit Déli Tablette chocolat blanc - 150g","p":1.49,"u":"9,93 €/KG","img":"https://fd13-photos.leclercdrive.fr/image.ashx?id=2517772&use=l&cat=p&typeid=i","cat":284488},{"id":32307,"n":"Le Rossignol Les Croisés 29%mg - 250g","p":2.16,"u":"8,64 €/KG","img":"https://fd13-photos.leclercdrive.fr/image.ashx?id=2841753&use=l&cat=p&typeid=i","cat":329558},{"id":32315,"n":"Cidre brut Val de Rance Traditionnel 4.5%vol. - 1,5L","p":2.42,"u":"1,61 €/L","img":"https://fd13-photos.leclercdrive.fr/image.ashx?id=2008658&use=l&cat=p&typeid=i","cat":334880},{"id":32317,"n":"Apéritif Lagoa Cocktail Planteur sans alcool 75cl","p":3.04,"u":"4,05 €/L","img":"https://fd13-photos.leclercdrive.fr/image.ashx?id=2047868&use=l&cat=p&typeid=i","cat":284549},{"id":32320,"n":"AOC Champagne Blanc de Blancs Brut Pol Carson - 75cl","p":22.25,"u":"29,67 €/L","img":"https://fd13-photos.leclercdrive.fr/image.ashx?id=2994809&use=l&cat=p&typeid=i","cat":284542},{"id":32335,"n":"100% Pur jus d'orange Jafaden Très pulpé - 1L","p":2.61,"u":"2,61 €/L","img":"https://fd13-photos.leclercdrive.fr/image.ashx?id=2956080&use=l&cat=p&typeid=i","cat":284521},{"id":32339,"n":"Sirop Frucci Pamplemousse Rose - 75cl","p":3.65,"u":"4,87 €/L","img":"https://fd13-photos.leclercdrive.fr/image.ashx?id=2878594&use=l&cat=p&typeid=i","cat":295020},{"id":32352,"n":"Emmental fromage râpé bio Bio village - 200g","p":2.31,"u":"11,55 €/KG","img":"https://fd13-photos.leclercdrive.fr/image.ashx?id=1972558&use=l&cat=p&typeid=i","cat":314035},{"id":32377,"n":"Gélule brûle graisse Juvamine Thé vert / Kola - x60","p":4.99,"u":"0,08 €/P","img":"https://fd13-photos.leclercdrive.fr/image.ashx?id=2177785&use=l&cat=p&typeid=i","cat":313217},{"id":32380,"n":"Farine de blé Eco+ 1kg","p":0.55,"u":"0,55 €/KG","img":"https://fd13-photos.leclercdrive.fr/image.ashx?id=2659774&use=l&cat=p&typeid=i","cat":284503},{"id":32386,"n":"Mélange forestier Notre Jardin 225g","p":2.57,"u":"11,42 €/KG","img":"https://fd13-photos.leclercdrive.fr/image.ashx?id=2804329&use=l&cat=p&typeid=i","cat":312612},{"id":32387,"n":"Ratatouille Notre Jardin A la provençale - 375g","p":1.07,"u":"2,85 €/KG","img":"https://fd13-photos.leclercdrive.fr/image.ashx?id=2526294&use=l&cat=p&typeid=i","cat":312612},{"id":32388,"n":"Maïs Notre Jardin Aux 2 poivrons - 270g","p":1.59,"u":"5,89 €/KG","img":"https://fd13-photos.leclercdrive.fr/image.ashx?id=2988057&use=l&cat=p&typeid=i","cat":312611},{"id":32444,"n":"AOP Cabernet d'Anjou vin rosé  Soupçon de Fruit  - 75cl","p":4.89,"u":"6,52 €/L","img":"https://fd13-photos.leclercdrive.fr/image.ashx?id=2432388&use=l&cat=p&typeid=i","cat":289558},{"id":32477,"n":"Protège-document Turquoise - A4 - 120 vues","p":3.29,"img":"https://fd13-photos.leclercdrive.fr/image.ashx?id=1698754&use=l&cat=p&typeid=i","cat":284745},{"id":32492,"n":"Crème glacée L'Angelys Vanille - 450g","p":5.2,"u":"11,56 €/KG","img":"https://fd13-photos.leclercdrive.fr/image.ashx?id=2963574&use=l&cat=p&typeid=i","cat":284263},{"id":32497,"n":"Recharge Savon Mains Dettol Parfum Citron 250ml","p":2.99,"u":"11,96 €/L","img":"https://fd13-photos.leclercdrive.fr/image.ashx?id=2962020&use=l&cat=p&typeid=i","cat":284597},{"id":32516,"n":"Saumon fumé Bio Bio Village Atlantique x4T - 120g","p":5.77,"u":"48,08 €/KG","img":"https://fd13-photos.leclercdrive.fr/image.ashx?id=2374606&use=l&cat=p&typeid=i","cat":285188},{"id":32531,"n":"IGP Farine de blé noir Treblec Bretagne tradition - 1kg","p":3.92,"u":"3,92 €/KG","img":"https://fd13-photos.leclercdrive.fr/image.ashx?id=2734846&use=l&cat=p&typeid=i","cat":284503},{"id":32532,"n":"Saucisses cocktail Jean Floc'h Nature - 200g","p":1.7,"u":"8,50 €/KG","img":"https://fd13-photos.leclercdrive.fr/image.ashx?id=1662146&use=l&cat=p&typeid=i","cat":284450},{"id":32533,"n":"Langue de bœuf Larzul Sauce madère 410g","p":7.34,"u":"17,90 €/KG","img":"https://fd13-photos.leclercdrive.fr/image.ashx?id=2204021&use=l&cat=p&typeid=i","cat":284441},{"id":32534,"n":"Langue de bœuf Larzul Sauce piquante - 410g","p":7.36,"u":"17,95 €/KG","img":"https://fd13-photos.leclercdrive.fr/image.ashx?id=2171668&use=l&cat=p&typeid=i","cat":284441},{"id":32547,"n":"Galettes de Pleyben Gavottes Pur beurre 130g","p":1.35,"u":"10,38 €/KG","img":"https://fd13-photos.leclercdrive.fr/image.ashx?id=2276894&use=l&cat=p&typeid=i","cat":284487},{"id":32556,"n":"Gouda Les Croisés 30.5%mg portion - 250g","p":3.25,"u":"13,00 €/KG","img":"https://fd13-photos.leclercdrive.fr/image.ashx?id=2900121&use=l&cat=p&typeid=i","cat":314034},{"id":32557,"n":"Edam Les Croisés 23.7%mg portion - 250g","p":3.09,"u":"12,36 €/KG","img":"https://fd13-photos.leclercdrive.fr/image.ashx?id=2900124&use=l&cat=p&typeid=i","cat":314034},{"id":32558,"n":"Mimolette Les Croisés 23.7%mg portion - 250g","p":2.97,"u":"11,88 €/KG","img":"https://fd13-photos.leclercdrive.fr/image.ashx?id=2796049&use=l&cat=p&typeid=i","cat":314034},{"id":32631,"n":"Biscuits palmier Bio Village Bio - 100g","p":1.23,"u":"12,30 €/KG","img":"https://fd13-photos.leclercdrive.fr/image.ashx?id=2610729&use=l&cat=p&typeid=i","cat":284487},{"id":32643,"n":"Pruneaux d'Agen Couleurs Vives Dénoyautés - 500g","p":3.99,"u":"7,98 €/KG","img":"https://fd13-photos.leclercdrive.fr/image.ashx?id=2124107&use=l&cat=p&typeid=i","cat":284357},{"id":32724,"n":"Pain grillé bio Bio Village Céréales et graines - 225g","p":1.59,"u":"7,07 €/KG","img":"https://fd13-photos.leclercdrive.fr/image.ashx?id=2595119&use=l&cat=p&typeid=i","cat":284479},{"id":32749,"n":"Lait demi écrémé  Eleveurs de Bretagne brique 1L","p":0.95,"u":"0,95 €/L","img":"https://fd13-photos.leclercdrive.fr/image.ashx?id=1574210&use=l&cat=p&typeid=i","cat":284377},{"id":32750,"n":"Lait demi écrémé Eleveurs  De Bretagne bouteille 1L","p":1.1,"u":"1,10 €/L","img":"https://fd13-photos.leclercdrive.fr/image.ashx?id=1574189&use=l&cat=p&typeid=i","cat":284377},{"id":32752,"n":"Lait entier Les Eleveurs de Brique : 1L","p":1.12,"u":"1,12 €/L","img":"https://fd13-photos.leclercdrive.fr/image.ashx?id=1574207&use=l&cat=p&typeid=i","cat":285610},{"id":32765,"n":"Bonbons Copains Copines Planch' acid goût fruit 225g","p":1.11,"u":"4,93 €/KG","img":"https://fd13-photos.leclercdrive.fr/image.ashx?id=2934709&use=l&cat=p&typeid=i","cat":304250},{"id":32768,"n":"Lait demi écrémé LesEleveurs de Bretagne brique 6x1L","p":5.7,"u":"0,95 €/L","img":"https://fd13-photos.leclercdrive.fr/image.ashx?id=1574195&use=l&cat=p&typeid=i","cat":284377},{"id":32771,"n":"Lait entier Les Eleveurs de Bretagne - Brique : 6x1L","p":6.72,"u":"1,12 €/L","img":"https://fd13-photos.leclercdrive.fr/image.ashx?id=1574204&use=l&cat=p&typeid=i","cat":285610},{"id":32773,"n":"Lait demi écrémé Eleveurs  De Bretagne bouteille 6x1L","p":6.6,"u":"Dont 0,01 € d'éco-part.","img":"https://fd13-photos.leclercdrive.fr/image.ashx?id=1574192&use=l&cat=p&typeid=i","cat":284377},{"id":32786,"n":"Déodorant bille Manava Pierre d'alun - 50ml","p":1.29,"u":"25,80 €/L","img":"https://fd13-photos.leclercdrive.fr/image.ashx?id=2481219&use=l&cat=p&typeid=i","cat":284595},{"id":32817,"n":"Eau minérale Mont Blanc 6x1.5L","p":3.17,"u":"0,35 €/L","img":"https://fd13-photos.leclercdrive.fr/image.ashx?id=2401110&use=l&cat=p&typeid=i","cat":284535},{"id":32878,"n":"Biscuits fins P'tit Déli Assortiment - 400g","p":4.55,"u":"11,38 €/KG","img":"https://fd13-photos.leclercdrive.fr/image.ashx?id=2563154&use=l&cat=p&typeid=i","cat":284490},{"id":32934,"n":"Bière blanche 1664 Blanc 5° - 12x25cl","p":8.94,"u":"2,98 €/L","img":"https://fd13-photos.leclercdrive.fr/image.ashx?id=2886696&use=l&cat=p&typeid=i","cat":334878},{"id":32949,"n":"Gel Douche Fa Cap tonique mixte flacon- 250ml","p":1.41,"u":"5,64 €/L","img":"https://fd13-photos.leclercdrive.fr/image.ashx?id=2995418&use=l&cat=p&typeid=i","cat":284594},{"id":32957,"n":"Poitrine fumée Herta 2x100g","p":2.9,"u":"14,50 €/KG","img":"https://fd13-photos.leclercdrive.fr/image.ashx?id=2787773&use=l&cat=p&typeid=i","cat":316011},{"id":32969,"n":"Mousse à raser Carré Homme Menthol 250ml","p":1.39,"u":"5,56 €/L","img":"https://fd13-photos.leclercdrive.fr/image.ashx?id=1929319&use=l&cat=p&typeid=i","cat":284617},{"id":32970,"n":"Lingettes Bionaïa Démaquillantes Bio x25","p":0.99,"u":"0,04 €/P","img":"https://fd13-photos.leclercdrive.fr/image.ashx?id=2376025&use=l&cat=p&typeid=i","cat":284603},{"id":32971,"n":"Mousse à raser Carré Homme Protectrice 250ml","p":1.12,"u":"4,48 €/L","img":"https://fd13-photos.leclercdrive.fr/image.ashx?id=2842289&use=l&cat=p&typeid=i","cat":284617},{"id":32972,"n":"Gel nettoyant Inell Visage 3 en 1 - 150ml","p":2.95,"u":"19,67 €/L","img":"https://fd13-photos.leclercdrive.fr/image.ashx?id=2644849&use=l&cat=p&typeid=i","cat":284603},{"id":32973,"n":"Eau micellaire Inell 500ml","p":2.44,"u":"4,88 €/L","img":"https://fd13-photos.leclercdrive.fr/image.ashx?id=1938870&use=l&cat=p&typeid=i","cat":284603},{"id":32981,"n":"Biscuits sec thé P'tit Déli 340g","p":1.22,"u":"3,59 €/KG","img":"https://fd13-photos.leclercdrive.fr/image.ashx?id=2679488&use=l&cat=p&typeid=i","cat":284487},{"id":32982,"n":"Pâtes coquillettes Turini Les 3 min - 1kg","p":1.52,"u":"1,52 €/KG","img":"https://fd13-photos.leclercdrive.fr/image.ashx?id=2607530&use=l&cat=p&typeid=i","cat":284427},{"id":32985,"n":"Riz long Comptoir du Grain Cuisson rapide - 2kg","p":3.36,"u":"1,68 €/KG","img":"https://fd13-photos.leclercdrive.fr/image.ashx?id=2226197&use=l&cat=p&typeid=i","cat":284428},{"id":32986,"n":"Pâtes penne Turini Les 3 min - 500g","p":0.99,"u":"1,98 €/KG","img":"https://fd13-photos.leclercdrive.fr/image.ashx?id=2744240&use=l&cat=p&typeid=i","cat":284427},{"id":33004,"n":"Mousse au chocolat Marie Morin A l'ancienne - 2x100g","p":3.44,"u":"17,20 €/KG","img":"https://fd13-photos.leclercdrive.fr/image.ashx?id=2631687&use=l&cat=p&typeid=i","cat":284417},{"id":33005,"n":"Oeufs Les Eleveurs de Bretagne Bio plein air - x10","p":3.45,"u":"0,35 €/P","img":"https://fd13-photos.leclercdrive.fr/image.ashx?id=2187586&use=l&cat=p&typeid=i","cat":284378},{"id":33019,"n":"Crème Nourrissante Nivea Visage Corps Mains - 150ml","p":1.88,"u":"12,53 €/L","img":"https://fd13-photos.leclercdrive.fr/image.ashx?id=2600536&use=l&cat=p&typeid=i","cat":325350},{"id":33046,"n":"Tuiles Tokapi Epicé - 170g","p":1.39,"u":"8,18 €/KG","img":"https://fd13-photos.leclercdrive.fr/image.ashx?id=2641277&use=l&cat=p&typeid=i","cat":287899},{"id":33047,"n":"AOC Bordeaux vin rouge Chantet Blanet - BIB 5L","p":15.49,"u":"3,10 €/L","img":"https://fd13-photos.leclercdrive.fr/image.ashx?id=2952391&use=l&cat=p&typeid=i","cat":289560},{"id":33063,"n":"Lait de toilette Mots d'Enfants Extra-doux - 750ml","p":3.69,"u":"4,92 €/L","img":"https://fd13-photos.leclercdrive.fr/image.ashx?id=2266495&use=l&cat=p&typeid=i","cat":284741},{"id":33097,"n":"Steak haché façon bouchère 560g Férial - 15%mg - X4","p":10.39,"u":"18,55 €/KG","img":"https://fd13-photos.leclercdrive.fr/image.ashx?id=3004660&use=l&cat=p&typeid=i","cat":319778},{"id":33098,"n":"Viande hachée Férial 15%mg - 400G","p":5.92,"u":"14,80 €/KG","img":"https://fd13-photos.leclercdrive.fr/image.ashx?id=2966517&use=l&cat=p&typeid=i","cat":319779},{"id":33150,"n":"Blanquette Weight Watchers Poulet 300g","p":3.32,"u":"11,07 €/KG","img":"https://fd13-photos.leclercdrive.fr/image.ashx?id=2880739&use=l&cat=p&typeid=i","cat":333665},{"id":33159,"n":"IGP Ardèche blanc Pont d'Arc - BIB 5L","p":11.2,"u":"2,24 €/L","img":"https://fd13-photos.leclercdrive.fr/image.ashx?id=2527916&use=l&cat=p&typeid=i","cat":289560},{"id":33197,"n":"Café moulu Plantation Colombie - 250g","p":3.87,"u":"15,48 €/KG","img":"https://fd13-photos.leclercdrive.fr/image.ashx?id=2824268&use=l&cat=p&typeid=i","cat":284750},{"id":33199,"n":"Sirop Eco+ Fraise - 1L","p":2.43,"u":"2,43 €/L","img":"https://fd13-photos.leclercdrive.fr/image.ashx?id=2959698&use=l&cat=p&typeid=i","cat":295020},{"id":33200,"n":"Sirop menthe Eco+ 1L","p":1.41,"u":"1,41 €/L","img":"https://fd13-photos.leclercdrive.fr/image.ashx?id=2909831&use=l&cat=p&typeid=i","cat":295020},{"id":33239,"n":"Café Soluble Nescafé Spécial Filtre - x25 - 50g","p":2.77,"u":"55,40 €/KG","img":"https://fd13-photos.leclercdrive.fr/image.ashx?id=2485134&use=l&cat=p&typeid=i","cat":284843},{"id":33251,"n":"Déodorant Manava peux sensibles Anti-transpirant spray - 200ml","p":1.34,"u":"6,70 €/L","img":"https://fd13-photos.leclercdrive.fr/image.ashx?id=1979248&use=l&cat=p&typeid=i","cat":284595},{"id":33255,"n":"Pâtes farfalle Turini Les 3 min - 500g","p":1.07,"u":"2,14 €/KG","img":"https://fd13-photos.leclercdrive.fr/image.ashx?id=2669723&use=l&cat=p&typeid=i","cat":284427},{"id":33256,"n":"Sachet cuisson Rustica Poulet herbes de provence - 34g","p":0.6,"u":"17,65 €/KG","img":"https://fd13-photos.leclercdrive.fr/image.ashx?id=1886674&use=l&cat=p&typeid=i","cat":288380},{"id":33258,"n":"Sachet cuisson Rustica Poulet ail et oignon - 36g","p":0.59,"u":"16,39 €/KG","img":"https://fd13-photos.leclercdrive.fr/image.ashx?id=1886680&use=l&cat=p&typeid=i","cat":288380},{"id":33259,"n":"Sachet cuisson Rustica Poulet paprika et tomates - 34g","p":0.67,"u":"19,71 €/KG","img":"https://fd13-photos.leclercdrive.fr/image.ashx?id=2578632&use=l&cat=p&typeid=i","cat":288380},{"id":33260,"n":"Sachet cuisson Rustica Porc goût barbecue - 28g","p":0.61,"u":"21,79 €/KG","img":"https://fd13-photos.leclercdrive.fr/image.ashx?id=1886677&use=l&cat=p&typeid=i","cat":288380},{"id":33262,"n":"Céréales Corn Flakes Kellogg's 500g","p":2.4,"u":"4,80 €/KG","img":"https://fd13-photos.leclercdrive.fr/image.ashx?id=2522005&use=l&cat=p&typeid=i","cat":309513},{"id":33266,"n":"Céréales Smacks Kellogg's 400g","p":2.37,"u":"5,93 €/KG","img":"https://fd13-photos.leclercdrive.fr/image.ashx?id=2584235&use=l&cat=p&typeid=i","cat":309513},{"id":33269,"n":"Pommes de terre Pom'lisse Grenaille - 450g","p":2.6,"u":"5,78 €/KG","img":"https://fd13-photos.leclercdrive.fr/image.ashx?id=2704708&use=l&cat=p&typeid=i","cat":319792},{"id":33274,"n":"Pâtes spaghetti Turini Les 3 min - 1kg","p":1.59,"u":"1,59 €/KG","img":"https://fd13-photos.leclercdrive.fr/image.ashx?id=2607533&use=l&cat=p&typeid=i","cat":284427},{"id":33287,"n":"Pâtes Torsettes Turini 3 min - 1kg","p":1.66,"u":"1,66 €/KG","img":"https://fd13-photos.leclercdrive.fr/image.ashx?id=2744237&use=l&cat=p&typeid=i","cat":284427},{"id":33299,"n":"Sérum physiologique Mots d'Enfants 5ml x40","p":2.19,"u":"10,95 €/L","img":"https://fd13-photos.leclercdrive.fr/image.ashx?id=3014209&use=l&cat=p&typeid=i","cat":284741},{"id":33301,"n":"Soda light  Pulp'Orange Orange Bouteille - 1,5L","p":1.39,"u":"0,93 €/L","img":"https://fd13-photos.leclercdrive.fr/image.ashx?id=2922412&use=l&cat=p&typeid=i","cat":284532},{"id":33304,"n":"Soja cuisine Bio Village Fluide bio - 3x20cl","p":1.61,"u":"2,68 €/L","img":"https://fd13-photos.leclercdrive.fr/image.ashx?id=2493679&use=l&cat=p&typeid=i","cat":316069},{"id":33306,"n":"Sucre pure canne Bio Village En poudre bio - 500g","p":1.66,"u":"3,32 €/KG","img":"https://fd13-photos.leclercdrive.fr/image.ashx?id=2115878&use=l&cat=p&typeid=i","cat":284502},{"id":33307,"n":"Semoule de blé fine Comptoir du Grain - 500g","p":0.96,"u":"1,92 €/KG","img":"https://fd13-photos.leclercdrive.fr/image.ashx?id=3012842&use=l&cat=p&typeid=i","cat":284429},{"id":33334,"n":"Crème hydratante Mots d'Enfants Bébé - 100ml","p":2.37,"u":"23,70 €/L","img":"https://fd13-photos.leclercdrive.fr/image.ashx?id=3014218&use=l&cat=p&typeid=i","cat":284741},{"id":33336,"n":"Gel lavant bébé Mots d'Enfants Corps et cheveux - 750ml","p":3.15,"u":"4,20 €/L","img":"https://fd13-photos.leclercdrive.fr/image.ashx?id=3014224&use=l&cat=p&typeid=i","cat":284740},{"id":33399,"n":"Pâte d'amande 40% Vahiné Tricolore 150g","p":2.09,"u":"13,93 €/KG","img":"https://fd13-photos.leclercdrive.fr/image.ashx?id=2014370&use=l&cat=p&typeid=i","cat":284504},{"id":33440,"n":"AOP Crémant d'Alsace rosé Brut - Wolfberger - 75cl","p":8.5,"u":"11,33 €/L","img":"https://fd13-photos.leclercdrive.fr/image.ashx?id=2556123&use=l&cat=p&typeid=i","cat":284545},{"id":33442,"n":"Cocktail fruits de mer Escal 900g","p":10.89,"u":"12,10 €/KG","img":"https://fd13-photos.leclercdrive.fr/image.ashx?id=2438609&use=l&cat=p&typeid=i","cat":319787},{"id":33498,"n":"Jus de pomme pétillant Champomy Gold Pomme Pêche - 75cl","p":2.71,"u":"3,61 €/L","img":"https://fd13-photos.leclercdrive.fr/image.ashx?id=2688629&use=l&cat=p&typeid=i","cat":289460},{"id":33499,"n":"Jus de pomme pétillant Champomy Pink Pomme Raisin - 75cl","p":2.82,"u":"3,76 €/L","img":"https://fd13-photos.leclercdrive.fr/image.ashx?id=2688638&use=l&cat=p&typeid=i","cat":289460},{"id":33503,"n":"Salade & Cie Sodebo Antibes Thon riz - 320g","p":3.13,"u":"9,78 €/KG","img":"https://fd13-photos.leclercdrive.fr/image.ashx?id=2799431&use=l&cat=p&typeid=i","cat":333657},{"id":33594,"n":"Cacahuètes  Benenuts Grillées salées - 220g","p":1.26,"u":"5,73 €/KG","img":"https://fd13-photos.leclercdrive.fr/image.ashx?id=2418762&use=l&cat=p&typeid=i","cat":284448},{"id":33595,"n":"Monster Munch Salé - 85g","p":0.98,"u":"11,53 €/KG","img":"https://fd13-photos.leclercdrive.fr/image.ashx?id=2971598&use=l&cat=p&typeid=i","cat":284449},{"id":33596,"n":"Monster Munch Jambon fromage - 85g","p":0.96,"u":"11,29 €/KG","img":"https://fd13-photos.leclercdrive.fr/image.ashx?id=2971604&use=l&cat=p&typeid=i","cat":284449},{"id":33618,"n":"Tomate ronde en grappe 1kg","p":3.99,"u":"3,99 €/KG","img":"https://fd13-photos.leclercdrive.fr/image.ashx?id=1701019&use=l&cat=p&typeid=i","cat":284352},{"id":33667,"n":"Crème de cassis Auguste Mugniot 15%vol. - 70cl","p":4.89,"u":"6,99 €/L","img":"https://fd13-photos.leclercdrive.fr/image.ashx?id=1211501&use=l&cat=p&typeid=i","cat":286032},{"id":33680,"n":"Croquettes grands chiens Lydog Boeuf Volaille - 14.5kg","p":18.5,"u":"1,28 €/KG","img":"https://fd13-photos.leclercdrive.fr/image.ashx?id=2054975&use=l&cat=p&typeid=i","cat":284672},{"id":33695,"n":"Coq'ailes Maître Coq Croustillante - 250g","p":3.51,"u":"14,04 €/KG","img":"https://fd13-photos.leclercdrive.fr/image.ashx?id=2848791&use=l&cat=p&typeid=i","cat":333685},{"id":33696,"n":"Coq'ailes Maître Coq Grillé - 250g","p":3.51,"u":"14,04 €/KG","img":"https://fd13-photos.leclercdrive.fr/image.ashx?id=2848794&use=l&cat=p&typeid=i","cat":333685},{"id":33697,"n":"Cuisses de poulet Maître Coq 1.4kg","p":6.35,"u":"4,54 €/KG","img":"https://fd13-photos.leclercdrive.fr/image.ashx?id=2551126&use=l&cat=p&typeid=i","cat":284336},{"id":33744,"n":"AOP Côtes du Rhône vin rouge Bernard Cordelier - 75cl","p":1.99,"u":"2,65 €/L","img":"https://fd13-photos.leclercdrive.fr/image.ashx?id=794023&use=l&cat=p&typeid=i","cat":289556},{"id":33745,"n":"IGP Pays d'Oc rosé Cinsault  Syrah Ormes de Cambras - BIB 5L","p":14.99,"u":"3,00 €/L","img":"https://fd13-photos.leclercdrive.fr/image.ashx?id=2445118&use=l&cat=p&typeid=i","cat":289560},{"id":33749,"n":"IGP Terres du Midi Listel Vin rosé 12% vol - BIB 3L","p":13.0,"u":"4,33 €/L","img":"https://fd13-photos.leclercdrive.fr/image.ashx?id=2883468&use=l&cat=p&typeid=i","cat":289560},{"id":33754,"n":"Vin de l'Union Européenne blanc François d'Aubigné - 75cl","p":1.99,"u":"2,65 €/L","img":"https://fd13-photos.leclercdrive.fr/image.ashx?id=2753357&use=l&cat=p&typeid=i","cat":289557},{"id":33755,"n":"AOP Monbazillac vin blanc Bernard Cordelier - 75 cl","p":5.99,"u":"7,99 €/L","img":"https://fd13-photos.leclercdrive.fr/image.ashx?id=2809184&use=l&cat=p&typeid=i","cat":289557},{"id":33757,"n":"Vin blanc  Mâcon Villages - 75cl","p":7.5,"u":"10,00 €/L","img":"https://fd13-photos.leclercdrive.fr/image.ashx?id=1758376&use=l&cat=p&typeid=i","cat":289557},{"id":33773,"n":"Biscuits petit dej P'tit Déli  Multi céréales - 400g","p":1.84,"u":"4,60 €/KG","img":"https://fd13-photos.leclercdrive.fr/image.ashx?id=2999505&use=l&cat=p&typeid=i","cat":284491},{"id":33792,"n":"Crème mains bio Bio NaÏa Hydratante - 100ml","p":1.99,"u":"19,90 €/L","img":"https://fd13-photos.leclercdrive.fr/image.ashx?id=2558811&use=l&cat=p&typeid=i","cat":325354},{"id":33801,"n":"Crème protectrice - change Mots d'Enfants - 100ml","p":1.99,"u":"19,90 €/L","img":"https://fd13-photos.leclercdrive.fr/image.ashx?id=2320468&use=l&cat=p&typeid=i","cat":284741},{"id":33802,"n":"Lait Démaquillant bio Bio Naïa Visage 250ml","p":2.56,"u":"10,24 €/L","img":"https://fd13-photos.leclercdrive.fr/image.ashx?id=2399752&use=l&cat=p&typeid=i","cat":284603},{"id":33804,"n":"Déodorant Manava Douceur satin 200ml","p":1.39,"u":"6,95 €/L","img":"https://fd13-photos.leclercdrive.fr/image.ashx?id=2835202&use=l&cat=p&typeid=i","cat":284595},{"id":33805,"n":"Lingettes désinfectantes Clair Anti-bactériennes x40","p":1.05,"u":"0,03 €/P","img":"https://fd13-photos.leclercdrive.fr/image.ashx?id=2768095&use=l&cat=p&typeid=i","cat":325358},{"id":33809,"n":"Sachet fraîcheur chat Sheba  Poissons en sauce - 12x85g","p":4.91,"u":"4,81 €/KG","img":"https://fd13-photos.leclercdrive.fr/image.ashx?id=2759631&use=l&cat=p&typeid=i","cat":285286},{"id":33811,"n":"Pastis de Marseille 45%vol - 1L","p":16.35,"u":"16,35 €/L","img":"https://fd13-photos.leclercdrive.fr/image.ashx?id=2637817&use=l&cat=p&typeid=i","cat":284548},{"id":33812,"n":"Sachet fraîcheur chat Sheba  Mixte en sauce - 12x85g","p":4.91,"u":"4,81 €/KG","img":"https://fd13-photos.leclercdrive.fr/image.ashx?id=2759649&use=l&cat=p&typeid=i","cat":285286},{"id":33816,"n":"Bâtonnets Dentastix Pedigree Moyen chien x56 - 1440g","p":14.04,"u":"10,03 €/KG","img":"https://fd13-photos.leclercdrive.fr/image.ashx?id=2980185&use=l&cat=p&typeid=i","cat":294527},{"id":33819,"n":"Friandises chien Pedigree  Rodeo bœuf x4 - 70g","p":0.85,"u":"12,14 €/KG","img":"https://fd13-photos.leclercdrive.fr/image.ashx?id=2997202&use=l&cat=p&typeid=i","cat":294527},{"id":33820,"n":"Friandises chat Catisfactions Saumon - 60g","p":1.15,"u":"19,17 €/KG","img":"https://fd13-photos.leclercdrive.fr/image.ashx?id=2912605&use=l&cat=p&typeid=i","cat":285285},{"id":33824,"n":"Pur jus multifruits Jafaden  Orange Carotte Banane - 1L","p":2.29,"u":"2,29 €/L","img":"https://fd13-photos.leclercdrive.fr/image.ashx?id=2841157&use=l&cat=p&typeid=i","cat":284917},{"id":33847,"n":"Pur jus multifruits Jafaden Orange Ananas Mangue - 1L","p":2.29,"u":"2,29 €/L","img":"https://fd13-photos.leclercdrive.fr/image.ashx?id=2841160&use=l&cat=p&typeid=i","cat":284917},{"id":33848,"n":"Pur jus multifruits Jafaden  Orange Clémentine Banane - 1L","p":2.35,"u":"2,35 €/L","img":"https://fd13-photos.leclercdrive.fr/image.ashx?id=2841163&use=l&cat=p&typeid=i","cat":284917},{"id":33849,"n":"Shampooing bio Bio naïa 250ml","p":1.75,"u":"7,00 €/L","img":"https://fd13-photos.leclercdrive.fr/image.ashx?id=2822117&use=l&cat=p&typeid=i","cat":284606},{"id":33850,"n":"Eponges multi-usage Mamison Vertes - X6","p":1.75,"u":"0,29 €/P","img":"https://fd13-photos.leclercdrive.fr/image.ashx?id=2175768&use=l&cat=p&typeid=i","cat":284667},{"id":33852,"n":"Cubes allume-feu Silex x72 cubes","p":3.05,"u":"0,04 €/P","img":"https://fd13-photos.leclercdrive.fr/image.ashx?id=1304486&use=l&cat=p&typeid=i","cat":300578},{"id":33882,"n":"Farfalle Bio Village Bio Au blé complet - 500g","p":1.93,"u":"3,86 €/KG","img":"https://fd13-photos.leclercdrive.fr/image.ashx?id=2625373&use=l&cat=p&typeid=i","cat":284427},{"id":33885,"n":"Olives noires  Rustica Dénoyautées - 180g","p":1.23,"u":"6,83 €/KG","img":"https://fd13-photos.leclercdrive.fr/image.ashx?id=1698893&use=l&cat=p&typeid=i","cat":284458},{"id":33887,"n":"Pains grillés complet Epi d'or 400g","p":1.57,"u":"3,93 €/KG","img":"https://fd13-photos.leclercdrive.fr/image.ashx?id=2982610&use=l&cat=p&typeid=i","cat":284479},{"id":33891,"n":"Paëlla royale Côté Table 300g","p":3.39,"u":"11,30 €/KG","img":"https://fd13-photos.leclercdrive.fr/image.ashx?id=2393872&use=l&cat=p&typeid=i","cat":284953},{"id":33892,"n":"Poule au riz Côté table 300g","p":2.31,"u":"7,70 €/KG","img":"https://fd13-photos.leclercdrive.fr/image.ashx?id=2393875&use=l&cat=p&typeid=i","cat":284953},{"id":33893,"n":"Penne Bio Village  Bio - 500g","p":0.89,"u":"1,78 €/KG","img":"https://fd13-photos.leclercdrive.fr/image.ashx?id=2625370&use=l&cat=p&typeid=i","cat":284427},{"id":33909,"n":"P'tit sablé P'tit Déli Au sel de Guérande 130g","p":1.09,"u":"8,38 €/KG","img":"https://fd13-photos.leclercdrive.fr/image.ashx?id=2372344&use=l&cat=p&typeid=i","cat":284487},{"id":33910,"n":"Biscuit Petit beurre P'tit Déli Chocolat noir pocket - 250g","p":2.39,"u":"9,56 €/KG","img":"https://fd13-photos.leclercdrive.fr/image.ashx?id=2919616&use=l&cat=p&typeid=i","cat":284488},{"id":33914,"n":"Tartines craquante  Sans Gluten - 2x125g","p":2.59,"u":"10,36 €/KG","img":"https://fd13-photos.leclercdrive.fr/image.ashx?id=2518550&use=l&cat=p&typeid=i","cat":318654},{"id":33915,"n":"Veau aux légumes Côté table Barquette 280g","p":2.29,"u":"8,18 €/KG","img":"https://fd13-photos.leclercdrive.fr/image.ashx?id=2476152&use=l&cat=p&typeid=i","cat":284953},{"id":33917,"n":"Thon entier Pêche Océan Huile d'olive - 160g","p":2.29,"u":"14,31 €/KG","img":"https://fd13-photos.leclercdrive.fr/image.ashx?id=2942196&use=l&cat=p&typeid=i","cat":303867},{"id":33918,"n":"Pâtes torsettes Turini Blé complet - 500g","p":0.99,"u":"1,98 €/KG","img":"https://fd13-photos.leclercdrive.fr/image.ashx?id=2607527&use=l&cat=p&typeid=i","cat":284427},{"id":33921,"n":"Boisson énergisante X-tense Bouteille - 1L","p":1.8,"u":"1,80 €/L","img":"https://fd13-photos.leclercdrive.fr/image.ashx?id=2956101&use=l&cat=p&typeid=i","cat":284533},{"id":33923,"n":"Filets d'Anchois Pêche Océan Marinés Nature - 100g","p":1.99,"u":"19,90 €/KG","img":"https://fd13-photos.leclercdrive.fr/image.ashx?id=2992513&use=l&cat=p&typeid=i","cat":285190},{"id":33925,"n":"Hachés au thon Pêche Océan Albacore à la tomate - 200g","p":2.7,"u":"13,50 €/KG","img":"https://fd13-photos.leclercdrive.fr/image.ashx?id=2953629&use=l&cat=p&typeid=i","cat":284344},{"id":33926,"n":"Abricots secs Couleurs Vives Moelleux - 500g","p":4.49,"u":"8,98 €/KG","img":"https://fd13-photos.leclercdrive.fr/image.ashx?id=2202407&use=l&cat=p&typeid=i","cat":284357},{"id":33988,"n":"Bloc WC Syphon Activ' Effect Marine x1","p":1.55,"img":"https://fd13-photos.leclercdrive.fr/image.ashx?id=2302690&use=l&cat=p&typeid=i","cat":284662},{"id":33989,"n":"Coq au vin Côté Table 400g","p":2.5,"u":"6,25 €/KG","img":"https://fd13-photos.leclercdrive.fr/image.ashx?id=1986273&use=l&cat=p&typeid=i","cat":284441},{"id":33992,"n":"Soda Coca-Cola Zéro Cherry  Bouteille - 1,25L","p":1.74,"u":"1,39 €/L","img":"https://fd13-photos.leclercdrive.fr/image.ashx?id=2678158&use=l&cat=p&typeid=i","cat":284530},{"id":34006,"n":"Boisson aux fruits Capri Sun Tropical - 10x20cl","p":3.59,"u":"1,80 €/L","img":"https://fd13-photos.leclercdrive.fr/image.ashx?id=2506399&use=l&cat=p&typeid=i","cat":295018},{"id":34007,"n":"Bâtonnets Dentastix Pedigree  Fresh Moyen chien x7 - 180g","p":2.54,"u":"14,11 €/KG","img":"https://fd13-photos.leclercdrive.fr/image.ashx?id=2850171&use=l&cat=p&typeid=i","cat":294527},{"id":34009,"n":"Cuisse de canard Les Eleveurs de l'Ouest - 350g","p":4.55,"u":"13,00 €/KG","img":"https://fd13-photos.leclercdrive.fr/image.ashx?id=2686909&use=l&cat=p&typeid=i","cat":284339},{"id":34064,"n":"Les Craquelins de Saint Malo Traditionnel - 180g","p":3.03,"u":"16,83 €/KG","img":"https://fd13-photos.leclercdrive.fr/image.ashx?id=2750477&use=l&cat=p&typeid=i","cat":284479},{"id":34106,"n":"Dosettes café Plantation  Classique - x36 - 250g","p":3.72,"u":"14,88 €/KG","img":"https://fd13-photos.leclercdrive.fr/image.ashx?id=2622109&use=l&cat=p&typeid=i","cat":293238},{"id":34107,"n":"Dosettes café Plantation  Corsé - x36 - 250g","p":3.72,"u":"14,88 €/KG","img":"https://fd13-photos.leclercdrive.fr/image.ashx?id=2622112&use=l&cat=p&typeid=i","cat":293238},{"id":34175,"n":"Bouillon de boeuf Jardin Bio' Bio cube sans huile palme - x8","p":1.77,"u":"22,13 €/KG","img":"https://fd13-photos.leclercdrive.fr/image.ashx?id=2535532&use=l&cat=p&typeid=i","cat":288379},{"id":34176,"n":"Bouillon de légumes Jardin Bio' Bio cube sans huile palme x10","p":1.98,"u":"22,00 €/KG","img":"https://fd13-photos.leclercdrive.fr/image.ashx?id=2990844&use=l&cat=p&typeid=i","cat":288379},{"id":34177,"n":"Effilés aux legumes Purina One Poulet / Boeufs - 4x85g","p":1.94,"u":"5,71 €/KG","img":"https://fd13-photos.leclercdrive.fr/image.ashx?id=2467483&use=l&cat=p&typeid=i","cat":285286},{"id":34178,"n":"Sachet repas chats Purina One Viandes et Poissons - 4x85g","p":1.98,"u":"5,82 €/KG","img":"https://fd13-photos.leclercdrive.fr/image.ashx?id=2467486&use=l&cat=p&typeid=i","cat":285286},{"id":34184,"n":"Filets poulet blanc Maître Coq 600g","p":6.89,"u":"11,48 €/KG","img":"https://fd13-photos.leclercdrive.fr/image.ashx?id=2551156&use=l&cat=p&typeid=i","cat":284336},{"id":34186,"n":"Aiguillettes poulet Maitre coq Blanc - 450g","p":5.8,"u":"12,89 €/KG","img":"https://fd13-photos.leclercdrive.fr/image.ashx?id=2551162&use=l&cat=p&typeid=i","cat":284336},{"id":34196,"n":"Gratin Fleury Michon Choux-fleur jambon 280g","p":2.7,"u":"9,64 €/KG","img":"https://fd13-photos.leclercdrive.fr/image.ashx?id=3003293&use=l&cat=p&typeid=i","cat":333665},{"id":34197,"n":"Aiguillettes de poulet  Douce France - 280g","p":4.7,"u":"16,79 €/KG","img":"https://fd13-photos.leclercdrive.fr/image.ashx?id=2629067&use=l&cat=p&typeid=i","cat":284336},{"id":34198,"n":"Filet poulet blanc Douce France  x2 -300G","p":4.39,"u":"14,63 €/KG","img":"https://fd13-photos.leclercdrive.fr/image.ashx?id=2305323&use=l&cat=p&typeid=i","cat":284336},{"id":34204,"n":"Lait corps bio Bio naïa 250ml","p":3.83,"u":"15,32 €/L","img":"https://fd13-photos.leclercdrive.fr/image.ashx?id=1657043&use=l&cat=p&typeid=i","cat":325349},{"id":34258,"n":"Bière blonde spéciale 5 Lager Canette - 5%vol. - 50cl","p":0.79,"u":"1,58 €/L","img":"https://fd13-photos.leclercdrive.fr/image.ashx?id=1196544&use=l&cat=p&typeid=i","cat":334853},{"id":34326,"n":"Dosettes café Plantation  Caramel - x10 - 70g","p":1.63,"u":"23,29 €/KG","img":"https://fd13-photos.leclercdrive.fr/image.ashx?id=2033756&use=l&cat=p&typeid=i","cat":293238},{"id":34327,"n":"Dosettes café Plantation Noisette - x10 - 70g","p":1.82,"u":"26,00 €/KG","img":"https://fd13-photos.leclercdrive.fr/image.ashx?id=2664578&use=l&cat=p&typeid=i","cat":293238},{"id":34333,"n":"Boisson à base de vin rosé Very Framboise - 75cl","p":2.95,"u":"3,93 €/L","img":"https://fd13-photos.leclercdrive.fr/image.ashx?id=2446632&use=l&cat=p&typeid=i","cat":304569},{"id":34334,"n":"Boisson à base de vin blanc  Very Pech'- Pêche - 75cl","p":2.95,"u":"3,93 €/L","img":"https://fd13-photos.leclercdrive.fr/image.ashx?id=2443874&use=l&cat=p&typeid=i","cat":304569},{"id":34350,"n":"Shampooing sec Vitanove Cheveux normaux - 150ml","p":2.09,"u":"13,93 €/L","img":"https://fd13-photos.leclercdrive.fr/image.ashx?id=2669720&use=l&cat=p&typeid=i","cat":289143},{"id":34406,"n":"Dosettes café Plantation  Décaféiné - x36 - 250g","p":3.95,"u":"15,80 €/KG","img":"https://fd13-photos.leclercdrive.fr/image.ashx?id=2824274&use=l&cat=p&typeid=i","cat":293238},{"id":34500,"n":"Dosettes café Plantation  Classique - x48 - 336g","p":4.95,"u":"14,73 €/KG","img":"https://fd13-photos.leclercdrive.fr/image.ashx?id=2824271&use=l&cat=p&typeid=i","cat":293238},{"id":34512,"n":"AOC Buzet vin rouge Terrasses d'Autan - BIB 3L","p":11.49,"u":"3,83 €/L","img":"https://fd13-photos.leclercdrive.fr/image.ashx?id=2236302&use=l&cat=p&typeid=i","cat":289560},{"id":34519,"n":"Vin mousseux brut rosé  produit en Allemagne -75cl","p":2.99,"u":"3,99 €/L","img":"https://fd13-photos.leclercdrive.fr/image.ashx?id=2523359&use=l&cat=p&typeid=i","cat":284544},{"id":34579,"n":"AOC Corbières rouge Château Saint Esteve - 75cl","p":6.9,"u":"9,20 €/L","img":"https://fd13-photos.leclercdrive.fr/image.ashx?id=2734978&use=l&cat=p&typeid=i","cat":289556},{"id":34580,"n":"AOP Minervois rouge Château Remaury - 75cl","p":5.5,"u":"7,33 €/L","img":"https://fd13-photos.leclercdrive.fr/image.ashx?id=2474521&use=l&cat=p&typeid=i","cat":289556},{"id":34633,"n":"Vinaigre blanc Saas Melfor Vinaigre d'alcool - 1L","p":0.77,"u":"0,77 €/L","img":"https://fd13-photos.leclercdrive.fr/image.ashx?id=2354812&use=l&cat=p&typeid=i","cat":298543},{"id":34648,"n":"Anti Mouches – Catch Papier Tue-Mouches – 4 rouleaux","p":1.28,"u":"0,32 €/P","img":"https://fd13-photos.leclercdrive.fr/image.ashx?id=1940774&use=l&cat=p&typeid=i","cat":298368},{"id":34659,"n":"Mini chinois Epi d'Or Nature x6 - 300g","p":1.78,"u":"5,93 €/KG","img":"https://fd13-photos.leclercdrive.fr/image.ashx?id=2860739&use=l&cat=p&typeid=i","cat":296366},{"id":34660,"n":"Pruneaux d'Agen Couleurs Vives Dénoyautés - 250g","p":2.99,"u":"11,96 €/KG","img":"https://fd13-photos.leclercdrive.fr/image.ashx?id=2093129&use=l&cat=p&typeid=i","cat":284357},{"id":34670,"n":"Oignons jaunes Filière Panier du Primeur Filet 1kg","p":1.99,"u":"1,99 €/KG","img":"https://fd13-photos.leclercdrive.fr/image.ashx?id=2953734&use=l&cat=p&typeid=i","cat":284352},{"id":34671,"n":"Echalote traditionnelle filière Panier du Primeur Filet 250g","p":1.29,"u":"5,16 €/KG","img":"https://fd13-photos.leclercdrive.fr/image.ashx?id=2965500&use=l&cat=p&typeid=i","cat":284352},{"id":34672,"n":"Ail blanc Panier du Primeur A mijoter et à confire x3","p":2.69,"u":"0,90 €/P","img":"https://fd13-photos.leclercdrive.fr/image.ashx?id=2958720&use=l&cat=p&typeid=i","cat":284352},{"id":34679,"n":"Eponges grattantes Mamison Couleurs pop x2","p":1.32,"u":"0,66 €/P","img":"https://fd13-photos.leclercdrive.fr/image.ashx?id=2207724&use=l&cat=p&typeid=i","cat":284667},{"id":34684,"n":"Eponges grattantes Mamison Fibres naturelles X2","p":1.25,"u":"0,63 €/P","img":"https://fd13-photos.leclercdrive.fr/image.ashx?id=2387088&use=l&cat=p&typeid=i","cat":284667},{"id":34693,"n":"Briochettes pépites Epi d'Or Chocolat au lait x12 - 500g","p":2.44,"u":"4,88 €/KG","img":"https://fd13-photos.leclercdrive.fr/image.ashx?id=2867913&use=l&cat=p&typeid=i","cat":293505},{"id":34694,"n":"Briochettes pépites Epi d'Or Chocolat - x12 500g","p":2.79,"u":"5,58 €/KG","img":"https://fd13-photos.leclercdrive.fr/image.ashx?id=2867910&use=l&cat=p&typeid=i","cat":293505},{"id":34697,"n":"Granulés Eparcyl Sachet 200g","p":8.64,"u":"43,20 €/KG","img":"https://fd13-photos.leclercdrive.fr/image.ashx?id=2352585&use=l&cat=p&typeid=i","cat":284662},{"id":34718,"n":"Épinards à cuire Panier Primeur 400g","p":1.99,"u":"4,98 €/KG","img":"https://fd13-photos.leclercdrive.fr/image.ashx?id=2715994&use=l&cat=p&typeid=i","cat":284353},{"id":34763,"n":"Huile Cheveux Elsève Sublimateur Cheveu sec - 100ml","p":10.09,"u":"100,90 €/L","img":"https://fd13-photos.leclercdrive.fr/image.ashx?id=2870671&use=l&cat=p&typeid=i","cat":284608},{"id":34813,"n":"Thé Britley Citron - x25 - 40g","p":0.88,"u":"22,00 €/KG","img":"https://fd13-photos.leclercdrive.fr/image.ashx?id=2645948&use=l&cat=p&typeid=i","cat":293233},{"id":34841,"n":"Rillettes Tradilège poulet rôti 220g","p":1.85,"u":"8,41 €/KG","img":"https://fd13-photos.leclercdrive.fr/image.ashx?id=2930924&use=l&cat=p&typeid=i","cat":316008},{"id":34845,"n":"IGP Vinaigre balsamique Maille 50cl","p":3.22,"u":"6,44 €/L","img":"https://fd13-photos.leclercdrive.fr/image.ashx?id=2866178&use=l&cat=p&typeid=i","cat":298543},{"id":34851,"n":"Rillettes Tradilège poulet rôti 400g Format familial","p":3.35,"u":"8,38 €/KG","img":"https://fd13-photos.leclercdrive.fr/image.ashx?id=2930927&use=l&cat=p&typeid=i","cat":316008},{"id":34908,"n":"Fromage frais Petit Yoplait Nature 3.8%MG - 6x60g","p":1.37,"u":"3,81 €/KG","img":"https://fd13-photos.leclercdrive.fr/image.ashx?id=2811026&use=l&cat=p&typeid=i","cat":284409},{"id":34919,"n":"Fromage frais Petit Yoplait Nature 0%MG - 12x60g","p":2.26,"u":"3,14 €/KG","img":"https://fd13-photos.leclercdrive.fr/image.ashx?id=2811023&use=l&cat=p&typeid=i","cat":315000},{"id":34925,"n":"Stylos bille Bic Cristal 4 couleurs - 20 + 7","p":3.2,"img":"https://fd13-photos.leclercdrive.fr/image.ashx?id=2251177&use=l&cat=p&typeid=i","cat":284696},{"id":34930,"n":"Bière blonde Coreff 4.2%vol. - 6x25cl","p":5.55,"u":"3,70 €/L","img":"https://fd13-photos.leclercdrive.fr/image.ashx?id=1620844&use=l&cat=p&typeid=i","cat":334872},{"id":34943,"n":"Blanc de poulet Fleury Michon rôti à la broche x4 - 120g","p":1.62,"u":"13,50 €/KG","img":"https://fd13-photos.leclercdrive.fr/image.ashx?id=2977288&use=l&cat=p&typeid=i","cat":316010},{"id":34958,"n":"Vin mousseux Paul Bur Demi-sec - 75cl","p":2.5,"u":"3,33 €/L","img":"https://fd13-photos.leclercdrive.fr/image.ashx?id=2020158&use=l&cat=p&typeid=i","cat":284544},{"id":34971,"n":"Bière ambrée Kwak 33cl","p":1.91,"u":"5,79 €/L","img":"https://fd13-photos.leclercdrive.fr/image.ashx?id=1881584&use=l&cat=p&typeid=i","cat":334872},{"id":34973,"n":"Bière Trois Monts Grande réserve 9.5%vol. - 75cl","p":3.38,"u":"4,51 €/L","img":"https://fd13-photos.leclercdrive.fr/image.ashx?id=2548376&use=l&cat=p&typeid=i","cat":334852},{"id":34982,"n":"Bûche chèvre Soignon 200g","p":2.23,"u":"11,15 €/KG","img":"https://fd13-photos.leclercdrive.fr/image.ashx?id=2995325&use=l&cat=p&typeid=i","cat":314031},{"id":34999,"n":"Nuggets Croustillant Père Dodu  Poulet x10 - 200g","p":2.35,"u":"11,75 €/KG","img":"https://fd13-photos.leclercdrive.fr/image.ashx?id=2956975&use=l&cat=p&typeid=i","cat":333684},{"id":35008,"n":"Céréales Special K Kellogg's Nature - 750g","p":4.09,"u":"5,45 €/KG","img":"https://fd13-photos.leclercdrive.fr/image.ashx?id=2586288&use=l&cat=p&typeid=i","cat":309512},{"id":35010,"n":"Mélange safran Ducros 14 doses -  8.4g","p":2.63,"u":"328,75 €/KG","img":"https://fd13-photos.leclercdrive.fr/image.ashx?id=2486590&use=l&cat=p&typeid=i","cat":298297},{"id":35018,"n":"Bouillon de poule Jardin Bio' Bio cube sans huile palme - x8","p":1.71,"u":"21,38 €/KG","img":"https://fd13-photos.leclercdrive.fr/image.ashx?id=2535004&use=l&cat=p&typeid=i","cat":288379},{"id":35022,"n":"Cordon bleu Le Gaulois Dinde x4 - 400g","p":4.11,"u":"10,28 €/KG","img":"https://fd13-photos.leclercdrive.fr/image.ashx?id=2860226&use=l&cat=p&typeid=i","cat":333683},{"id":35023,"n":"Sirop d'agave bio Jardin Bio' 50cl","p":7.14,"u":"14,28 €/L","img":"https://fd13-photos.leclercdrive.fr/image.ashx?id=2747061&use=l&cat=p&typeid=i","cat":287643},{"id":35025,"n":"Infusion bio Jardin Bio' Verveine citronée x20 28g","p":2.21,"u":"78,93 €/KG","img":"https://fd13-photos.leclercdrive.fr/image.ashx?id=2985312&use=l&cat=p&typeid=i","cat":293234},{"id":35026,"n":"Concentré de tomate Jardin Bio Bio Double concentré - 200g","p":1.64,"u":"8,20 €/KG","img":"https://fd13-photos.leclercdrive.fr/image.ashx?id=2535469&use=l&cat=p&typeid=i","cat":288384},{"id":35027,"n":"Dessert fruitier bio Jardin Bio Pomme poire 680g","p":2.64,"u":"3,88 €/KG","img":"https://fd13-photos.leclercdrive.fr/image.ashx?id=2939877&use=l&cat=p&typeid=i","cat":284508},{"id":35030,"n":"Miel mille fleurs Lune de Miel 1kg","p":7.16,"u":"7,16 €/KG","img":"https://fd13-photos.leclercdrive.fr/image.ashx?id=3004828&use=l&cat=p&typeid=i","cat":287643},{"id":35031,"n":"Batonnets Fritelle Lay's Goût nature - 80g","p":0.71,"u":"8,88 €/KG","img":"https://fd13-photos.leclercdrive.fr/image.ashx?id=2140635&use=l&cat=p&typeid=i","cat":284449},{"id":35034,"n":"Eau minérale gazeuse Perrier  Canettes - 6x33cl","p":2.75,"u":"1,39 €/L","img":"https://fd13-photos.leclercdrive.fr/image.ashx?id=2672554&use=l&cat=p&typeid=i","cat":284536},{"id":35039,"n":"Dosettes café Plantation Corsé - x48 - 336g","p":4.95,"u":"14,73 €/KG","img":"https://fd13-photos.leclercdrive.fr/image.ashx?id=2622115&use=l&cat=p&typeid=i","cat":293238},{"id":35103,"n":"Eau minérale Mont Roucous 6x1L","p":2.73,"u":"0,46 €/L","img":"https://fd13-photos.leclercdrive.fr/image.ashx?id=2970954&use=l&cat=p&typeid=i","cat":284535},{"id":35108,"n":"Bière blonde Affligem 6,7%vol. - 12x25cl","p":9.4,"u":"3,13 €/L","img":"https://fd13-photos.leclercdrive.fr/image.ashx?id=2639405&use=l&cat=p&typeid=i","cat":334852},{"id":35138,"n":"Yaourt SMARTIES Vanille bonbons chocolat 4x120g","p":2.45,"u":"5,10 €/KG","img":"https://fd13-photos.leclercdrive.fr/image.ashx?id=2571038&use=l&cat=p&typeid=i","cat":284414},{"id":35146,"n":"Fromages râpé spécial Pizza  Les Croisés - 125g","p":1.62,"u":"12,96 €/KG","img":"https://fd13-photos.leclercdrive.fr/image.ashx?id=2946175&use=l&cat=p&typeid=i","cat":314035},{"id":35147,"n":"Fromage Cheddar Burger Les Croisés 20 Tranches - 340g","p":2.02,"u":"5,94 €/KG","img":"https://fd13-photos.leclercdrive.fr/image.ashx?id=2946844&use=l&cat=p&typeid=i","cat":314028},{"id":35155,"n":"Tablette de chocolat noir Lindt Fleur de sel - 100g","p":2.22,"u":"22,20 €/KG","img":"https://fd13-photos.leclercdrive.fr/image.ashx?id=2681595&use=l&cat=p&typeid=i","cat":284956},{"id":35159,"n":"Croco Haribo Sachet bonbons - 280g","p":1.27,"u":"4,54 €/KG","img":"https://fd13-photos.leclercdrive.fr/image.ashx?id=2446467&use=l&cat=p&typeid=i","cat":304250},{"id":35160,"n":"Croissants Pasquier x16 - 640g","p":3.72,"u":"5,81 €/KG","img":"https://fd13-photos.leclercdrive.fr/image.ashx?id=2853056&use=l&cat=p&typeid=i","cat":296366},{"id":35173,"n":"Joker Le Fruit Jus multifruits  1,5L","p":2.31,"u":"1,54 €/L","img":"https://fd13-photos.leclercdrive.fr/image.ashx?id=2785727&use=l&cat=p&typeid=i","cat":284917},{"id":35174,"n":"Jus d'orange Joker Le Fruit 1,5L","p":3.3,"u":"2,20 €/L","img":"https://fd13-photos.leclercdrive.fr/image.ashx?id=2785733&use=l&cat=p&typeid=i","cat":284521},{"id":35182,"n":"Boisson énergisante Monster Original - 50cl","p":1.34,"u":"2,68 €/L","img":"https://fd13-photos.leclercdrive.fr/image.ashx?id=2510163&use=l&cat=p&typeid=i","cat":284533},{"id":35183,"n":"Boisson énergisante Monster Original Canette - 4x50cl","p":5.36,"u":"2,68 €/L","img":"https://fd13-photos.leclercdrive.fr/image.ashx?id=2210242&use=l&cat=p&typeid=i","cat":284533},{"id":35185,"n":"Eau aromatisée Volvic Juicy Citronnade - 1,5L","p":1.57,"u":"1,05 €/L","img":"https://fd13-photos.leclercdrive.fr/image.ashx?id=3011008&use=l&cat=p&typeid=i","cat":284537},{"id":35229,"n":"Mayonnaise Rustica Recette fouettée - 398g","p":2.13,"u":"5,35 €/KG","img":"https://fd13-photos.leclercdrive.fr/image.ashx?id=1961452&use=l&cat=p&typeid=i","cat":298295},{"id":35230,"n":"Nonnettes de Dijon NRT Orange - 200g","p":3.99,"u":"19,95 €/KG","img":"https://fd13-photos.leclercdrive.fr/image.ashx?id=2622326&use=l&cat=p&typeid=i","cat":284493},{"id":35262,"n":"yaourt aux fruits bifidus activia 0%mg - 12x125g","p":4.75,"u":"3,17 €/KG","img":"https://fd13-photos.leclercdrive.fr/image.ashx?id=2741697&use=l&cat=p&typeid=i","cat":315000},{"id":35285,"n":"Petits muffins Bonne Maman Chocolat - 235g","p":2.39,"u":"10,17 €/KG","img":"https://fd13-photos.leclercdrive.fr/image.ashx?id=2744052&use=l&cat=p&typeid=i","cat":284495},{"id":35296,"n":"Filet poulet Tradilège rôti sans nitrite 4 tranches - 120g","p":1.89,"u":"15,75 €/KG","img":"https://fd13-photos.leclercdrive.fr/image.ashx?id=2925747&use=l&cat=p&typeid=i","cat":316010},{"id":35308,"n":"Beurre Tendre Elle&Vire Demi-Sel - 80% MG - 250g","p":2.92,"u":"11,68 €/KG","img":"https://fd13-photos.leclercdrive.fr/image.ashx?id=2604773&use=l&cat=p&typeid=i","cat":284379},{"id":35309,"n":"Beurre Tendre Elle&Vire Doux - 82% MG - 250g","p":2.92,"u":"11,68 €/KG","img":"https://fd13-photos.leclercdrive.fr/image.ashx?id=2765629&use=l&cat=p&typeid=i","cat":284379},{"id":35327,"n":"Miel de Poitou-Charentes  NRT - 375g","p":5.99,"u":"15,97 €/KG","img":"https://fd13-photos.leclercdrive.fr/image.ashx?id=2771396&use=l&cat=p&typeid=i","cat":287643},{"id":35333,"n":"Bain de bouche Sanogyl Multi Protection - 500ml","p":4.8,"u":"9,60 €/L","img":"https://fd13-photos.leclercdrive.fr/image.ashx?id=2638256&use=l&cat=p&typeid=i","cat":284613},{"id":35343,"n":"Bain de bouche Sanogyl Anti bactérien - 500ml","p":4.74,"u":"9,48 €/L","img":"https://fd13-photos.leclercdrive.fr/image.ashx?id=1712258&use=l&cat=p&typeid=i","cat":284613},{"id":35359,"n":"Cire cheveux Taft  Effet brillance - 75 ml","p":3.82,"u":"50,93 €/L","img":"https://fd13-photos.leclercdrive.fr/image.ashx?id=2897928&use=l&cat=p&typeid=i","cat":284609},{"id":35398,"n":"Eau Micellaire Garnier Peaux Sensibles - 400ml","p":2.87,"u":"7,18 €/L","img":"https://fd13-photos.leclercdrive.fr/image.ashx?id=2926593&use=l&cat=p&typeid=i","cat":284603},{"id":35414,"n":"Lessive en poudre Skip 39 lavages - 2,730kg","p":13.27,"u":"4,86 €/KG","img":"https://fd13-photos.leclercdrive.fr/image.ashx?id=2738242&use=l&cat=p&typeid=i","cat":284642},{"id":35417,"n":"Lingettes Demak'Up Peaux normales - x25","p":2.42,"img":"https://fd13-photos.leclercdrive.fr/image.ashx?id=2981337&use=l&cat=p&typeid=i","cat":284603},{"id":35418,"n":"Lingettes Demak'Up Peaux sensibles - x25","p":2.3,"u":"0,09 €/P","img":"https://fd13-photos.leclercdrive.fr/image.ashx?id=2981340&use=l&cat=p&typeid=i","cat":284603},{"id":35425,"n":"Déodorant spray Monsavon Fleur de cerisier - 100ml","p":2.22,"u":"22,20 €/L","img":"https://fd13-photos.leclercdrive.fr/image.ashx?id=2904628&use=l&cat=p&typeid=i","cat":284595},{"id":35433,"n":"Tampons Doulys Compact Super plus - x20","p":2.6,"u":"0,13 €/P","img":"https://fd13-photos.leclercdrive.fr/image.ashx?id=2965512&use=l&cat=p&typeid=i","cat":284626},{"id":35450,"n":"Recharge Savon Mains Dettol Aloe Vera Hydratant 250ml","p":2.96,"u":"11,84 €/L","img":"https://fd13-photos.leclercdrive.fr/image.ashx?id=2879134&use=l&cat=p&typeid=i","cat":284597},{"id":35479,"n":"Déodorant Bille Femme Nivea Black&White Original - 50ml","p":1.95,"u":"39,00 €/L","img":"https://fd13-photos.leclercdrive.fr/image.ashx?id=2985471&use=l&cat=p&typeid=i","cat":284595},{"id":35503,"n":"Gel à raser Williams Peaux sensibles 200ml","p":2.45,"u":"12,25 €/L","img":"https://fd13-photos.leclercdrive.fr/image.ashx?id=1966625&use=l&cat=p&typeid=i","cat":284617},{"id":35523,"n":"Lame de rasoir Wilkinson Quattro Titanium sensitive+ -x8","p":16.99,"u":"2,12 €/P","img":"https://fd13-photos.leclercdrive.fr/image.ashx?id=2697240&use=l&cat=p&typeid=i","cat":284616},{"id":35537,"n":"Recharge savon mains Palmolive Antibactérien -  250ml","p":0.61,"u":"2,44 €/L","img":"https://fd13-photos.leclercdrive.fr/image.ashx?id=2833180&use=l&cat=p&typeid=i","cat":284597},{"id":35643,"n":"Lasagne à la bolognaise Marie 2x300g","p":6.75,"u":"11,25 €/KG","img":"https://fd13-photos.leclercdrive.fr/image.ashx?id=2331816&use=l&cat=p&typeid=i","cat":333665},{"id":35646,"n":"Bière blonde Falsbourg Canette - 4.2%vol. - 50cl","p":0.69,"u":"1,38 €/L","img":"https://fd13-photos.leclercdrive.fr/image.ashx?id=2637904&use=l&cat=p&typeid=i","cat":334853},{"id":35647,"n":"Bière blonde Falsbourg Canette - 4.2%vol. - 6x33cl","p":2.69,"u":"1,36 €/L","img":"https://fd13-photos.leclercdrive.fr/image.ashx?id=2637913&use=l&cat=p&typeid=i","cat":334853},{"id":35670,"n":"AOP Saumur blanc MlleLadubay Suprême brut - 75cl","p":6.95,"u":"9,27 €/L","img":"https://fd13-photos.leclercdrive.fr/image.ashx?id=2295361&use=l&cat=p&typeid=i","cat":284545},{"id":35716,"n":"Gourdes Goûters lactés Délisse Vanille - 4x85g","p":1.81,"u":"5,32 €/KG","img":"https://fd13-photos.leclercdrive.fr/image.ashx?id=2681427&use=l&cat=p&typeid=i","cat":284506},{"id":35720,"n":"Barquette chat Sheba Poissons en terrine - 12x85g","p":6.5,"u":"6,37 €/KG","img":"https://fd13-photos.leclercdrive.fr/image.ashx?id=2759637&use=l&cat=p&typeid=i","cat":285286},{"id":35723,"n":"Liqueur Curaçao bleu Giffard 25%vol. - 50cl","p":8.91,"u":"17,82 €/L","img":"https://fd13-photos.leclercdrive.fr/image.ashx?id=1650446&use=l&cat=p&typeid=i","cat":286032},{"id":35729,"n":"Tiramisu Délisse Au café - 4x80g","p":2.49,"u":"7,78 €/KG","img":"https://fd13-photos.leclercdrive.fr/image.ashx?id=2711604&use=l&cat=p&typeid=i","cat":284419},{"id":35730,"n":"Crème dessert Délisse Vanille Billes 3 chocolats 4x117g","p":2.15,"u":"4,59 €/KG","img":"https://fd13-photos.leclercdrive.fr/image.ashx?id=2965503&use=l&cat=p&typeid=i","cat":285041},{"id":35731,"n":"Crème dessert Chocolat Délisse Mix'n croc color 4x120g","p":2.09,"u":"4,35 €/KG","img":"https://fd13-photos.leclercdrive.fr/image.ashx?id=2965506&use=l&cat=p&typeid=i","cat":285041},{"id":35760,"n":"Céréales Miel Pops Kellogg's 620g","p":3.25,"u":"5,24 €/KG","img":"https://fd13-photos.leclercdrive.fr/image.ashx?id=2596952&use=l&cat=p&typeid=i","cat":309513},{"id":35761,"n":"Céréales Frosties Kellogg's 620g","p":3.5,"u":"5,65 €/KG","img":"https://fd13-photos.leclercdrive.fr/image.ashx?id=2589768&use=l&cat=p&typeid=i","cat":309513},{"id":35766,"n":"Petits pots bébé NATURNES Pdt tomate bœuf 6M+ - 2x200g","p":2.11,"u":"5,28 €/KG","img":"https://fd13-photos.leclercdrive.fr/image.ashx?id=2525666&use=l&cat=p&typeid=i","cat":312236},{"id":35767,"n":"Petits pots bébé NATURNES Carottes Saumon 6M+ - 2x200g","p":2.21,"u":"5,53 €/KG","img":"https://fd13-photos.leclercdrive.fr/image.ashx?id=2525669&use=l&cat=p&typeid=i","cat":312236},{"id":35785,"n":"Bière belge Rince Cochon Fruits rouges - 7.5%vol. - 50cl","p":2.0,"u":"4,00 €/L","img":"https://fd13-photos.leclercdrive.fr/image.ashx?id=1741472&use=l&cat=p&typeid=i","cat":334853},{"id":35788,"n":"Café Soluble Nescafé 200g","p":5.61,"u":"28,05 €/KG","img":"https://fd13-photos.leclercdrive.fr/image.ashx?id=2810627&use=l&cat=p&typeid=i","cat":284843},{"id":35790,"n":"Nettoyant ménager Uni Vert Multi-surfaces 1L","p":1.6,"u":"1,60 €/L","img":"https://fd13-photos.leclercdrive.fr/image.ashx?id=2520837&use=l&cat=p&typeid=i","cat":284907},{"id":35811,"n":"Barquette chat Sheba  Boucher en terrine - 12x85g","p":6.48,"u":"6,35 €/KG","img":"https://fd13-photos.leclercdrive.fr/image.ashx?id=2759634&use=l&cat=p&typeid=i","cat":285286},{"id":35815,"n":"Matière grasse St Hubert  Omega 3 - 52% MG - 255g","p":2.05,"u":"8,04 €/KG","img":"https://fd13-photos.leclercdrive.fr/image.ashx?id=2734093&use=l&cat=p&typeid=i","cat":315229},{"id":35816,"n":"Matière grasse St Hubert Omega3 52% MG - demi-sel - 255g","p":2.04,"u":"8,00 €/KG","img":"https://fd13-photos.leclercdrive.fr/image.ashx?id=2734096&use=l&cat=p&typeid=i","cat":315229},{"id":35820,"n":"Liquide pour cuisson Rustica végétal - 500ml","p":2.09,"u":"4,18 €/L","img":"https://fd13-photos.leclercdrive.fr/image.ashx?id=2903950&use=l&cat=p&typeid=i","cat":315229},{"id":35822,"n":"Roquefort AOP Bio Bio village - 100g","p":2.89,"u":"28,90 €/KG","img":"https://fd13-photos.leclercdrive.fr/image.ashx?id=2646023&use=l&cat=p&typeid=i","cat":314032},{"id":35823,"n":"Roquefort AOP en portions Les Croisés - 25gx4 -100g","p":2.31,"u":"23,10 €/KG","img":"https://fd13-photos.leclercdrive.fr/image.ashx?id=2645945&use=l&cat=p&typeid=i","cat":314032},{"id":35824,"n":"Fromage à tartiner Les Croisés Allégé Nature - 150g","p":0.92,"u":"6,13 €/KG","img":"https://fd13-photos.leclercdrive.fr/image.ashx?id=2366307&use=l&cat=p&typeid=i","cat":314029},{"id":35825,"n":"Fromage Pavé d'Affinois Original - 200g","p":2.48,"u":"12,40 €/KG","img":"https://fd13-photos.leclercdrive.fr/image.ashx?id=3002078&use=l&cat=p&typeid=i","cat":314033},{"id":35830,"n":"Yaourt La Laitière   Fruits panachés - 8x125g","p":3.73,"u":"3,73 €/KG","img":"https://fd13-photos.leclercdrive.fr/image.ashx?id=2744590&use=l&cat=p&typeid=i","cat":286006},{"id":35833,"n":"Yaourt La Laitière Citron - 4x125g","p":1.95,"u":"3,90 €/KG","img":"https://fd13-photos.leclercdrive.fr/image.ashx?id=2904065&use=l&cat=p&typeid=i","cat":286006},{"id":35837,"n":"Fromage blanc Bio Vrai Nature - 3.6%mg - 500g","p":1.75,"u":"3,50 €/KG","img":"https://fd13-photos.leclercdrive.fr/image.ashx?id=2516278&use=l&cat=p&typeid=i","cat":284409},{"id":35838,"n":"Yaourts nature Vrai Bio - 4x125g","p":1.3,"u":"2,60 €/KG","img":"https://fd13-photos.leclercdrive.fr/image.ashx?id=2360707&use=l&cat=p&typeid=i","cat":284409},{"id":35846,"n":"Yaourt à boire Délisse Vanille - 850g","p":1.49,"u":"1,75 €/KG","img":"https://fd13-photos.leclercdrive.fr/image.ashx?id=2775890&use=l&cat=p&typeid=i","cat":284415},{"id":35852,"n":"Liqueur aux plantes Bénédictine 40° - 70cl","p":20.6,"u":"29,43 €/L","img":"https://fd13-photos.leclercdrive.fr/image.ashx?id=2850440&use=l&cat=p&typeid=i","cat":286032},{"id":35906,"n":"Gourdes Goûters lactés Délisse Chocolat - 4x85g","p":1.75,"u":"5,15 €/KG","img":"https://fd13-photos.leclercdrive.fr/image.ashx?id=2681424&use=l&cat=p&typeid=i","cat":284506},{"id":35907,"n":"Cassoulet mitonné   William Saurin - 840g","p":2.81,"u":"3,35 €/KG","img":"https://fd13-photos.leclercdrive.fr/image.ashx?id=2890148&use=l&cat=p&typeid=i","cat":284440},{"id":35908,"n":"Cassoulet mitonné   William Saurin - 420g","p":1.79,"u":"4,26 €/KG","img":"https://fd13-photos.leclercdrive.fr/image.ashx?id=2890151&use=l&cat=p&typeid=i","cat":284441},{"id":35909,"n":"Test de grossesse Medicaid 1 pièce","p":0.85,"img":"https://fd13-photos.leclercdrive.fr/image.ashx?id=2432758&use=l&cat=p&typeid=i","cat":324482},{"id":35917,"n":"Bière blonde Forte Extra Strong Canette - 8.4%vol. - 50cl","p":1.15,"u":"2,30 €/L","img":"https://fd13-photos.leclercdrive.fr/image.ashx?id=2927998&use=l&cat=p&typeid=i","cat":334853},{"id":35918,"n":"Jus de pomme Jafaden A base de concentré - 6x20cl","p":1.32,"u":"1,10 €/L","img":"https://fd13-photos.leclercdrive.fr/image.ashx?id=2949185&use=l&cat=p&typeid=i","cat":284524},{"id":35919,"n":"Jus de raisin Jafaden Briquettes - 6x20cl","p":2.46,"u":"2,05 €/L","img":"https://fd13-photos.leclercdrive.fr/image.ashx?id=2989935&use=l&cat=p&typeid=i","cat":284915},{"id":35921,"n":"Pur jus de pomme Jafaden 1,5L","p":1.48,"u":"0,99 €/L","img":"https://fd13-photos.leclercdrive.fr/image.ashx?id=1936641&use=l&cat=p&typeid=i","cat":284522},{"id":35922,"n":"Bière blonde Forte Extra Strong Canette - 10%vol - 50cl","p":1.19,"u":"2,38 €/L","img":"https://fd13-photos.leclercdrive.fr/image.ashx?id=2928004&use=l&cat=p&typeid=i","cat":334853},{"id":35924,"n":"Cocktail Punch planteur Lagoa 15%vol - 70cl","p":4.29,"u":"6,13 €/L","img":"https://fd13-photos.leclercdrive.fr/image.ashx?id=2958335&use=l&cat=p&typeid=i","cat":284551},{"id":35927,"n":"Cocktail Mojito Lagoa 15%vol - 70cl","p":4.99,"u":"7,13 €/L","img":"https://fd13-photos.leclercdrive.fr/image.ashx?id=2958341&use=l&cat=p&typeid=i","cat":284551},{"id":35954,"n":"AOC Buzet vin rosé Terrasses d'Autan - BIB 3L","p":12.99,"u":"4,33 €/L","img":"https://fd13-photos.leclercdrive.fr/image.ashx?id=1895377&use=l&cat=p&typeid=i","cat":289560},{"id":35971,"n":"Papier toilette Lotus Confort Blanc - x24","p":7.85,"u":"0,33 €/P","img":"https://fd13-photos.leclercdrive.fr/image.ashx?id=3002042&use=l&cat=p&typeid=i","cat":284634},{"id":35972,"n":"Stylo Roller frixion ball Pilot Effaçable bleu x1","p":2.75,"img":"https://fd13-photos.leclercdrive.fr/image.ashx?id=2969064&use=l&cat=p&typeid=i","cat":284696},{"id":35974,"n":"Ruban correcteur Tipp-ex Mini Motifs divers - x2","p":3.29,"u":"1,65 €/P","img":"https://fd13-photos.leclercdrive.fr/image.ashx?id=1939177&use=l&cat=p&typeid=i","cat":334133},{"id":35979,"n":"Gaufrettes amusantes Nord NRT 175g","p":2.45,"u":"14,00 €/KG","img":"https://fd13-photos.leclercdrive.fr/image.ashx?id=2622335&use=l&cat=p&typeid=i","cat":284487},{"id":35990,"n":"Effervescent d'Artigny Grand classic rose - 75cl","p":3.55,"u":"4,73 €/L","img":"https://fd13-photos.leclercdrive.fr/image.ashx?id=2854402&use=l&cat=p&typeid=i","cat":289460},{"id":35995,"n":"Lait de toilette Mots d'Enfants Bio - 250ml","p":2.24,"u":"8,96 €/L","img":"https://fd13-photos.leclercdrive.fr/image.ashx?id=2485080&use=l&cat=p&typeid=i","cat":284741},{"id":36009,"n":"Bâtonnets Trium Vanille Amandes x4 - 314g","p":2.2,"u":"7,01 €/KG","img":"https://fd13-photos.leclercdrive.fr/image.ashx?id=2051813&use=l&cat=p&typeid=i","cat":284265},{"id":36010,"n":"Bâtonnets Trium Vanille chocolat blanc x4 -308g","p":3.1,"u":"10,06 €/KG","img":"https://fd13-photos.leclercdrive.fr/image.ashx?id=2920776&use=l&cat=p&typeid=i","cat":284265},{"id":36034,"n":"Papier toilette Moltonel Lotus Décoré blanc - x6","p":3.81,"u":"0,64 €/P","img":"https://fd13-photos.leclercdrive.fr/image.ashx?id=2731249&use=l&cat=p&typeid=i","cat":284634},{"id":36037,"n":"Crème UHT Elle&Vire Fluide Entière - 30% MG - 3x20cl","p":3.18,"u":"5,30 €/L","img":"https://fd13-photos.leclercdrive.fr/image.ashx?id=3008551&use=l&cat=p&typeid=i","cat":284381},{"id":36039,"n":"Crème légère fluide UHT Délisse 12%mg - 3x20cl","p":1.84,"u":"3,07 €/L","img":"https://fd13-photos.leclercdrive.fr/image.ashx?id=2909392&use=l&cat=p&typeid=i","cat":284381},{"id":36040,"n":"Spécialité laitière UHT Délisse Semi-épaisse 4%mg - 3x20cl","p":2.21,"u":"3,68 €/L","img":"https://fd13-photos.leclercdrive.fr/image.ashx?id=3002599&use=l&cat=p&typeid=i","cat":284381},{"id":36041,"n":"Crème semi-épaisse entière UHT Délisse 30%mg - 3x20cl","p":3.5,"u":"5,83 €/L","img":"https://fd13-photos.leclercdrive.fr/image.ashx?id=2494099&use=l&cat=p&typeid=i","cat":284381},{"id":36077,"n":"Lait de toilette bébé Eco+ 300ml","p":1.07,"u":"3,57 €/L","img":"https://fd13-photos.leclercdrive.fr/image.ashx?id=2690862&use=l&cat=p&typeid=i","cat":284741},{"id":36124,"n":"Haricots blancs Notre Jardin - 500g","p":1.03,"u":"2,06 €/KG","img":"https://fd13-photos.leclercdrive.fr/image.ashx?id=2988072&use=l&cat=p&typeid=i","cat":312606},{"id":36125,"n":"Haricots blancs Notre Jardin 250g","p":0.84,"u":"3,36 €/KG","img":"https://fd13-photos.leclercdrive.fr/image.ashx?id=3002602&use=l&cat=p&typeid=i","cat":312606},{"id":36131,"n":"Classeur cahier Esquisse Transparent -Polypro- 21x29.7cm","p":1.49,"img":"https://fd13-photos.leclercdrive.fr/image.ashx?id=2727740&use=l&cat=p&typeid=i","cat":284745},{"id":36194,"n":"Dés de jambon Tradilège Maxi format 2x125g","p":2.63,"u":"10,52 €/KG","img":"https://fd13-photos.leclercdrive.fr/image.ashx?id=1736065&use=l&cat=p&typeid=i","cat":316011},{"id":36197,"n":"Truite fumée Landvika Mini tranches - 100g","p":2.71,"u":"27,10 €/KG","img":"https://fd13-photos.leclercdrive.fr/image.ashx?id=2159415&use=l&cat=p&typeid=i","cat":285188},{"id":36198,"n":"Lardons supérieurs Tradilège Fumés maxi format 2x200g","p":3.42,"u":"8,55 €/KG","img":"https://fd13-photos.leclercdrive.fr/image.ashx?id=2921381&use=l&cat=p&typeid=i","cat":316011},{"id":36200,"n":"Coton Démaquillant Eco+ Prédécoupé - 200g","p":1.57,"u":"7,85 €/KG","img":"https://fd13-photos.leclercdrive.fr/image.ashx?id=2724535&use=l&cat=p&typeid=i","cat":285593},{"id":36201,"n":"Crème hydratante Eco+ Visage et corps - 250ml","p":1.58,"u":"6,32 €/L","img":"https://fd13-photos.leclercdrive.fr/image.ashx?id=2487410&use=l&cat=p&typeid=i","cat":325350},{"id":36202,"n":"Recharge crème lavante Eco+ Amande miel - 750ml","p":1.13,"u":"1,51 €/L","img":"https://fd13-photos.leclercdrive.fr/image.ashx?id=2270220&use=l&cat=p&typeid=i","cat":284597},{"id":36203,"n":"Gel douche Eco+ Peaux sensibles - 500ml","p":0.99,"u":"1,98 €/L","img":"https://fd13-photos.leclercdrive.fr/image.ashx?id=2174660&use=l&cat=p&typeid=i","cat":284594},{"id":36204,"n":"Crème lavante Eco+ Amande miel 750ml","p":1.52,"u":"2,03 €/L","img":"https://fd13-photos.leclercdrive.fr/image.ashx?id=2466145&use=l&cat=p&typeid=i","cat":284597},{"id":36205,"n":"Recharge crème lavante Eco+ Fleuri - 750ml","p":1.15,"u":"1,53 €/L","img":"https://fd13-photos.leclercdrive.fr/image.ashx?id=2297786&use=l&cat=p&typeid=i","cat":284597},{"id":36206,"n":"Mousse à raser hydratante Eco+ Peaux normales - 300ml","p":0.87,"u":"2,90 €/L","img":"https://fd13-photos.leclercdrive.fr/image.ashx?id=2952382&use=l&cat=p&typeid=i","cat":284617},{"id":36268,"n":"Soufflés ExtraTerrestres Tokapi Jambon fromage - 80g","p":0.8,"u":"10,00 €/KG","img":"https://fd13-photos.leclercdrive.fr/image.ashx?id=1888935&use=l&cat=p&typeid=i","cat":284449},{"id":36269,"n":"Soufflés ExtraTerrestres Tokapi Ketchup - 80g","p":0.8,"u":"10,00 €/KG","img":"https://fd13-photos.leclercdrive.fr/image.ashx?id=1915578&use=l&cat=p&typeid=i","cat":284449},{"id":36270,"n":"Soufflés ExtraTerrestres Tokapi Salé - 80g","p":0.8,"u":"10,00 €/KG","img":"https://fd13-photos.leclercdrive.fr/image.ashx?id=1932960&use=l&cat=p&typeid=i","cat":284449},{"id":36308,"n":"Shampooing Nateïs Camomille abricot - 250ml","p":1.39,"u":"5,56 €/L","img":"https://fd13-photos.leclercdrive.fr/image.ashx?id=2626790&use=l&cat=p&typeid=i","cat":284606},{"id":36309,"n":"Shampooing Nateïs Cranberry Huile de jojoba 250ml","p":1.52,"u":"6,08 €/L","img":"https://fd13-photos.leclercdrive.fr/image.ashx?id=2358700&use=l&cat=p&typeid=i","cat":284606},{"id":36310,"n":"Shampooing Nateïs Argile Pamplemousse - 250ml","p":1.43,"u":"5,72 €/L","img":"https://fd13-photos.leclercdrive.fr/image.ashx?id=2358697&use=l&cat=p&typeid=i","cat":284606},{"id":36311,"n":"Shampooing Nateïs Huile d'argan - 250ml","p":1.29,"u":"5,16 €/L","img":"https://fd13-photos.leclercdrive.fr/image.ashx?id=2652906&use=l&cat=p&typeid=i","cat":284606},{"id":36312,"n":"Shampooing Nateïs Henné / Cassis - 250ml","p":1.55,"u":"6,20 €/L","img":"https://fd13-photos.leclercdrive.fr/image.ashx?id=2652903&use=l&cat=p&typeid=i","cat":284606},{"id":36313,"n":"Shampooing extra-doux Nateïs Karité / Huile d'avocat - 250ml","p":1.39,"u":"5,56 €/L","img":"https://fd13-photos.leclercdrive.fr/image.ashx?id=2345559&use=l&cat=p&typeid=i","cat":284606},{"id":36314,"n":"Shampooing Nateïs Fleur de tilleul pomme verte - 250ml","p":1.39,"u":"5,56 €/L","img":"https://fd13-photos.leclercdrive.fr/image.ashx?id=2369645&use=l&cat=p&typeid=i","cat":284606},{"id":36348,"n":"Papier aluminium Alfapac Gaufré - Rouleau 20m","p":3.42,"img":"https://fd13-photos.leclercdrive.fr/image.ashx?id=2870446&use=l&cat=p&typeid=i","cat":334134},{"id":36349,"n":"Aluminium rouleau Alfapac Gaufré - 50m - 1 pièce","p":7.22,"img":"https://fd13-photos.leclercdrive.fr/image.ashx?id=2918691&use=l&cat=p&typeid=i","cat":334134},{"id":36354,"n":"Crème hydratante Mots d'Enfants Bio visage et corps - 75ml","p":2.19,"u":"29,20 €/L","img":"https://fd13-photos.leclercdrive.fr/image.ashx?id=3015078&use=l&cat=p&typeid=i","cat":284741},{"id":36388,"n":"Bière ambrée corse Pietra 6° - 6x25cl","p":7.93,"pp":5.55,"u":"3,70 €/L","img":"https://fd13-photos.leclercdrive.fr/image.ashx?id=3011464&use=l&cat=p&typeid=i","cat":334872},{"id":36394,"n":"Yaourt aromatisé aux Fruits Panachés Frulos - 16x125g","p":3.19,"u":"1,60 €/KG","img":"https://fd13-photos.leclercdrive.fr/image.ashx?id=2799895&use=l&cat=p&typeid=i","cat":286006},{"id":36395,"n":"Yaourt Nature Sucré Yoplait - 12x125g","p":2.67,"u":"1,78 €/KG","img":"https://fd13-photos.leclercdrive.fr/image.ashx?id=2796827&use=l&cat=p&typeid=i","cat":284409},{"id":36396,"n":"Gâteau fourré Mini BN Chocolat 175g","p":1.78,"u":"10,17 €/KG","img":"https://fd13-photos.leclercdrive.fr/image.ashx?id=2746854&use=l&cat=p&typeid=i","cat":284488},{"id":36397,"n":"Biscuits Mini BN Goûter à la fraise - 175g","p":1.79,"u":"10,23 €/KG","img":"https://fd13-photos.leclercdrive.fr/image.ashx?id=2748212&use=l&cat=p&typeid=i","cat":284489},{"id":36399,"n":"Pizza La Pizz Sodebo Chèvre lardons - 470g","p":3.49,"u":"7,43 €/KG","img":"https://fd13-photos.leclercdrive.fr/image.ashx?id=2851494&use=l&cat=p&typeid=i","cat":333679},{"id":36400,"n":"Pizza La Pizz Sodebo 4 fromages - 470g","p":3.3,"u":"7,02 €/KG","img":"https://fd13-photos.leclercdrive.fr/image.ashx?id=2905366&use=l&cat=p&typeid=i","cat":333679},{"id":36401,"n":"Pizza Dolce Sodebo 4 fromaggi - 380g","p":3.83,"u":"10,08 €/KG","img":"https://fd13-photos.leclercdrive.fr/image.ashx?id=2921636&use=l&cat=p&typeid=i","cat":333679},{"id":36402,"n":"Pizza Dolce Sodebo Prosciutto Jambon Mozza - 400g","p":3.51,"u":"8,78 €/KG","img":"https://fd13-photos.leclercdrive.fr/image.ashx?id=2919277&use=l&cat=p&typeid=i","cat":333679},{"id":36403,"n":"Pizza Dolce Sodebo Campanella Jambon Speck - 380g","p":3.68,"u":"9,68 €/KG","img":"https://fd13-photos.leclercdrive.fr/image.ashx?id=2921639&use=l&cat=p&typeid=i","cat":333679},{"id":36404,"n":"Pizza Dolce Sodebo Regina Jambon Champignons 400g","p":3.85,"u":"9,63 €/KG","img":"https://fd13-photos.leclercdrive.fr/image.ashx?id=3008251&use=l&cat=p&typeid=i","cat":333679},{"id":36412,"n":"Compote Douceur du Verger Coupelle pomme - 16x100g","p":3.09,"u":"1,93 €/KG","img":"https://fd13-photos.leclercdrive.fr/image.ashx?id=2663515&use=l&cat=p&typeid=i","cat":284508},{"id":36414,"n":"Compote Douceur du Verger Coupelle pomme - 8x100g","p":1.89,"u":"2,36 €/KG","img":"https://fd13-photos.leclercdrive.fr/image.ashx?id=2663509&use=l&cat=p&typeid=i","cat":284508},{"id":36416,"n":"Compote Douceur du Verger Coupelle pomme rhubarbe -4x100g","p":1.29,"u":"3,23 €/KG","img":"https://fd13-photos.leclercdrive.fr/image.ashx?id=2663521&use=l&cat=p&typeid=i","cat":284508},{"id":36417,"n":"Compote Douceur du Verger Gourdes multivariétés - 4x90g","p":1.69,"u":"4,69 €/KG","img":"https://fd13-photos.leclercdrive.fr/image.ashx?id=2805030&use=l&cat=p&typeid=i","cat":284508},{"id":36418,"n":"Compote Douceur du Verger Gourdes Pomme Poire - 4x90g","p":1.49,"u":"4,14 €/KG","img":"https://fd13-photos.leclercdrive.fr/image.ashx?id=2837054&use=l&cat=p&typeid=i","cat":284508},{"id":36419,"n":"Compote Douceur du Verger Coupelle pomme - 4x100g","p":0.99,"u":"2,48 €/KG","img":"https://fd13-photos.leclercdrive.fr/image.ashx?id=2663527&use=l&cat=p&typeid=i","cat":284508},{"id":36424,"n":"Brownie P'tit Deli Chocolat noisette 285g","p":1.85,"u":"6,49 €/KG","img":"https://fd13-photos.leclercdrive.fr/image.ashx?id=2613714&use=l&cat=p&typeid=i","cat":294776},{"id":36437,"n":"Friandises pour chien Lydog Assortiment sticks - x15 126g","p":1.33,"u":"10,56 €/KG","img":"https://fd13-photos.leclercdrive.fr/image.ashx?id=1947271&use=l&cat=p&typeid=i","cat":294527},{"id":36438,"n":"Sticks dentaires Lydog Petit chien - x7 110g","p":0.99,"u":"9,00 €/KG","img":"https://fd13-photos.leclercdrive.fr/image.ashx?id=1878604&use=l&cat=p&typeid=i","cat":294527},{"id":36440,"n":"Sticks dentaires Lydog Grand chien - x7 - 270g","p":2.48,"u":"9,19 €/KG","img":"https://fd13-photos.leclercdrive.fr/image.ashx?id=1947274&use=l&cat=p&typeid=i","cat":294527},{"id":36445,"n":"Râpé de jambon Tradilège Fumé - 150g","p":1.8,"u":"12,00 €/KG","img":"https://fd13-photos.leclercdrive.fr/image.ashx?id=2905970&use=l&cat=p&typeid=i","cat":316011},{"id":36475,"n":"Thé glacé Fresh Tea Pêche - 6x25cl","p":2.85,"u":"1,90 €/L","img":"https://fd13-photos.leclercdrive.fr/image.ashx?id=2622263&use=l&cat=p&typeid=i","cat":295019},{"id":36504,"n":"Pizza La Pizz Sodebo Jambon emmental - 470g","p":2.89,"u":"6,15 €/KG","img":"https://fd13-photos.leclercdrive.fr/image.ashx?id=2886786&use=l&cat=p&typeid=i","cat":333679},{"id":36568,"n":"Farine de blé noir Bigoudenne Moulin de l'Ecluse - 1kg","p":3.33,"u":"3,33 €/KG","img":"https://fd13-photos.leclercdrive.fr/image.ashx?id=2773490&use=l&cat=p&typeid=i","cat":284503},{"id":36569,"n":"Farine de blé Bigoudenne Moulin de l'Ecluse - 1kg","p":1.87,"u":"1,87 €/KG","img":"https://fd13-photos.leclercdrive.fr/image.ashx?id=2184209&use=l&cat=p&typeid=i","cat":284503},{"id":36575,"n":"Crêpes bretonnes Crampouz Mad Au froment - x12 300g","p":3.05,"u":"10,17 €/KG","img":"https://fd13-photos.leclercdrive.fr/image.ashx?id=2352726&use=l&cat=p&typeid=i","cat":284494},{"id":36580,"n":"Limonade Breizh Limo Bouteille - 1,5L","p":1.85,"u":"1,23 €/L","img":"https://fd13-photos.leclercdrive.fr/image.ashx?id=2907605&use=l&cat=p&typeid=i","cat":284531},{"id":36584,"n":"Bière blanche Britt Malt froment 4,8%vol. - 6x25cl","p":5.28,"u":"3,52 €/L","img":"https://fd13-photos.leclercdrive.fr/image.ashx?id=2193572&use=l&cat=p&typeid=i","cat":334878},{"id":36633,"n":"Glace Cône Nestlé Extrême Crème brulée x6 - 426g","p":3.28,"u":"7,70 €/KG","img":"https://fd13-photos.leclercdrive.fr/image.ashx?id=2831672&use=l&cat=p&typeid=i","cat":284264},{"id":36649,"n":"Infusion Tiséa pomme cannelle 25 sachets 55g","p":1.38,"u":"25,09 €/KG","img":"https://fd13-photos.leclercdrive.fr/image.ashx?id=2469562&use=l&cat=p&typeid=i","cat":293234},{"id":36650,"n":"Barres céréales Bio Village Bio Fraise x6 125g","p":1.79,"u":"14,32 €/KG","img":"https://fd13-photos.leclercdrive.fr/image.ashx?id=2807306&use=l&cat=p&typeid=i","cat":285869},{"id":36651,"n":"Barres céréales Bio Village Bio Chocolat noir x6 125g","p":1.95,"u":"15,60 €/KG","img":"https://fd13-photos.leclercdrive.fr/image.ashx?id=1960907&use=l&cat=p&typeid=i","cat":285869},{"id":36656,"n":"Soupe liquide Liebig  Velouté 10 légumes - Brique 1L","p":1.68,"u":"1,68 €/L","img":"https://fd13-photos.leclercdrive.fr/image.ashx?id=2892133&use=l&cat=p&typeid=i","cat":284462},{"id":36658,"n":"Soupe liquide Liebig  Mouliné 10 légumes - Brique 1L","p":1.7,"u":"1,70 €/L","img":"https://fd13-photos.leclercdrive.fr/image.ashx?id=2651396&use=l&cat=p&typeid=i","cat":284462},{"id":36682,"n":"Aluminium Elembal Extra 20m","p":2.75,"u":"0,14 €/MT","img":"https://fd13-photos.leclercdrive.fr/image.ashx?id=2940908&use=l&cat=p&typeid=i","cat":334134},{"id":36701,"n":"Taboulé aux tomates  Garbit - 525g","p":2.35,"u":"4,48 €/KG","img":"https://fd13-photos.leclercdrive.fr/image.ashx?id=2901650&use=l&cat=p&typeid=i","cat":325094},{"id":36706,"n":"Sucre glace Daddy Sachet 1kg","p":2.4,"u":"2,40 €/KG","img":"https://fd13-photos.leclercdrive.fr/image.ashx?id=2973589&use=l&cat=p&typeid=i","cat":284502},{"id":36710,"n":"Sucre canne Béghin Say Pure - en morceaux - 750g","p":2.19,"u":"2,92 €/KG","img":"https://fd13-photos.leclercdrive.fr/image.ashx?id=2948830&use=l&cat=p&typeid=i","cat":284502},{"id":36711,"n":"Sucre cassonade Béghin Say En poudre - 750g","p":2.38,"u":"3,17 €/KG","img":"https://fd13-photos.leclercdrive.fr/image.ashx?id=2949928&use=l&cat=p&typeid=i","cat":284502},{"id":36715,"n":"Ravioli Panzani Bolognaise - 1.2kg","p":4.77,"u":"3,98 €/KG","img":"https://fd13-photos.leclercdrive.fr/image.ashx?id=2939514&use=l&cat=p&typeid=i","cat":284442},{"id":36721,"n":"Lait chat et chaton Whiskas 3x200ml","p":2.69,"u":"4,48 €/L","img":"https://fd13-photos.leclercdrive.fr/image.ashx?id=2759670&use=l&cat=p&typeid=i","cat":285285},{"id":36756,"n":"Haricots Blancs à la tomate 800g","p":1.08,"u":"1,35 €/KG","img":"https://fd13-photos.leclercdrive.fr/image.ashx?id=2988075&use=l&cat=p&typeid=i","cat":312606},{"id":36819,"n":"Chocolat Noir After Eight Fourré Menthe - 300g","p":4.89,"u":"16,30 €/KG","img":"https://fd13-photos.leclercdrive.fr/image.ashx?id=2348782&use=l&cat=p&typeid=i","cat":284499},{"id":36825,"n":"Tablette chocolat Minis Milka Chocolat au lait - 200g","p":3.78,"u":"18,90 €/KG","img":"https://fd13-photos.leclercdrive.fr/image.ashx?id=2188521&use=l&cat=p&typeid=i","cat":284497},{"id":36833,"n":"BB Crème teintée médium Inell Hydratante 5 en 1 - 50ml","p":3.45,"u":"69,00 €/L","img":"https://fd13-photos.leclercdrive.fr/image.ashx?id=2822120&use=l&cat=p&typeid=i","cat":325345},{"id":36834,"n":"BB Crème teintée clair Inell  Hydratante 5en1 - 50ml","p":3.45,"u":"69,00 €/L","img":"https://fd13-photos.leclercdrive.fr/image.ashx?id=2691649&use=l&cat=p&typeid=i","cat":325345},{"id":36835,"n":"Crochets anti-mites Insectivor Lavande 2x3ml","p":1.69,"u":"0,85 €/P","img":"https://fd13-photos.leclercdrive.fr/image.ashx?id=1899690&use=l&cat=p&typeid=i","cat":298368},{"id":36836,"n":"Gel douche Carré Homme Tonifiant 250ml","p":1.2,"u":"4,80 €/L","img":"https://fd13-photos.leclercdrive.fr/image.ashx?id=1541956&use=l&cat=p&typeid=i","cat":284619},{"id":36837,"n":"Gel douche Carré Homme Séduction 250ml","p":1.2,"u":"4,80 €/L","img":"https://fd13-photos.leclercdrive.fr/image.ashx?id=1544664&use=l&cat=p&typeid=i","cat":284619},{"id":36847,"n":"Tablette chocolat Milka Chocolat au lait/Oreo - 2x100g","p":3.16,"u":"15,80 €/KG","img":"https://fd13-photos.leclercdrive.fr/image.ashx?id=2382321&use=l&cat=p&typeid=i","cat":284497},{"id":36849,"n":"Recharges plumeaux Clair Jetables x10","p":4.46,"u":"0,45 €/P","img":"https://fd13-photos.leclercdrive.fr/image.ashx?id=2832948&use=l&cat=p&typeid=i","cat":325364},{"id":36878,"n":"IGP Côtes de Gascogne moelleux Terrasses d'Autan 11.5% - 75cl","p":3.99,"u":"5,32 €/L","img":"https://fd13-photos.leclercdrive.fr/image.ashx?id=2756870&use=l&cat=p&typeid=i","cat":289557},{"id":36886,"n":"Miel de montagne L'Apiculteur Crémeux - 500g","p":6.09,"u":"12,18 €/KG","img":"https://fd13-photos.leclercdrive.fr/image.ashx?id=2310926&use=l&cat=p&typeid=i","cat":287643},{"id":36919,"n":"Rillettes de thon blanc NRT Au sel de Guérande - 125g","p":2.19,"u":"17,52 €/KG","img":"https://fd13-photos.leclercdrive.fr/image.ashx?id=2775451&use=l&cat=p&typeid=i","cat":303867},{"id":36920,"n":"Protège-slips Doulys Ultra-mince - Large - x30","p":0.82,"u":"0,03 €/P","img":"https://fd13-photos.leclercdrive.fr/image.ashx?id=2847967&use=l&cat=p&typeid=i","cat":284625},{"id":37014,"n":"Cuadro Novi Chocolat  noisettes - 150g","p":4.49,"u":"29,93 €/KG","img":"https://fd13-photos.leclercdrive.fr/image.ashx?id=2615167&use=l&cat=p&typeid=i","cat":327595},{"id":37025,"n":"Granulés de bois Pellex Poêles à granulés sac - 15kg","p":4.89,"u":"0,33 €/KG","img":"https://fd13-photos.leclercdrive.fr/image.ashx?id=2023646&use=l&cat=p&typeid=i","cat":300577},{"id":37030,"n":"Farine suprême Francine 1kg","p":1.8,"u":"1,80 €/KG","img":"https://fd13-photos.leclercdrive.fr/image.ashx?id=2902654&use=l&cat=p&typeid=i","cat":284503},{"id":37031,"n":"Huile d'olive Puget Vierge extra - 1,5L","p":18.56,"u":"12,37 €/L","img":"https://fd13-photos.leclercdrive.fr/image.ashx?id=2144452&use=l&cat=p&typeid=i","cat":284453},{"id":37035,"n":"Sauces Classic Mix Bénédicta 4 sauces de 85g - 330g","p":2.59,"u":"7,85 €/KG","img":"https://fd13-photos.leclercdrive.fr/image.ashx?id=2616171&use=l&cat=p&typeid=i","cat":318430},{"id":37044,"n":"Sauces Party Mix Bénédicta 6 sauces de 85g - 500g","p":3.48,"u":"6,96 €/KG","img":"https://fd13-photos.leclercdrive.fr/image.ashx?id=2616174&use=l&cat=p&typeid=i","cat":318430},{"id":37049,"n":"Sauce Samourai Amora 255g","p":1.56,"u":"6,93 €/KG","img":"https://fd13-photos.leclercdrive.fr/image.ashx?id=2893838&use=l&cat=p&typeid=i","cat":318431},{"id":37053,"n":"Sucre pure canne Beghin Say Petits morceaux - 1kg","p":3.18,"u":"3,18 €/KG","img":"https://fd13-photos.leclercdrive.fr/image.ashx?id=2949922&use=l&cat=p&typeid=i","cat":284502},{"id":37054,"n":"Sucre pure canne Beghin Say Morceaux - 1kg","p":2.29,"u":"2,29 €/KG","img":"https://fd13-photos.leclercdrive.fr/image.ashx?id=2978688&use=l&cat=p&typeid=i","cat":284502},{"id":37107,"n":"Gel lavant mains Manava Spécial cuisine - 300ml","p":0.99,"u":"3,30 €/L","img":"https://fd13-photos.leclercdrive.fr/image.ashx?id=2935495&use=l&cat=p&typeid=i","cat":284597},{"id":37198,"n":"Poêlée Notre Jardin Méditerranéenne 750g","p":3.33,"u":"4,44 €/KG","img":"https://fd13-photos.leclercdrive.fr/image.ashx?id=2835029&use=l&cat=p&typeid=i","cat":319823},{"id":37199,"n":"Poêlée Notre Jardin Parisienne 750g","p":2.24,"u":"2,99 €/KG","img":"https://fd13-photos.leclercdrive.fr/image.ashx?id=2865062&use=l&cat=p&typeid=i","cat":319823},{"id":37255,"n":"Céréales Extra Kellogg's Noisettes Caramelisées - 500g","p":3.31,"u":"6,62 €/KG","img":"https://fd13-photos.leclercdrive.fr/image.ashx?id=2736598&use=l&cat=p&typeid=i","cat":309512},{"id":37260,"n":"Boisson au thé Fresh Tea Citron vert - 1,5L","p":1.24,"u":"0,83 €/L","img":"https://fd13-photos.leclercdrive.fr/image.ashx?id=2622257&use=l&cat=p&typeid=i","cat":295019},{"id":37261,"n":"Boisson au thé Fresh Tea Mangue - 1,5L","p":1.25,"u":"0,83 €/L","img":"https://fd13-photos.leclercdrive.fr/image.ashx?id=2622260&use=l&cat=p&typeid=i","cat":295019},{"id":37262,"n":"Boisson au thé Fresh Tea Framboise - 1,5L","p":1.33,"u":"0,89 €/L","img":"https://fd13-photos.leclercdrive.fr/image.ashx?id=2622254&use=l&cat=p&typeid=i","cat":295019},{"id":37278,"n":"Orangina Pik Haribo Sachet bonbons acidulés - 250g","p":1.61,"u":"6,44 €/KG","img":"https://fd13-photos.leclercdrive.fr/image.ashx?id=2806090&use=l&cat=p&typeid=i","cat":304250},{"id":37281,"n":"Bonbons Longfizz Lutti 200g","p":1.2,"u":"6,00 €/KG","img":"https://fd13-photos.leclercdrive.fr/image.ashx?id=2962173&use=l&cat=p&typeid=i","cat":304250},{"id":37286,"n":"Paëlla royale Marie 900g","p":4.84,"u":"5,38 €/KG","img":"https://fd13-photos.leclercdrive.fr/image.ashx?id=2996770&use=l&cat=p&typeid=i","cat":284254},{"id":37319,"n":"Taille-crayon Esquisse Jaune Fluo avec réserve 2 trous","p":0.55,"img":"https://fd13-photos.leclercdrive.fr/image.ashx?id=1183426&use=l&cat=p&typeid=i","cat":334133},{"id":37403,"n":"Sachet fraîcheur chien Pedigree  Mixte en sauce - 12x100g","p":5.06,"u":"4,22 €/KG","img":"https://fd13-photos.leclercdrive.fr/image.ashx?id=2870242&use=l&cat=p&typeid=i","cat":284673},{"id":37405,"n":"Foie de morue Connétable MSC Nature - 121g","p":2.01,"u":"16,61 €/KG","img":"https://fd13-photos.leclercdrive.fr/image.ashx?id=2918718&use=l&cat=p&typeid=i","cat":305147},{"id":37410,"n":"Joker Le Fruit Jus de pomme 1,5L","p":2.66,"u":"1,77 €/L","img":"https://fd13-photos.leclercdrive.fr/image.ashx?id=2785730&use=l&cat=p&typeid=i","cat":284522},{"id":37417,"n":"Boisson à base de vin rosé  Festalie - 75 cl","p":2.54,"u":"3,39 €/L","img":"https://fd13-photos.leclercdrive.fr/image.ashx?id=2774900&use=l&cat=p&typeid=i","cat":304569},{"id":37436,"n":"Brosse à dents enfant Dentamyl Clignotante - Multicoloris x1","p":1.99,"img":"https://fd13-photos.leclercdrive.fr/image.ashx?id=1953648&use=l&cat=p&typeid=i","cat":288897},{"id":37438,"n":"Papier cuisson Elembal Rouleau 15m","p":1.79,"img":"https://fd13-photos.leclercdrive.fr/image.ashx?id=2824952&use=l&cat=p&typeid=i","cat":334134},{"id":37456,"n":"Saucisse fumée Tradilège VPF x3 375g","p":3.22,"u":"8,59 €/KG","img":"https://fd13-photos.leclercdrive.fr/image.ashx?id=2659085&use=l&cat=p&typeid=i","cat":316012},{"id":37468,"n":"Jambon cru Fine Fondante Aoste Sans conservateur - x6 - 100g","p":3.51,"u":"35,10 €/KG","img":"https://fd13-photos.leclercdrive.fr/image.ashx?id=2937172&use=l&cat=p&typeid=i","cat":316007},{"id":37542,"n":"Compote bébé Bio Village bio Poire williams - 4 mois -4x100g","p":1.89,"u":"4,73 €/KG","img":"https://fd13-photos.leclercdrive.fr/image.ashx?id=2704747&use=l&cat=p&typeid=i","cat":312387},{"id":37580,"n":"Soupe Régal Soupe Légumes et vermicelles - 1L","p":1.84,"u":"1,84 €/L","img":"https://fd13-photos.leclercdrive.fr/image.ashx?id=2983802&use=l&cat=p&typeid=i","cat":284462},{"id":37593,"n":"Snacks chats Tous mes amis Poulet fromage - 60g","p":0.84,"u":"14,00 €/KG","img":"https://fd13-photos.leclercdrive.fr/image.ashx?id=1947280&use=l&cat=p&typeid=i","cat":285285},{"id":37594,"n":"Snacks chats Tous mes amis Boeuf - 60g","p":0.94,"u":"15,67 €/KG","img":"https://fd13-photos.leclercdrive.fr/image.ashx?id=2046107&use=l&cat=p&typeid=i","cat":285285},{"id":37595,"n":"Snacks chats Tous mes amis Saumon - 60g","p":0.89,"u":"14,83 €/KG","img":"https://fd13-photos.leclercdrive.fr/image.ashx?id=1938588&use=l&cat=p&typeid=i","cat":285285},{"id":37596,"n":"Snacks chats Tous mes amis Contre les boules de poils- 60g","p":0.99,"u":"16,50 €/KG","img":"https://fd13-photos.leclercdrive.fr/image.ashx?id=1947277&use=l&cat=p&typeid=i","cat":285285},{"id":37605,"n":"Protège-slips Doulys Extra fin - Plié - x32","p":1.36,"u":"0,04 €/P","img":"https://fd13-photos.leclercdrive.fr/image.ashx?id=2691270&use=l&cat=p&typeid=i","cat":284625},{"id":37615,"n":"Rasoirs jetables Eco+ x10","p":0.79,"u":"0,08 €/P","img":"https://fd13-photos.leclercdrive.fr/image.ashx?id=2913642&use=l&cat=p&typeid=i","cat":284616},{"id":37623,"n":"Trancetto Balconi Cacao x10 280g","p":1.4,"u":"5,00 €/KG","img":"https://fd13-photos.leclercdrive.fr/image.ashx?id=2878414&use=l&cat=p&typeid=i","cat":284495},{"id":37712,"n":"Haricots Verts Cassegrain Extra Fins Cueillis main 390g","p":3.02,"u":"7,74 €/KG","img":"https://fd13-photos.leclercdrive.fr/image.ashx?id=2913025&use=l&cat=p&typeid=i","cat":312606},{"id":37719,"n":"Noix de macadamia Tokapi 100g","p":2.48,"u":"24,80 €/KG","img":"https://fd13-photos.leclercdrive.fr/image.ashx?id=2790519&use=l&cat=p&typeid=i","cat":284448},{"id":37774,"n":"Recharge Dentamyl Brosse à dents électrique x2","p":6.98,"u":"3,49 €/P","img":"https://fd13-photos.leclercdrive.fr/image.ashx?id=2790967&use=l&cat=p&typeid=i","cat":297133},{"id":37775,"n":"Serviette incontinence Chorys Maxi - x12","p":3.65,"u":"0,30 €/P","img":"https://fd13-photos.leclercdrive.fr/image.ashx?id=2393884&use=l&cat=p&typeid=i","cat":284628},{"id":37778,"n":"Lait corps Inell Réparateur - 250ml","p":2.33,"u":"9,32 €/L","img":"https://fd13-photos.leclercdrive.fr/image.ashx?id=2691664&use=l&cat=p&typeid=i","cat":325349},{"id":37832,"n":"AOP Beaujolais Villages Rouge Château Pierre Filant - 75cl","p":6.69,"u":"8,92 €/L","img":"https://fd13-photos.leclercdrive.fr/image.ashx?id=2093604&use=l&cat=p&typeid=i","cat":289556},{"id":37842,"n":"Thé glacé zéro Fresh Tea  Pêche - 1,5L","p":1.28,"u":"0,85 €/L","img":"https://fd13-photos.leclercdrive.fr/image.ashx?id=2622266&use=l&cat=p&typeid=i","cat":295019},{"id":37843,"n":"100% Pur jus d'orange Jafaden Sans pulpe - 2L","p":3.54,"u":"1,77 €/L","img":"https://fd13-photos.leclercdrive.fr/image.ashx?id=2796052&use=l&cat=p&typeid=i","cat":284521},{"id":37862,"n":"Couches Bébé Eco+ T5 - x52 changes","p":6.94,"u":"0,13 €/P","img":"https://fd13-photos.leclercdrive.fr/image.ashx?id=2842450&use=l&cat=p&typeid=i","cat":284737},{"id":37863,"n":"Compresses stériles Primoplast Ultra-douces x20","p":2.6,"u":"0,13 €/P","img":"https://fd13-photos.leclercdrive.fr/image.ashx?id=2832960&use=l&cat=p&typeid=i","cat":284630},{"id":37864,"n":"Bouchons oreilles Primoplast Mousse x8","p":3.99,"u":"0,50 €/P","img":"https://fd13-photos.leclercdrive.fr/image.ashx?id=2856513&use=l&cat=p&typeid=i","cat":284630},{"id":37866,"n":"Lavette Mamisson Microfibre spécial vitres x1","p":0.85,"img":"https://fd13-photos.leclercdrive.fr/image.ashx?id=2595107&use=l&cat=p&typeid=i","cat":284667},{"id":37875,"n":"Sucre en poudre Beghin Say Extra fin - 750g","p":2.02,"u":"2,69 €/KG","img":"https://fd13-photos.leclercdrive.fr/image.ashx?id=2313882&use=l&cat=p&typeid=i","cat":284502},{"id":38000,"n":"Shampooing douche Petit Manava Pomme-poire - 500ml","p":2.19,"u":"4,38 €/L","img":"https://fd13-photos.leclercdrive.fr/image.ashx?id=2403694&use=l&cat=p&typeid=i","cat":284606},{"id":38026,"n":"Soufflés Frites Tokapi Bacon - 80g","p":0.79,"u":"9,88 €/KG","img":"https://fd13-photos.leclercdrive.fr/image.ashx?id=2597028&use=l&cat=p&typeid=i","cat":284449},{"id":38027,"n":"Quinoa gourmand Tipiak 400g","p":2.42,"u":"6,05 €/KG","img":"https://fd13-photos.leclercdrive.fr/image.ashx?id=2640617&use=l&cat=p&typeid=i","cat":284429},{"id":38035,"n":"Shampooing Petit Nateis 2en1 Enfants - 250ml","p":1.35,"u":"5,40 €/L","img":"https://fd13-photos.leclercdrive.fr/image.ashx?id=2626799&use=l&cat=p&typeid=i","cat":284606},{"id":38054,"n":"Thé glacé pétillant Liptonic  Ice Tea Pêche - 1,5L","p":1.88,"u":"1,25 €/L","img":"https://fd13-photos.leclercdrive.fr/image.ashx?id=2159598&use=l&cat=p&typeid=i","cat":295019},{"id":38100,"n":"Chocolat en poudre Nesquik Boîte 490g","p":3.41,"u":"6,96 €/KG","img":"https://fd13-photos.leclercdrive.fr/image.ashx?id=3005305&use=l&cat=p&typeid=i","cat":293235},{"id":38220,"n":"Pansements Primoplast Anti-ampoules x6","p":3.2,"img":"https://fd13-photos.leclercdrive.fr/image.ashx?id=2832954&use=l&cat=p&typeid=i","cat":284630},{"id":38226,"n":"Compresses stériles Primoplast Gaze x60","p":4.99,"u":"0,08 €/P","img":"https://fd13-photos.leclercdrive.fr/image.ashx?id=2834181&use=l&cat=p&typeid=i","cat":284630},{"id":38227,"n":"Compresses stériles Primoplast Gaze x10","p":1.3,"u":"0,13 €/P","img":"https://fd13-photos.leclercdrive.fr/image.ashx?id=2856510&use=l&cat=p&typeid=i","cat":284630},{"id":38228,"n":"Vaseline Primoplast Tube 50ml","p":1.4,"u":"28,00 €/L","img":"https://fd13-photos.leclercdrive.fr/image.ashx?id=2856519&use=l&cat=p&typeid=i","cat":284630},{"id":38230,"n":"Mouchoirs blancs 4 plis Caresse Pock kid mouchoirs papier x10","p":1.12,"u":"0,11 €/P","img":"https://fd13-photos.leclercdrive.fr/image.ashx?id=2856687&use=l&cat=p&typeid=i","cat":284638},{"id":38232,"n":"Mouchoirs blancs 3 plis Caresse Boîte décor aléatoire Kids -x60","p":1.75,"u":"0,03 €/P","img":"https://fd13-photos.leclercdrive.fr/image.ashx?id=2814432&use=l&cat=p&typeid=i","cat":284638},{"id":38234,"n":"Dessert - P'tit Brassé Nestlé Banane - dès 6 mois - 4x100g","p":1.88,"u":"4,70 €/KG","img":"https://fd13-photos.leclercdrive.fr/image.ashx?id=2615131&use=l&cat=p&typeid=i","cat":312392},{"id":38235,"n":"Dessert - P'tit Brassé Nestlé Framboise - dès 6 mois - 4x100g","p":1.69,"u":"4,23 €/KG","img":"https://fd13-photos.leclercdrive.fr/image.ashx?id=2604876&use=l&cat=p&typeid=i","cat":312392},{"id":38236,"n":"Dessert - P'tit Brassé Nestlé Abricot - dès 6 mois - 4x100g","p":1.54,"u":"3,85 €/KG","img":"https://fd13-photos.leclercdrive.fr/image.ashx?id=2600569&use=l&cat=p&typeid=i","cat":312392},{"id":38237,"n":"Dessert - P'tit Brassé Nestlé Poire - dès 6 mois - 4x100g","p":1.8,"u":"4,50 €/KG","img":"https://fd13-photos.leclercdrive.fr/image.ashx?id=2615756&use=l&cat=p&typeid=i","cat":312392},{"id":38238,"n":"Dessert - P'tit Brassé Nestlé Fraise - dès 6 mois - 4x100g","p":1.54,"u":"3,85 €/KG","img":"https://fd13-photos.leclercdrive.fr/image.ashx?id=2510187&use=l&cat=p&typeid=i","cat":312392},{"id":38239,"n":"Dessert - P'tit Brassé Nestlé Myrtille - dès 6 mois - 4x100g","p":1.89,"u":"4,73 €/KG","img":"https://fd13-photos.leclercdrive.fr/image.ashx?id=2583235&use=l&cat=p&typeid=i","cat":312392},{"id":38297,"n":"Matière grasse St Hubert Omega3 52%mg - demi-sel - 510g","p":3.56,"u":"6,98 €/KG","img":"https://fd13-photos.leclercdrive.fr/image.ashx?id=2734099&use=l&cat=p&typeid=i","cat":315229},{"id":38298,"n":"Matière grasse St Hubert Omega 3 - 52%mg - doux - 510g","p":3.32,"u":"6,51 €/KG","img":"https://fd13-photos.leclercdrive.fr/image.ashx?id=2734108&use=l&cat=p&typeid=i","cat":315229},{"id":38304,"n":"Taboulé Pierre Martinet Au poulet - 300g","p":1.73,"u":"5,77 €/KG","img":"https://fd13-photos.leclercdrive.fr/image.ashx?id=2990529&use=l&cat=p&typeid=i","cat":333657},{"id":38322,"n":"Compote Douceur du Verger Gourdes multivariétés - 20x90g","p":5.95,"u":"3,31 €/KG","img":"https://fd13-photos.leclercdrive.fr/image.ashx?id=2837057&use=l&cat=p&typeid=i","cat":284508},{"id":38337,"n":"Huile sèche corps Inell Nourrissante - 150ml","p":3.68,"u":"24,53 €/L","img":"https://fd13-photos.leclercdrive.fr/image.ashx?id=2604349&use=l&cat=p&typeid=i","cat":325349},{"id":38373,"n":"Rasoirs jetables Siliss 3 lames x6","p":2.21,"u":"0,55 €/P","img":"https://fd13-photos.leclercdrive.fr/image.ashx?id=2774897&use=l&cat=p&typeid=i","cat":325352},{"id":38374,"n":"Brosse à dents Dentamyl Super pro interdent x1","p":1.3,"img":"https://fd13-photos.leclercdrive.fr/image.ashx?id=2790970&use=l&cat=p&typeid=i","cat":284614},{"id":38379,"n":"Shampooing Manava Aux oeufs 500ml","p":1.0,"u":"2,00 €/L","img":"https://fd13-photos.leclercdrive.fr/image.ashx?id=2852243&use=l&cat=p&typeid=i","cat":284606},{"id":38510,"n":"Shampooing 2en1 Manava Lait amande douce - 500ml","p":1.03,"u":"2,06 €/L","img":"https://fd13-photos.leclercdrive.fr/image.ashx?id=1903860&use=l&cat=p&typeid=i","cat":284606},{"id":38524,"n":"Tendres perles Blé Tipiak Prêt en 5 min - 350g","p":1.62,"u":"4,63 €/KG","img":"https://fd13-photos.leclercdrive.fr/image.ashx?id=2640614&use=l&cat=p&typeid=i","cat":284429},{"id":38562,"n":"Cône Nestlé Extrême  Vanille de Madagascar x6 - 426g","p":3.34,"u":"7,84 €/KG","img":"https://fd13-photos.leclercdrive.fr/image.ashx?id=3000432&use=l&cat=p&typeid=i","cat":284264},{"id":38563,"n":"Cône Extrême Nestlé Chocolat intense 6x71g","p":3.5,"u":"8,22 €/KG","img":"https://fd13-photos.leclercdrive.fr/image.ashx?id=2353089&use=l&cat=p&typeid=i","cat":284264},{"id":38574,"n":"Crayons de couleur Colorpep's Maped - 14 crayons + 4 offerts","p":1.8,"img":"https://fd13-photos.leclercdrive.fr/image.ashx?id=2384256&use=l&cat=p&typeid=i","cat":284696},{"id":38575,"n":"Feutres de coloriage Maped Jungle Colorpep's x18+6 offerts","p":2.62,"img":"https://fd13-photos.leclercdrive.fr/image.ashx?id=2384304&use=l&cat=p&typeid=i","cat":284696},{"id":38587,"n":"Stylo plume chrome Waterman x1 + 1 cartouche","p":9.03,"img":"https://fd13-photos.leclercdrive.fr/image.ashx?id=1869286&use=l&cat=p&typeid=i","cat":284696},{"id":38597,"n":"Koverbook  Clairefontaine 96p 21x29.7cm -x5","p":12.95,"u":"2,59 €/P","img":"https://fd13-photos.leclercdrive.fr/image.ashx?id=1699232&use=l&cat=p&typeid=i","cat":284697},{"id":38625,"n":"Calculatrice Texas Instrument TI-Collège Plus","p":19.78,"u":"Dont 0,07 € d'éco-part.","img":"https://fd13-photos.leclercdrive.fr/image.ashx?id=2429260&use=l&cat=p&typeid=i","cat":334133},{"id":38668,"n":"Shampooing Vitanove Eclat - Ultime gloss 250ml","p":1.79,"u":"7,16 €/L","img":"https://fd13-photos.leclercdrive.fr/image.ashx?id=1909564&use=l&cat=p&typeid=i","cat":284606},{"id":38705,"n":"Chocolat Pâtissier Nestlé Dessert - 2x205g","p":5.84,"u":"14,24 €/KG","img":"https://fd13-photos.leclercdrive.fr/image.ashx?id=2959491&use=l&cat=p&typeid=i","cat":285562},{"id":38709,"n":"Fromage apéritif Apéricube Bella Italia 48 cubes","p":4.47,"u":"0,09 €/P","img":"https://fd13-photos.leclercdrive.fr/image.ashx?id=2882668&use=l&cat=p&typeid=i","cat":314027},{"id":38735,"n":"Lait de douche Manava Lait et miel - 250ml","p":0.94,"u":"3,76 €/L","img":"https://fd13-photos.leclercdrive.fr/image.ashx?id=2618338&use=l&cat=p&typeid=i","cat":284594},{"id":38744,"n":"Beurre allégé Les Croisés Demi-sel - 60% MG - 250g","p":1.89,"u":"7,56 €/KG","img":"https://fd13-photos.leclercdrive.fr/image.ashx?id=2897787&use=l&cat=p&typeid=i","cat":284379},{"id":38757,"n":"Bâtonnets Trium Pistache - x4 280g","p":4.58,"u":"16,36 €/KG","img":"https://fd13-photos.leclercdrive.fr/image.ashx?id=2071101&use=l&cat=p&typeid=i","cat":284265},{"id":38764,"n":"Cidre artisanal Les Goelleries Brut 5,5% - 75cl","p":2.49,"u":"3,32 €/L","img":"https://fd13-photos.leclercdrive.fr/image.ashx?id=2842301&use=l&cat=p&typeid=i","cat":334880},{"id":38765,"n":"Soda Jean's Cola Cherry Bouteille - 1,5L","p":1.49,"u":"0,99 €/L","img":"https://fd13-photos.leclercdrive.fr/image.ashx?id=2637916&use=l&cat=p&typeid=i","cat":284530},{"id":38773,"n":"Pur jus d'orange Jafaden Avec pulpe - 1,5L","p":3.0,"u":"2,00 €/L","img":"https://fd13-photos.leclercdrive.fr/image.ashx?id=2796058&use=l&cat=p&typeid=i","cat":284521},{"id":38776,"n":"AOC Côtes du Marmandais vin rosé Terrasses d'Autan - 75cl","p":2.99,"u":"3,99 €/L","img":"https://fd13-photos.leclercdrive.fr/image.ashx?id=2710497&use=l&cat=p&typeid=i","cat":289558},{"id":38780,"n":"Shampooing Manava Anti-pelliculaire 500ml","p":1.03,"u":"2,06 €/L","img":"https://fd13-photos.leclercdrive.fr/image.ashx?id=1903863&use=l&cat=p&typeid=i","cat":284606},{"id":38781,"n":"Mouchoirs blancs 4 plis Caresse Boîte mouchoirs papier - x80","p":1.1,"u":"0,01 €/P","img":"https://fd13-photos.leclercdrive.fr/image.ashx?id=2801049&use=l&cat=p&typeid=i","cat":284638},{"id":38800,"n":"Essuie-tout Déco Mimosa Maxi - x3","p":3.85,"u":"1,28 €/P","img":"https://fd13-photos.leclercdrive.fr/image.ashx?id=2723362&use=l&cat=p&typeid=i","cat":284635},{"id":38801,"n":"Déodorant spray Manava Vanille 100ml","p":1.39,"u":"13,90 €/L","img":"https://fd13-photos.leclercdrive.fr/image.ashx?id=2671408&use=l&cat=p&typeid=i","cat":284595},{"id":38802,"n":"Déodorant spray Manava Pierre d'alun/Aloe Vera - 100ml","p":1.39,"u":"13,90 €/L","img":"https://fd13-photos.leclercdrive.fr/image.ashx?id=3013609&use=l&cat=p&typeid=i","cat":284595},{"id":38803,"n":"Déodorant spray grenade Manava A l'huile sauge sclarée - 100ml","p":1.39,"u":"13,90 €/L","img":"https://fd13-photos.leclercdrive.fr/image.ashx?id=1848061&use=l&cat=p&typeid=i","cat":284595},{"id":38804,"n":"Déodorant spray Manava Invisible 100ml","p":1.39,"u":"13,90 €/L","img":"https://fd13-photos.leclercdrive.fr/image.ashx?id=1957743&use=l&cat=p&typeid=i","cat":284595},{"id":38812,"n":"Pains au lait Pasquier x10 - 350g","p":1.41,"u":"4,03 €/KG","img":"https://fd13-photos.leclercdrive.fr/image.ashx?id=2576940&use=l&cat=p&typeid=i","cat":293505},{"id":38857,"n":"Fromage Boursin cuisine Ail & fines herbes - 240g","p":2.22,"u":"9,25 €/KG","img":"https://fd13-photos.leclercdrive.fr/image.ashx?id=2615418&use=l&cat=p&typeid=i","cat":314029},{"id":38868,"n":"Chips ondulées Pom'Lisse Poulet rôti - 135g","p":1.03,"u":"7,63 €/KG","img":"https://fd13-photos.leclercdrive.fr/image.ashx?id=2919625&use=l&cat=p&typeid=i","cat":284447},{"id":38869,"n":"Purée de tomates Turini Saveur basilic - 200g","p":0.79,"u":"3,95 €/KG","img":"https://fd13-photos.leclercdrive.fr/image.ashx?id=2174702&use=l&cat=p&typeid=i","cat":288384},{"id":38938,"n":"Le Bleu Président  145g","p":2.43,"u":"16,76 €/KG","img":"https://fd13-photos.leclercdrive.fr/image.ashx?id=1555906&use=l&cat=p&typeid=i","cat":314032},{"id":38952,"n":"Boisson lactée au cacao Cacolac 8x15cl","p":6.32,"u":"5,27 €/L","img":"https://fd13-photos.leclercdrive.fr/image.ashx?id=1987914&use=l&cat=p&typeid=i","cat":295246},{"id":38985,"n":"Beurre Grand Fermage  Demi-sel - 80% MG - 250g","p":2.57,"u":"10,28 €/KG","img":"https://fd13-photos.leclercdrive.fr/image.ashx?id=2915569&use=l&cat=p&typeid=i","cat":284379},{"id":38994,"n":"Edulcorant liquide Ginko 200ml","p":6.41,"u":"32,05 €/L","img":"https://fd13-photos.leclercdrive.fr/image.ashx?id=2231055&use=l&cat=p&typeid=i","cat":324846},{"id":39009,"n":"Pain de mie complet Epi d'Or Extra moelleux - 500g","p":1.79,"u":"3,58 €/KG","img":"https://fd13-photos.leclercdrive.fr/image.ashx?id=2860742&use=l&cat=p&typeid=i","cat":284477},{"id":39020,"n":"AOP Haut Médoc rouge Château Barreyres - 75cl","p":11.7,"u":"15,60 €/L","img":"https://fd13-photos.leclercdrive.fr/image.ashx?id=2467769&use=l&cat=p&typeid=i","cat":289556},{"id":39039,"n":"Vin de France rouge HVE Cabernet Sauvignon - BIB 5L","p":12.9,"u":"2,58 €/L","img":"https://fd13-photos.leclercdrive.fr/image.ashx?id=2938749&use=l&cat=p&typeid=i","cat":289560},{"id":39056,"n":"AOC Côtes de Provence rosé Billette - BIB 3L","p":20.5,"u":"6,83 €/L","img":"https://fd13-photos.leclercdrive.fr/image.ashx?id=2863434&use=l&cat=p&typeid=i","cat":289560},{"id":39061,"n":"Film étirable Alfapac Rouleau 35m x 29cm","p":1.55,"img":"https://fd13-photos.leclercdrive.fr/image.ashx?id=2918268&use=l&cat=p&typeid=i","cat":334134},{"id":39066,"n":"Tablettes lave vaisselle Sun Classic x40 - 380g","p":5.06,"u":"13,32 €/KG","img":"https://fd13-photos.leclercdrive.fr/image.ashx?id=2776232&use=l&cat=p&typeid=i","cat":284656},{"id":39067,"n":"Tablettes lave vaisselle Sun Classic x60 - 570g","p":6.72,"u":"11,79 €/KG","img":"https://fd13-photos.leclercdrive.fr/image.ashx?id=2775745&use=l&cat=p&typeid=i","cat":284656},{"id":39068,"n":"Tablettes lave vaisselle Sun Classic citron x40 - 380g","p":5.07,"u":"13,34 €/KG","img":"https://fd13-photos.leclercdrive.fr/image.ashx?id=2831152&use=l&cat=p&typeid=i","cat":284656},{"id":39107,"n":"Gel lavant Manava Savon de Marseille - 300ml","p":1.02,"u":"3,40 €/L","img":"https://fd13-photos.leclercdrive.fr/image.ashx?id=2935498&use=l&cat=p&typeid=i","cat":284597},{"id":39120,"n":"Eau minérale naturelle Vittel Bouchon sport - 6x75cl","p":2.92,"u":"0,65 €/L","img":"https://fd13-photos.leclercdrive.fr/image.ashx?id=2774478&use=l&cat=p&typeid=i","cat":284535},{"id":39122,"n":"Fromage de chèvre Soignon Bûche Sainte Maure - 300g","p":3.24,"u":"10,80 €/KG","img":"https://fd13-photos.leclercdrive.fr/image.ashx?id=2963331&use=l&cat=p&typeid=i","cat":314031},{"id":39143,"n":"Beurre Les Eleveurs de Bretagne Demi-sel Extra-fin -80% MG 500g","p":5.2,"u":"10,40 €/KG","img":"https://fd13-photos.leclercdrive.fr/image.ashx?id=2128839&use=l&cat=p&typeid=i","cat":284379},{"id":39144,"n":"Oeufs Eleveurs de Bretagne Plein air - x20","p":4.59,"u":"0,23 €/P","img":"https://fd13-photos.leclercdrive.fr/image.ashx?id=2187589&use=l&cat=p&typeid=i","cat":284378},{"id":39145,"n":"Mouchoirs blancs 4 plis Caresse Etuis x15 - Mentholés","p":1.98,"u":"0,13 €/P","img":"https://fd13-photos.leclercdrive.fr/image.ashx?id=2572996&use=l&cat=p&typeid=i","cat":284638},{"id":39172,"n":"AOP Cabernet d'Anjou vin rosé Les Caractères - 75cl","p":3.99,"u":"5,32 €/L","img":"https://fd13-photos.leclercdrive.fr/image.ashx?id=2908846&use=l&cat=p&typeid=i","cat":289558},{"id":39199,"n":"Pizza Turini Cuite sur pierre Campagnarde - 400g","p":4.03,"u":"10,08 €/KG","img":"https://fd13-photos.leclercdrive.fr/image.ashx?id=2816576&use=l&cat=p&typeid=i","cat":284256},{"id":39233,"n":"AOP Côtes de Provence rosé Estandon - 75cl","p":7.3,"u":"9,73 €/L","img":"https://fd13-photos.leclercdrive.fr/image.ashx?id=2868966&use=l&cat=p&typeid=i","cat":289558},{"id":39265,"n":"AOC Picpoul de Pinet vin blanc Prieur Barsanne - 75cl","p":4.8,"u":"6,40 €/L","img":"https://fd13-photos.leclercdrive.fr/image.ashx?id=2705083&use=l&cat=p&typeid=i","cat":289557},{"id":39266,"n":"AOP Corse vin rosé Terres Ocrées - 75cl","p":4.99,"u":"6,65 €/L","img":"https://fd13-photos.leclercdrive.fr/image.ashx?id=2865242&use=l&cat=p&typeid=i","cat":289558},{"id":39268,"n":"AOP Bergerac vin blanc sec Terrasses d'Autan - 75cl","p":2.99,"u":"3,99 €/L","img":"https://fd13-photos.leclercdrive.fr/image.ashx?id=2677086&use=l&cat=p&typeid=i","cat":289557},{"id":39269,"n":"AOC Cabernet d'Anjou vin rosé Les Caractères - 37,5cl","p":2.99,"u":"7,97 €/L","img":"https://fd13-photos.leclercdrive.fr/image.ashx?id=2898248&use=l&cat=p&typeid=i","cat":289558},{"id":39270,"n":"AOP Touraine Sauvignon vin Blanc - Les Caractères - 75cl","p":4.99,"u":"6,65 €/L","img":"https://fd13-photos.leclercdrive.fr/image.ashx?id=2653086&use=l&cat=p&typeid=i","cat":289557},{"id":39272,"n":"AOP Bourgogne Chardonnay vin blanc Antoine Barrier - 75cl","p":6.99,"u":"9,32 €/L","img":"https://fd13-photos.leclercdrive.fr/image.ashx?id=2714983&use=l&cat=p&typeid=i","cat":289557},{"id":39328,"n":"Vin mousseux Kriter Brut 3x20cl","p":5.09,"u":"8,48 €/L","img":"https://fd13-photos.leclercdrive.fr/image.ashx?id=2538509&use=l&cat=p&typeid=i","cat":284544},{"id":39331,"n":"Shampooing Manava Beurre de karité 500ml","p":1.35,"u":"2,70 €/L","img":"https://fd13-photos.leclercdrive.fr/image.ashx?id=1884643&use=l&cat=p&typeid=i","cat":284606},{"id":39332,"n":"Shampooing Manava Cheveux normaux à gras 500ml","p":1.24,"u":"2,48 €/L","img":"https://fd13-photos.leclercdrive.fr/image.ashx?id=1885059&use=l&cat=p&typeid=i","cat":284606},{"id":39338,"n":"Moutarde Savora Amora 385g","p":2.25,"u":"5,84 €/KG","img":"https://fd13-photos.leclercdrive.fr/image.ashx?id=2775685&use=l&cat=p&typeid=i","cat":288850},{"id":39339,"n":"Moutarde Amora Fine & douce - 190g","p":1.63,"u":"8,58 €/KG","img":"https://fd13-photos.leclercdrive.fr/image.ashx?id=2738791&use=l&cat=p&typeid=i","cat":288850},{"id":39376,"n":"Pur jus d'orange Tropicana Sans pulpe - 1,5L","p":3.38,"u":"2,25 €/L","img":"https://fd13-photos.leclercdrive.fr/image.ashx?id=2509637&use=l&cat=p&typeid=i","cat":284521},{"id":39388,"n":"Haricots verts Bio Village Bio - 360g","p":1.89,"u":"5,25 €/KG","img":"https://fd13-photos.leclercdrive.fr/image.ashx?id=3002659&use=l&cat=p&typeid=i","cat":312606},{"id":39414,"n":"yaourt aux fruits danone recette crémeuse - 16x125g","p":4.86,"u":"2,43 €/KG","img":"https://fd13-photos.leclercdrive.fr/image.ashx?id=2611967&use=l&cat=p&typeid=i","cat":284410},{"id":39417,"n":"Boisson Sunny Delight Florida - 1,25L","p":2.58,"u":"2,06 €/L","img":"https://fd13-photos.leclercdrive.fr/image.ashx?id=2309960&use=l&cat=p&typeid=i","cat":285435},{"id":39418,"n":"Boisson Sunny Delight Doux California - 1,25L","p":2.16,"u":"1,73 €/L","img":"https://fd13-photos.leclercdrive.fr/image.ashx?id=2309963&use=l&cat=p&typeid=i","cat":285435},{"id":39421,"n":"Jus innocent pomme 900ml","p":2.72,"u":"3,02 €/L","img":"https://fd13-photos.leclercdrive.fr/image.ashx?id=2891703&use=l&cat=p&typeid=i","cat":284354},{"id":39444,"n":"Jus innocent orange avec pulpe 900ml","p":2.69,"u":"2,99 €/L","img":"https://fd13-photos.leclercdrive.fr/image.ashx?id=2891700&use=l&cat=p&typeid=i","cat":285435},{"id":39445,"n":"Confiture Douceur Du Verger Extra myrtilles allegée - 340g","p":1.89,"u":"5,56 €/KG","img":"https://fd13-photos.leclercdrive.fr/image.ashx?id=2965515&use=l&cat=p&typeid=i","cat":284480},{"id":39471,"n":"Mousse aux oeufs Bonne Maman Chocolat - 4x50g","p":2.42,"u":"12,10 €/KG","img":"https://fd13-photos.leclercdrive.fr/image.ashx?id=2571509&use=l&cat=p&typeid=i","cat":284417},{"id":39472,"n":"Mousse aux oeufs Bonne Maman Chocolat au lait - 4x50g","p":2.27,"u":"11,35 €/KG","img":"https://fd13-photos.leclercdrive.fr/image.ashx?id=2571512&use=l&cat=p&typeid=i","cat":284417},{"id":39475,"n":"Barre chocolatée Balisto Fruits des bois - x10 - 185g","p":2.76,"u":"14,92 €/KG","img":"https://fd13-photos.leclercdrive.fr/image.ashx?id=1930983&use=l&cat=p&typeid=i","cat":284498},{"id":39477,"n":"Crêpes fourrées P'tit Déli Fraise - 256g","p":2.02,"u":"7,89 €/KG","img":"https://fd13-photos.leclercdrive.fr/image.ashx?id=2498068&use=l&cat=p&typeid=i","cat":284494},{"id":39480,"n":"Chips ondulées Pom'Lisse Nature - 6x30g","p":1.57,"u":"8,72 €/KG","img":"https://fd13-photos.leclercdrive.fr/image.ashx?id=2728246&use=l&cat=p&typeid=i","cat":284447},{"id":39482,"n":"Brownie P'tit Déli Chocolat noisette - 240g","p":1.81,"u":"7,54 €/KG","img":"https://fd13-photos.leclercdrive.fr/image.ashx?id=2540954&use=l&cat=p&typeid=i","cat":294776},{"id":39485,"n":"Barre chocolatée Balisto Miel amande - x10 barres - 185g","p":3.04,"u":"16,43 €/KG","img":"https://fd13-photos.leclercdrive.fr/image.ashx?id=1930977&use=l&cat=p&typeid=i","cat":284498},{"id":39497,"n":"Barre chocolatée P'tit Déli Bille de riz - 162g","p":1.5,"u":"9,26 €/KG","img":"https://fd13-photos.leclercdrive.fr/image.ashx?id=2529599&use=l&cat=p&typeid=i","cat":284488},{"id":39498,"n":"Biscottes Epi d'Or Gout brioché x36 - 300g","p":1.51,"u":"5,03 €/KG","img":"https://fd13-photos.leclercdrive.fr/image.ashx?id=2684028&use=l&cat=p&typeid=i","cat":284479},{"id":39503,"n":"Chocolat Pâtissier Tablette dOr Praliné - 200g","p":2.15,"u":"10,75 €/KG","img":"https://fd13-photos.leclercdrive.fr/image.ashx?id=2565619&use=l&cat=p&typeid=i","cat":285562},{"id":39507,"n":"Moutarde Rustica Douce - 435g","p":1.39,"u":"3,20 €/KG","img":"https://fd13-photos.leclercdrive.fr/image.ashx?id=2052019&use=l&cat=p&typeid=i","cat":288850},{"id":39508,"n":"Mini canapés Epi d'Or Nature - 255g","p":1.12,"u":"4,39 €/KG","img":"https://fd13-photos.leclercdrive.fr/image.ashx?id=2129233&use=l&cat=p&typeid=i","cat":285454},{"id":39511,"n":"Thé lady grey Twinings x20 sachets -  40g","p":2.09,"u":"52,25 €/KG","img":"https://fd13-photos.leclercdrive.fr/image.ashx?id=2875552&use=l&cat=p&typeid=i","cat":293233},{"id":39513,"n":"Soupe Velouté Régal  Poireaux St Jacques - 1L","p":3.8,"u":"3,80 €/L","img":"https://fd13-photos.leclercdrive.fr/image.ashx?id=2607542&use=l&cat=p&typeid=i","cat":284462},{"id":39514,"n":"Soupe Velouté Regal Soupe Cèpes et bolets - 1L","p":2.25,"u":"2,25 €/L","img":"https://fd13-photos.leclercdrive.fr/image.ashx?id=2607545&use=l&cat=p&typeid=i","cat":284462},{"id":39517,"n":"Thé vert Twinings Citron x25 sachets -50g","p":2.28,"u":"45,60 €/KG","img":"https://fd13-photos.leclercdrive.fr/image.ashx?id=2893012&use=l&cat=p&typeid=i","cat":293233},{"id":39521,"n":"Cacahuètes enrobées Tokapi Salées - 150g","p":0.85,"u":"5,67 €/KG","img":"https://fd13-photos.leclercdrive.fr/image.ashx?id=1957812&use=l&cat=p&typeid=i","cat":284448},{"id":39522,"n":"Cacahuètes enrobées Tokapi Bacon - 150g","p":0.85,"u":"5,67 €/KG","img":"https://fd13-photos.leclercdrive.fr/image.ashx?id=1951858&use=l&cat=p&typeid=i","cat":284448},{"id":39523,"n":"Cacahuètes enrobées Tokapi Paprika - 150g","p":0.85,"u":"5,67 €/KG","img":"https://fd13-photos.leclercdrive.fr/image.ashx?id=2790531&use=l&cat=p&typeid=i","cat":284448},{"id":39524,"n":"Cacahuètes enrobées Tokapi Epicées - 150g","p":0.95,"u":"6,33 €/KG","img":"https://fd13-photos.leclercdrive.fr/image.ashx?id=2033239&use=l&cat=p&typeid=i","cat":284448},{"id":39529,"n":"Jus de citron Rustica Sicile - 50cl","p":1.67,"u":"3,34 €/L","img":"https://fd13-photos.leclercdrive.fr/image.ashx?id=2974804&use=l&cat=p&typeid=i","cat":288383},{"id":39534,"n":"Barres énergétiques Ovomaltine x5 barres - 100g","p":2.47,"u":"24,70 €/KG","img":"https://fd13-photos.leclercdrive.fr/image.ashx?id=2413029&use=l&cat=p&typeid=i","cat":318652},{"id":39541,"n":"Madeleine P'tit Déli Coquilles napées chocolat -300g","p":2.59,"u":"8,63 €/KG","img":"https://fd13-photos.leclercdrive.fr/image.ashx?id=2583262&use=l&cat=p&typeid=i","cat":284492},{"id":39545,"n":"Soupe Poule au pot Régal Soupe  Déshydratée - 72g","p":0.84,"u":"11,67 €/KG","img":"https://fd13-photos.leclercdrive.fr/image.ashx?id=2656381&use=l&cat=p&typeid=i","cat":284463},{"id":39547,"n":"Duo Haricots verts et beurre Notre Jardin - 225g","p":1.03,"u":"4,58 €/KG","img":"https://fd13-photos.leclercdrive.fr/image.ashx?id=2988060&use=l&cat=p&typeid=i","cat":312606},{"id":39548,"n":"Haricots verts Notre Jardin Extra fins - 3x110g","p":1.83,"u":"5,55 €/KG","img":"https://fd13-photos.leclercdrive.fr/image.ashx?id=2472514&use=l&cat=p&typeid=i","cat":312606},{"id":39550,"n":"Sirop d'agave bio Bio Village 345g","p":1.99,"u":"5,77 €/KG","img":"https://fd13-photos.leclercdrive.fr/image.ashx?id=2764961&use=l&cat=p&typeid=i","cat":287643},{"id":39551,"n":"Tablettes pour chien Lydog Boeuf, poulet, agneau - 104g","p":1.22,"u":"11,73 €/KG","img":"https://fd13-photos.leclercdrive.fr/image.ashx?id=1947265&use=l&cat=p&typeid=i","cat":294527},{"id":39554,"n":"Mélange 4 champignons N.Jardin 230g","p":2.57,"u":"11,17 €/KG","img":"https://fd13-photos.leclercdrive.fr/image.ashx?id=2072719&use=l&cat=p&typeid=i","cat":312610},{"id":39556,"n":"Gaufres liégeoises P'tit Déli Sucrées - 550g","p":2.69,"u":"4,89 €/KG","img":"https://fd13-photos.leclercdrive.fr/image.ashx?id=2430219&use=l&cat=p&typeid=i","cat":294777},{"id":39558,"n":"Croquettes chat Tous mes amis Stérilisés - 2kg","p":3.24,"u":"1,62 €/KG","img":"https://fd13-photos.leclercdrive.fr/image.ashx?id=2301490&use=l&cat=p&typeid=i","cat":284680},{"id":39559,"n":"Céréales Jordans Spécial Muesli Fruits et Noix - 750g","p":2.98,"u":"3,97 €/KG","img":"https://fd13-photos.leclercdrive.fr/image.ashx?id=2966770&use=l&cat=p&typeid=i","cat":309512},{"id":39560,"n":"Duo Haricots verts et beurre Notre Jardin - 455g","p":1.99,"u":"4,37 €/KG","img":"https://fd13-photos.leclercdrive.fr/image.ashx?id=2291408&use=l&cat=p&typeid=i","cat":312606},{"id":39562,"n":"Céréales Bio Jordans Muesli - 500g","p":2.98,"u":"5,96 €/KG","img":"https://fd13-photos.leclercdrive.fr/image.ashx?id=2475897&use=l&cat=p&typeid=i","cat":309512},{"id":39569,"n":"Céréales Jordans Country Crisp Chocolat Noir 70% - 550g","p":3.39,"u":"6,16 €/KG","img":"https://fd13-photos.leclercdrive.fr/image.ashx?id=3000836&use=l&cat=p&typeid=i","cat":309512},{"id":39570,"n":"Céréales Jordans Country Crisp 4 Noix - 550g","p":2.95,"u":"5,36 €/KG","img":"https://fd13-photos.leclercdrive.fr/image.ashx?id=2973487&use=l&cat=p&typeid=i","cat":309512},{"id":39572,"n":"Biscuits batonnets P'tit Déli Chocolat au lait 90g","p":1.29,"u":"14,33 €/KG","img":"https://fd13-photos.leclercdrive.fr/image.ashx?id=2328779&use=l&cat=p&typeid=i","cat":284488},{"id":39576,"n":"AOP Côtes de Provence rosé Berne Grande récolte - 75cl","p":8.9,"u":"11,87 €/L","img":"https://fd13-photos.leclercdrive.fr/image.ashx?id=2857530&use=l&cat=p&typeid=i","cat":289558},{"id":39616,"n":"Sirop Moulin de Valdonne Fraise - 70cl","p":2.97,"u":"4,24 €/L","img":"https://fd13-photos.leclercdrive.fr/image.ashx?id=2170559&use=l&cat=p&typeid=i","cat":295020},{"id":39617,"n":"Sirop Moulin de Valdonne Menthe - 70cl","p":3.0,"u":"4,29 €/L","img":"https://fd13-photos.leclercdrive.fr/image.ashx?id=2170550&use=l&cat=p&typeid=i","cat":295020},{"id":39621,"n":"Boisson énergisante Red Bull 4x355ml","p":5.87,"u":"4,13 €/L","img":"https://fd13-photos.leclercdrive.fr/image.ashx?id=3011983&use=l&cat=p&typeid=i","cat":284533},{"id":39651,"n":"Sel fin iodé Cérébos Boîte 125g","p":0.49,"u":"3,92 €/KG","img":"https://fd13-photos.leclercdrive.fr/image.ashx?id=2817536&use=l&cat=p&typeid=i","cat":284457},{"id":39686,"n":"Protection incontinence Chorys Homme - Normal - x20","p":5.32,"u":"0,27 €/P","img":"https://fd13-photos.leclercdrive.fr/image.ashx?id=1513956&use=l&cat=p&typeid=i","cat":291514},{"id":39729,"n":"Couette basique Tissaia Blanc - 240x220cm","p":37.95,"u":"Dont 0,60 € d'éco-part.","img":"https://fd13-photos.leclercdrive.fr/image.ashx?id=2648448&use=l&cat=p&typeid=i","cat":288835},{"id":39735,"n":"Huile Isio 4 Lesieur Stop goutte - 675ml","p":2.35,"u":"3,48 €/L","img":"https://fd13-photos.leclercdrive.fr/image.ashx?id=2916015&use=l&cat=p&typeid=i","cat":284453},{"id":39740,"n":"Tortilla dürüm Antalya 12x30cm","p":3.69,"u":"3,08 €/KG","img":"https://fd13-photos.leclercdrive.fr/image.ashx?id=1594844&use=l&cat=p&typeid=i","cat":288993},{"id":39743,"n":"Bière blonde 8.6 Gold Canette 50cl - 8.6%vol","p":1.32,"pp":0.92,"u":"1,84 €/L","img":"https://fd13-photos.leclercdrive.fr/image.ashx?id=1883591&use=l&cat=p&typeid=i","cat":334853},{"id":39770,"n":"Edulcorant Canderel Pot, poudre 80g","p":2.49,"u":"31,13 €/KG","img":"https://fd13-photos.leclercdrive.fr/image.ashx?id=2811020&use=l&cat=p&typeid=i","cat":324846},{"id":39777,"n":"AOP Crémant d'Alsace Blanc Brut Arthur Metz - 75cl","p":7.07,"u":"9,43 €/L","img":"https://fd13-photos.leclercdrive.fr/image.ashx?id=2422926&use=l&cat=p&typeid=i","cat":284544},{"id":39783,"n":"Liqueur Malibu Coco 18% vol - 1L","p":15.3,"u":"15,30 €/L","img":"https://fd13-photos.leclercdrive.fr/image.ashx?id=2396881&use=l&cat=p&typeid=i","cat":284551},{"id":39796,"n":"Bûche de chèvre Soignon Crémeuse - 180g","p":2.74,"u":"15,22 €/KG","img":"https://fd13-photos.leclercdrive.fr/image.ashx?id=2787134&use=l&cat=p&typeid=i","cat":314031},{"id":39847,"n":"Eau minérale Plancoët 6x1.5L","p":2.9,"u":"0,32 €/L","img":"https://fd13-photos.leclercdrive.fr/image.ashx?id=2565032&use=l&cat=p&typeid=i","cat":284535},{"id":39856,"n":"Sirop Frucci  Citron vert - 75cl","p":3.29,"u":"4,39 €/L","img":"https://fd13-photos.leclercdrive.fr/image.ashx?id=2842307&use=l&cat=p&typeid=i","cat":295020},{"id":39858,"n":"Sirop Frucci Fruits exotiques - 75cl","p":2.65,"u":"3,53 €/L","img":"https://fd13-photos.leclercdrive.fr/image.ashx?id=2842313&use=l&cat=p&typeid=i","cat":295020},{"id":39871,"n":"Pur jus d'orange Jafaden 4x20cl","p":3.33,"u":"4,16 €/L","img":"https://fd13-photos.leclercdrive.fr/image.ashx?id=2802293&use=l&cat=p&typeid=i","cat":284521},{"id":39872,"n":"Pur jus d'ananas Jafaden 4x20cl","p":3.35,"u":"4,19 €/L","img":"https://fd13-photos.leclercdrive.fr/image.ashx?id=2553333&use=l&cat=p&typeid=i","cat":284524},{"id":39889,"n":"Tendres perles Blé Tipiak Prêt en 4 min - 700g","p":3.12,"u":"4,46 €/KG","img":"https://fd13-photos.leclercdrive.fr/image.ashx?id=2789095&use=l&cat=p&typeid=i","cat":284429},{"id":39903,"n":"Pâté de campagne à l'Andouille NRT -180g","p":1.99,"u":"11,06 €/KG","img":"https://fd13-photos.leclercdrive.fr/image.ashx?id=2560512&use=l&cat=p&typeid=i","cat":305149},{"id":39927,"n":"AOC Bordeaux vin blanc moelleux Chantet Blanet - 75cl","p":3.49,"u":"4,65 €/L","img":"https://fd13-photos.leclercdrive.fr/image.ashx?id=2918463&use=l&cat=p&typeid=i","cat":289557},{"id":39934,"n":"Yaourts à la Grecque Délisse Nature - 8x125g","p":2.15,"u":"2,15 €/KG","img":"https://fd13-photos.leclercdrive.fr/image.ashx?id=2699480&use=l&cat=p&typeid=i","cat":314999},{"id":39941,"n":"Laque Fixation Forte 24h Dop Vivelle - 250ml","p":3.71,"u":"14,84 €/L","img":"https://fd13-photos.leclercdrive.fr/image.ashx?id=2457239&use=l&cat=p&typeid=i","cat":284609},{"id":39942,"n":"Laque Fixation 24H Extrême Dop Vivelle - 250ml","p":3.95,"u":"15,80 €/L","img":"https://fd13-photos.leclercdrive.fr/image.ashx?id=2575624&use=l&cat=p&typeid=i","cat":284609},{"id":39943,"n":"Laque fixation Extra-Forte Dop Vivelle - 250ml","p":3.75,"u":"15,00 €/L","img":"https://fd13-photos.leclercdrive.fr/image.ashx?id=2457236&use=l&cat=p&typeid=i","cat":284609},{"id":39946,"n":"Crème de nuit L'Oréal Paris Revitalift anti-rides - 50ml","p":7.85,"u":"157,00 €/L","img":"https://fd13-photos.leclercdrive.fr/image.ashx?id=2865869&use=l&cat=p&typeid=i","cat":325345},{"id":39947,"n":"Soin de jour L'Oréal Paris Revitalift Anti-rides - 50ml","p":8.05,"u":"161,00 €/L","img":"https://fd13-photos.leclercdrive.fr/image.ashx?id=2851078&use=l&cat=p&typeid=i","cat":325345},{"id":39950,"n":"Yaourts Lait de brebis Délisse Nature - 4x125g","p":2.19,"u":"4,38 €/KG","img":"https://fd13-photos.leclercdrive.fr/image.ashx?id=1872007&use=l&cat=p&typeid=i","cat":314998},{"id":39951,"n":"Crème dessert Délisse Pistache - 4x125g","p":0.95,"u":"1,90 €/KG","img":"https://fd13-photos.leclercdrive.fr/image.ashx?id=2441333&use=l&cat=p&typeid=i","cat":285041},{"id":39953,"n":"crème dessert chocolat danette pop billes 3 chocolats - 4x117g","p":2.49,"u":"5,32 €/KG","img":"https://fd13-photos.leclercdrive.fr/image.ashx?id=2926230&use=l&cat=p&typeid=i","cat":285041},{"id":39954,"n":"Crème dessert vanille Danette  Billes 3 chocolats - 4x117g","p":2.52,"u":"5,38 €/KG","img":"https://fd13-photos.leclercdrive.fr/image.ashx?id=2926227&use=l&cat=p&typeid=i","cat":285041},{"id":39962,"n":"Emiettés de saumon Gastromer Basilic - 150g","p":2.32,"u":"15,47 €/KG","img":"https://fd13-photos.leclercdrive.fr/image.ashx?id=1605755&use=l&cat=p&typeid=i","cat":285191},{"id":39970,"n":"Poivre noir moulu Ducros N°8 - 38g","p":1.88,"u":"49,47 €/KG","img":"https://fd13-photos.leclercdrive.fr/image.ashx?id=2311051&use=l&cat=p&typeid=i","cat":284457},{"id":39972,"n":"Basilic Ducros 11g","p":1.2,"u":"109,09 €/KG","img":"https://fd13-photos.leclercdrive.fr/image.ashx?id=2559469&use=l&cat=p&typeid=i","cat":298297},{"id":39973,"n":"Plat bébé Blédina 12 mois  Boulghour tomate saumon -2x200g","p":2.73,"u":"6,83 €/KG","img":"https://fd13-photos.leclercdrive.fr/image.ashx?id=2975083&use=l&cat=p&typeid=i","cat":312237},{"id":39974,"n":"Plat bébé Blédina 6 mois  Purée butternut poulet - 2x200g","p":2.75,"u":"6,88 €/KG","img":"https://fd13-photos.leclercdrive.fr/image.ashx?id=2975080&use=l&cat=p&typeid=i","cat":312236},{"id":39988,"n":"Crème de douche Manava Douceur de crème - 250ml","p":1.05,"u":"4,20 €/L","img":"https://fd13-photos.leclercdrive.fr/image.ashx?id=2699282&use=l&cat=p&typeid=i","cat":284594},{"id":39989,"n":"Savon douceur Manava 1/4 de crème 100g","p":0.96,"u":"9,60 €/KG","img":"https://fd13-photos.leclercdrive.fr/image.ashx?id=2331318&use=l&cat=p&typeid=i","cat":284597},{"id":39990,"n":"Savon Manava Fleur de Tiaré orchidée 100g","p":0.91,"u":"9,10 €/KG","img":"https://fd13-photos.leclercdrive.fr/image.ashx?id=2348667&use=l&cat=p&typeid=i","cat":284597},{"id":39992,"n":"Gel douche Manava Monoï de Polynésie 250ml","p":1.15,"u":"4,60 €/L","img":"https://fd13-photos.leclercdrive.fr/image.ashx?id=2626805&use=l&cat=p&typeid=i","cat":284594},{"id":39994,"n":"Lait douche Manava Fleur d'oranger 250ml","p":1.29,"u":"5,16 €/L","img":"https://fd13-photos.leclercdrive.fr/image.ashx?id=2618335&use=l&cat=p&typeid=i","cat":284594},{"id":39995,"n":"Recharge gel lavant Manava Savon de Marseil. Olive - 250ml","p":0.66,"u":"2,64 €/L","img":"https://fd13-photos.leclercdrive.fr/image.ashx?id=2935501&use=l&cat=p&typeid=i","cat":284597},{"id":40003,"n":"Saucisson Justin Bridou La Juste Sèche - 275g","p":3.74,"u":"13,60 €/KG","img":"https://fd13-photos.leclercdrive.fr/image.ashx?id=2756927&use=l&cat=p&typeid=i","cat":316006},{"id":40004,"n":"Saucisson Mini Justin Bridou  Bâton de Berger - 100g","p":2.26,"u":"22,60 €/KG","img":"https://fd13-photos.leclercdrive.fr/image.ashx?id=3011440&use=l&cat=p&typeid=i","cat":316006},{"id":40006,"n":"Houmous Extra l'Atelier Blini 175g","p":2.69,"u":"15,37 €/KG","img":"https://fd13-photos.leclercdrive.fr/image.ashx?id=2795093&use=l&cat=p&typeid=i","cat":315999},{"id":40007,"n":"Guacamole Blini 200g","p":2.97,"u":"14,85 €/KG","img":"https://fd13-photos.leclercdrive.fr/image.ashx?id=2424383&use=l&cat=p&typeid=i","cat":315999},{"id":40010,"n":"Emiettés de thon chorizo  Gastromer - 150g","p":1.99,"pp":1.31,"u":"8,73 €/KG","img":"https://fd13-photos.leclercdrive.fr/image.ashx?id=2049910&use=l&cat=p&typeid=i","cat":285191},{"id":40011,"n":"Filets d'anchois La Monegasque Huile équilibre - 100g","p":2.64,"u":"26,40 €/KG","img":"https://fd13-photos.leclercdrive.fr/image.ashx?id=2095557&use=l&cat=p&typeid=i","cat":285190},{"id":40015,"n":"Tarama Blini Extra - 175g","p":2.88,"u":"16,46 €/KG","img":"https://fd13-photos.leclercdrive.fr/image.ashx?id=2795096&use=l&cat=p&typeid=i","cat":315999},{"id":40017,"n":"Tzatziki Blini Extra - 175g","p":2.57,"u":"14,69 €/KG","img":"https://fd13-photos.leclercdrive.fr/image.ashx?id=2973703&use=l&cat=p&typeid=i","cat":315999},{"id":40026,"n":"Filets de maquereaux Delpierre Fumés au poivre - 150g","p":3.04,"u":"20,27 €/KG","img":"https://fd13-photos.leclercdrive.fr/image.ashx?id=2959016&use=l&cat=p&typeid=i","cat":285188},{"id":40027,"n":"Tartinable Thon Cap Océan MSC Fromage Frais Ciboulette - 140g","p":1.88,"u":"13,43 €/KG","img":"https://fd13-photos.leclercdrive.fr/image.ashx?id=2434425&use=l&cat=p&typeid=i","cat":285191},{"id":40033,"n":"Yaourt nature sucré Yoplait - 16x125g","p":3.25,"u":"1,63 €/KG","img":"https://fd13-photos.leclercdrive.fr/image.ashx?id=2796821&use=l&cat=p&typeid=i","cat":284409},{"id":40034,"n":"Menthe Pastille Giffard 24%vol - 70cl","p":11.85,"pp":10.85,"u":"15,50 €/L","img":"https://fd13-photos.leclercdrive.fr/image.ashx?id=2529903&use=l&cat=p&typeid=i","cat":286032},{"id":40038,"n":"Bière Lindemans Kriek 3.5%vol. - 25cl","p":1.69,"u":"6,76 €/L","img":"https://fd13-photos.leclercdrive.fr/image.ashx?id=2830894&use=l&cat=p&typeid=i","cat":334872},{"id":40046,"n":"Bière blonde triple Chimay 8%vol -  33cl","p":1.82,"u":"5,52 €/L","img":"https://fd13-photos.leclercdrive.fr/image.ashx?id=1758846&use=l&cat=p&typeid=i","cat":334872},{"id":40051,"n":"Crêpes bretonnes Saint Michel Nature - x12 - 315g","p":1.9,"u":"6,03 €/KG","img":"https://fd13-photos.leclercdrive.fr/image.ashx?id=2060238&use=l&cat=p&typeid=i","cat":284494},{"id":40053,"n":"Saucisse aux herbes x5 Hénaff - 277g","p":5.12,"u":"18,48 €/KG","img":"https://fd13-photos.leclercdrive.fr/image.ashx?id=2795171&use=l&cat=p&typeid=i","cat":284334},{"id":40055,"n":"Saucisse Henaff x2 Nature - 250g","p":4.32,"u":"17,28 €/KG","img":"https://fd13-photos.leclercdrive.fr/image.ashx?id=2812885&use=l&cat=p&typeid=i","cat":284334},{"id":40056,"n":"Crêpe dentelle Gavottes Au chocolat noir - 90g","p":2.11,"u":"23,44 €/KG","img":"https://fd13-photos.leclercdrive.fr/image.ashx?id=2659662&use=l&cat=p&typeid=i","cat":284487},{"id":40060,"n":"Café moulu Brocéliande Grillé à l'ancienne - 250g","p":4.24,"u":"16,96 €/KG","img":"https://fd13-photos.leclercdrive.fr/image.ashx?id=1793340&use=l&cat=p&typeid=i","cat":284750},{"id":40068,"n":"Terrine de lapin Hénaff Au serpolet - 180g","p":2.13,"u":"11,83 €/KG","img":"https://fd13-photos.leclercdrive.fr/image.ashx?id=2268560&use=l&cat=p&typeid=i","cat":305149},{"id":40072,"n":"Bières Lancelot 5,58% - 6x33cl","p":9.9,"pp":6.93,"u":"3,50 €/L","img":"https://fd13-photos.leclercdrive.fr/image.ashx?id=1863642&use=l&cat=p&typeid=i","cat":334872},{"id":40073,"n":"Kouign Amann Berrou 600g","p":8.06,"u":"13,43 €/KG","img":"https://fd13-photos.leclercdrive.fr/image.ashx?id=2504827&use=l&cat=p&typeid=i","cat":293600},{"id":40089,"n":"Gel douche Manava Cranberry myrtille - 250ml","p":1.15,"u":"4,60 €/L","img":"https://fd13-photos.leclercdrive.fr/image.ashx?id=2626802&use=l&cat=p&typeid=i","cat":284594},{"id":40090,"n":"Lait corps Inell Nourrissant - 250ml","p":2.16,"u":"8,64 €/L","img":"https://fd13-photos.leclercdrive.fr/image.ashx?id=2691661&use=l&cat=p&typeid=i","cat":325349},{"id":40092,"n":"Saucisson sec Saint Azay Stick au noix 100g","p":1.99,"u":"19,90 €/KG","img":"https://fd13-photos.leclercdrive.fr/image.ashx?id=2469565&use=l&cat=p&typeid=i","cat":316006},{"id":40094,"n":"Saucissons secs Saint Azay Stick nature 100g","p":1.99,"u":"19,90 €/KG","img":"https://fd13-photos.leclercdrive.fr/image.ashx?id=2474128&use=l&cat=p&typeid=i","cat":316006},{"id":40101,"n":"Saucisson Saint-Azay  Fuet Catalan - 170 g","p":2.09,"u":"12,29 €/KG","img":"https://fd13-photos.leclercdrive.fr/image.ashx?id=2856302&use=l&cat=p&typeid=i","cat":316006},{"id":40102,"n":"Savon de toilette Manava Fleur oranger 100g","p":0.7,"u":"7,00 €/KG","img":"https://fd13-photos.leclercdrive.fr/image.ashx?id=1258158&use=l&cat=p&typeid=i","cat":284597},{"id":40122,"n":"AOP Côtes de Provence vin rosé Terres Ocrées - 75cl - 13%","p":4.99,"u":"6,65 €/L","img":"https://fd13-photos.leclercdrive.fr/image.ashx?id=2896895&use=l&cat=p&typeid=i","cat":289558},{"id":40133,"n":"Gaufrettes Paille d'Or LU Framboise - 170g","p":1.78,"u":"10,47 €/KG","img":"https://fd13-photos.leclercdrive.fr/image.ashx?id=2883753&use=l&cat=p&typeid=i","cat":284489},{"id":40134,"n":"Biscottes Heudebert  Nature - 830g","p":3.14,"u":"3,78 €/KG","img":"https://fd13-photos.leclercdrive.fr/image.ashx?id=2473705&use=l&cat=p&typeid=i","cat":284479},{"id":40135,"n":"Biscottes Heudebert  Nature - 300g","p":1.26,"u":"4,20 €/KG","img":"https://fd13-photos.leclercdrive.fr/image.ashx?id=2368291&use=l&cat=p&typeid=i","cat":284479},{"id":40137,"n":"Biscuits Pocket Petit Ecolier  LU Chocolat au lait - 250g","p":2.72,"u":"10,88 €/KG","img":"https://fd13-photos.leclercdrive.fr/image.ashx?id=3005326&use=l&cat=p&typeid=i","cat":284488},{"id":40138,"n":"Biscuits Petit Ecolier Chocolat au lait - 150g","p":1.67,"u":"11,13 €/KG","img":"https://fd13-photos.leclercdrive.fr/image.ashx?id=2323844&use=l&cat=p&typeid=i","cat":284488},{"id":40140,"n":"Pain grillé Pelletier Froment - 500g","p":2.03,"u":"4,06 €/KG","img":"https://fd13-photos.leclercdrive.fr/image.ashx?id=3002249&use=l&cat=p&typeid=i","cat":284479},{"id":40142,"n":"Compote Douceur du Verger Coupelle multivariétés -16x100g","p":3.99,"u":"2,49 €/KG","img":"https://fd13-photos.leclercdrive.fr/image.ashx?id=2663533&use=l&cat=p&typeid=i","cat":284508},{"id":40169,"n":"IGP Sel fin Le Guérandais  Label rouge - 250g","p":2.13,"u":"8,52 €/KG","img":"https://fd13-photos.leclercdrive.fr/image.ashx?id=2457887&use=l&cat=p&typeid=i","cat":284457},{"id":40173,"n":"Préfou Paso Tomate basilic - 350g","p":4.2,"img":"https://fd13-photos.leclercdrive.fr/image.ashx?id=2676765&use=l&cat=p&typeid=i","cat":316003},{"id":40180,"n":"Emiettés surimi crabe Gastromer 150g","p":1.99,"pp":1.31,"u":"8,73 €/KG","img":"https://fd13-photos.leclercdrive.fr/image.ashx?id=1605662&use=l&cat=p&typeid=i","cat":285191},{"id":40214,"n":"Sauce Pesto Barilla Basilic et Roquette - 190g","p":1.92,"u":"10,11 €/KG","img":"https://fd13-photos.leclercdrive.fr/image.ashx?id=2457980&use=l&cat=p&typeid=i","cat":287599},{"id":40277,"n":"Barres glacées Bounty  Chocolat & Noix de Coco x6 235g","p":2.43,"u":"10,34 €/KG","img":"https://fd13-photos.leclercdrive.fr/image.ashx?id=1935069&use=l&cat=p&typeid=i","cat":284264},{"id":40279,"n":"Jus innocent orange sans pulpe 900ml","p":2.19,"u":"2,43 €/L","img":"https://fd13-photos.leclercdrive.fr/image.ashx?id=2736583&use=l&cat=p&typeid=i","cat":285435},{"id":40303,"n":"Coton Duo Démaquillants Inell Ovale - Aloé véra - Disques x60","p":1.69,"img":"https://fd13-photos.leclercdrive.fr/image.ashx?id=1926957&use=l&cat=p&typeid=i","cat":285593},{"id":40311,"n":"Biscuits cacao P'tit Déli Chocolat noir/blanc - 115g","p":2.0,"u":"17,39 €/KG","img":"https://fd13-photos.leclercdrive.fr/image.ashx?id=2566197&use=l&cat=p&typeid=i","cat":284488},{"id":40313,"n":"Madeleines marbrées P'tit Déli Chocolat 400g","p":2.15,"u":"5,38 €/KG","img":"https://fd13-photos.leclercdrive.fr/image.ashx?id=2646065&use=l&cat=p&typeid=i","cat":284492},{"id":40318,"n":"Mini cornichons Rustica 210g","p":2.03,"u":"9,67 €/KG","img":"https://fd13-photos.leclercdrive.fr/image.ashx?id=2916704&use=l&cat=p&typeid=i","cat":284458},{"id":40321,"n":"Bonbons Confiseo Menthe Extrême - 250g","p":1.49,"u":"5,96 €/KG","img":"https://fd13-photos.leclercdrive.fr/image.ashx?id=2934712&use=l&cat=p&typeid=i","cat":304252},{"id":40329,"n":"Chocolat en poudre Equador Pur Cacao non sucré - 250g","p":3.35,"u":"13,40 €/KG","img":"https://fd13-photos.leclercdrive.fr/image.ashx?id=2120290&use=l&cat=p&typeid=i","cat":284504},{"id":40330,"n":"Sablés P'tit Déli Pur beurre framboise - 100g","p":1.18,"u":"11,80 €/KG","img":"https://fd13-photos.leclercdrive.fr/image.ashx?id=2669747&use=l&cat=p&typeid=i","cat":284487},{"id":40332,"n":"Bière aromatisée Desperados 5.9%vol. - 20x25cl","p":17.81,"u":"3,56 €/L","img":"https://fd13-photos.leclercdrive.fr/image.ashx?id=2977300&use=l&cat=p&typeid=i","cat":334878},{"id":40336,"n":"Bière blonde Heineken 12x33cl","p":11.3,"u":"2,85 €/L","img":"https://fd13-photos.leclercdrive.fr/image.ashx?id=3008110&use=l&cat=p&typeid=i","cat":334873},{"id":40342,"n":"Serviette Tena Lady - Maxi Night - x12","p":5.98,"u":"0,50 €/P","img":"https://fd13-photos.leclercdrive.fr/image.ashx?id=2597232&use=l&cat=p&typeid=i","cat":284628},{"id":40345,"n":"Cotons Démaquillants Demak'Up Original ovale x70","p":1.8,"u":"0,03 €/P","img":"https://fd13-photos.leclercdrive.fr/image.ashx?id=2791458&use=l&cat=p&typeid=i","cat":285593},{"id":40412,"n":"Thon entier Petit Navire Huile de tournesol - 160g","p":1.87,"u":"11,69 €/KG","img":"https://fd13-photos.leclercdrive.fr/image.ashx?id=2523846&use=l&cat=p&typeid=i","cat":303867},{"id":40430,"n":"Plat bébé soir Blédiner 8 mois  Patate douce carotte - 2x200g","p":2.23,"u":"5,58 €/KG","img":"https://fd13-photos.leclercdrive.fr/image.ashx?id=2902969&use=l&cat=p&typeid=i","cat":312239},{"id":40488,"n":"Terrine de campagne Prunier 160g","p":2.51,"u":"15,69 €/KG","img":"https://fd13-photos.leclercdrive.fr/image.ashx?id=2570325&use=l&cat=p&typeid=i","cat":316008},{"id":40491,"n":"Compotes Andros Pomme poire 8x100g","p":2.74,"u":"3,43 €/KG","img":"https://fd13-photos.leclercdrive.fr/image.ashx?id=2883943&use=l&cat=p&typeid=i","cat":284416},{"id":40493,"n":"Panna Cotta Délisse Fruits rouges - 4x90g","p":2.19,"u":"6,08 €/KG","img":"https://fd13-photos.leclercdrive.fr/image.ashx?id=1846157&use=l&cat=p&typeid=i","cat":284419},{"id":40495,"n":"Gâteau mix max Balconi Cacao 350g","p":1.93,"u":"5,51 €/KG","img":"https://fd13-photos.leclercdrive.fr/image.ashx?id=2878408&use=l&cat=p&typeid=i","cat":284495},{"id":40516,"n":"Compote Douceur du Verger Gourdes multivariétés - 12x90g","p":4.09,"u":"3,79 €/KG","img":"https://fd13-photos.leclercdrive.fr/image.ashx?id=2837048&use=l&cat=p&typeid=i","cat":284508},{"id":40518,"n":"Kit burritos Old El Paso extra doux - 491g","p":4.6,"u":"9,37 €/KG","img":"https://fd13-photos.leclercdrive.fr/image.ashx?id=2759496&use=l&cat=p&typeid=i","cat":288993},{"id":40519,"n":"Kit fajitas Old El Paso extra doux - 478g","p":4.74,"u":"9,92 €/KG","img":"https://fd13-photos.leclercdrive.fr/image.ashx?id=2765405&use=l&cat=p&typeid=i","cat":288993},{"id":40573,"n":"Tablette chocolat Milka Chocolat lait/Noisette - 2x100g","p":3.41,"u":"17,05 €/KG","img":"https://fd13-photos.leclercdrive.fr/image.ashx?id=2832422&use=l&cat=p&typeid=i","cat":284497},{"id":40574,"n":"Tablette chocolat Milka Chocolat lait/Riz - 2x100g","p":3.06,"u":"15,30 €/KG","img":"https://fd13-photos.leclercdrive.fr/image.ashx?id=2400448&use=l&cat=p&typeid=i","cat":284497},{"id":40610,"n":"Pérail Lou Pérac Fromage de brebis - 100g","p":2.08,"u":"20,80 €/KG","img":"https://fd13-photos.leclercdrive.fr/image.ashx?id=2848545&use=l&cat=p&typeid=i","cat":314031},{"id":40612,"n":"Fromage de Brebis Etorki  180g","p":3.3,"u":"18,33 €/KG","img":"https://fd13-photos.leclercdrive.fr/image.ashx?id=2702816&use=l&cat=p&typeid=i","cat":329184},{"id":40620,"n":"Jus innocent  orange sans pulpe 1.5L","p":3.29,"u":"2,19 €/L","img":"https://fd13-photos.leclercdrive.fr/image.ashx?id=2889811&use=l&cat=p&typeid=i","cat":285435},{"id":40625,"n":"AOC Fronton vin rosé Terrasses d'Autan - 75cl","p":2.99,"u":"3,99 €/L","img":"https://fd13-photos.leclercdrive.fr/image.ashx?id=2560569&use=l&cat=p&typeid=i","cat":289558},{"id":40626,"n":"AOC Rosé de Loire vin rosé Les Caractères - 75cl","p":3.69,"u":"4,92 €/L","img":"https://fd13-photos.leclercdrive.fr/image.ashx?id=2911808&use=l&cat=p&typeid=i","cat":289558},{"id":40627,"n":"AOC Rosé d'Anjou vin rosé Les Caractères - 75cl","p":3.89,"u":"5,19 €/L","img":"https://fd13-photos.leclercdrive.fr/image.ashx?id=2756146&use=l&cat=p&typeid=i","cat":289558},{"id":40628,"n":"AOC vin rouge Bergerac Bio Terrasses d'Autan - 75cl","p":3.99,"u":"5,32 €/L","img":"https://fd13-photos.leclercdrive.fr/image.ashx?id=2900202&use=l&cat=p&typeid=i","cat":289556},{"id":40631,"n":"Levure Chimique Alsacienne alsa 8 sachets - 88g","p":0.68,"u":"7,73 €/KG","img":"https://fd13-photos.leclercdrive.fr/image.ashx?id=3009335&use=l&cat=p&typeid=i","cat":294686},{"id":40649,"n":"Pansement Primoplast Transparents x40","p":0.99,"u":"0,02 €/P","img":"https://fd13-photos.leclercdrive.fr/image.ashx?id=2832957&use=l&cat=p&typeid=i","cat":284630},{"id":40656,"n":"Gel douche Manava Surgras - 500ml","p":1.85,"u":"3,70 €/L","img":"https://fd13-photos.leclercdrive.fr/image.ashx?id=2799239&use=l&cat=p&typeid=i","cat":284594},{"id":40657,"n":"Gel douche Manava Hypoallergenique - 500ml","p":1.86,"u":"3,72 €/L","img":"https://fd13-photos.leclercdrive.fr/image.ashx?id=2799165&use=l&cat=p&typeid=i","cat":284594},{"id":40666,"n":"Antiseptique Primoplast Spray - 100ml","p":2.35,"u":"23,50 €/L","img":"https://fd13-photos.leclercdrive.fr/image.ashx?id=2856522&use=l&cat=p&typeid=i","cat":284630},{"id":40667,"n":"Shampooing Vitanove Nutrition - 750ml","p":3.84,"u":"5,12 €/L","img":"https://fd13-photos.leclercdrive.fr/image.ashx?id=2478925&use=l&cat=p&typeid=i","cat":284606},{"id":40670,"n":"Shampooing Vitanove Couleur - 750ml","p":3.78,"u":"5,04 €/L","img":"https://fd13-photos.leclercdrive.fr/image.ashx?id=1923577&use=l&cat=p&typeid=i","cat":284606},{"id":40676,"n":"Beurre Tendre Président Demi-sel - 80% MG - 250g","p":3.19,"u":"12,76 €/KG","img":"https://fd13-photos.leclercdrive.fr/image.ashx?id=2731420&use=l&cat=p&typeid=i","cat":284379},{"id":40708,"n":"IGP Gard vin rosé Rives & Terrasses 12% vol - BIB 5L","p":13.99,"u":"2,80 €/L","img":"https://fd13-photos.leclercdrive.fr/image.ashx?id=2750138&use=l&cat=p&typeid=i","cat":289560},{"id":40716,"n":"Coton Mots d'Enfants Bébé 2x80","p":3.58,"u":"0,02 €/P","img":"https://fd13-photos.leclercdrive.fr/image.ashx?id=780913&use=l&cat=p&typeid=i","cat":284739},{"id":40774,"n":"Lingettes nettoyantes La Croix Désinfectant Javel - x 25","p":1.53,"u":"0,06 €/P","img":"https://fd13-photos.leclercdrive.fr/image.ashx?id=2540106&use=l&cat=p&typeid=i","cat":325358},{"id":40776,"n":"Détachant avant lavage K2R  Tâche incrustée mousse  - 400mL","p":2.76,"u":"6,90 €/L","img":"https://fd13-photos.leclercdrive.fr/image.ashx?id=2101177&use=l&cat=p&typeid=i","cat":284651},{"id":40799,"n":"Cylindre d'échange CO2 Sodastream - à visser - 60L","p":11.9,"img":"https://fd13-photos.leclercdrive.fr/image.ashx?id=2858690&use=l&cat=p&typeid=i","cat":335916},{"id":40870,"n":"Purée de courgettes Florette 2x200g","p":2.49,"u":"6,23 €/KG","img":"https://fd13-photos.leclercdrive.fr/image.ashx?id=2790006&use=l&cat=p&typeid=i","cat":333665},{"id":40872,"n":"Ecrasé de légumes Florette Pomme de terre carottes 2x200g","p":2.91,"u":"7,28 €/KG","img":"https://fd13-photos.leclercdrive.fr/image.ashx?id=2767696&use=l&cat=p&typeid=i","cat":333665},{"id":40904,"n":"Pesto rosso Turini 190g","p":1.68,"u":"8,84 €/KG","img":"https://fd13-photos.leclercdrive.fr/image.ashx?id=2546257&use=l&cat=p&typeid=i","cat":287599},{"id":40908,"n":"Sauce pizza Tomapizza Panzani aux tomates et origan - 390g","p":1.36,"u":"3,49 €/KG","img":"https://fd13-photos.leclercdrive.fr/image.ashx?id=2744626&use=l&cat=p&typeid=i","cat":288384},{"id":40931,"n":"Whisky Aberlour 12 ans Single Malt Scotch 40% vol 70cl","p":30.47,"u":"43,53 €/L","img":"https://fd13-photos.leclercdrive.fr/image.ashx?id=2999847&use=l&cat=p&typeid=i","cat":284547},{"id":40944,"n":"Whisky Singleton Duftown 12 ans - 70cl","p":24.19,"u":"34,56 €/L","img":"https://fd13-photos.leclercdrive.fr/image.ashx?id=2149453&use=l&cat=p&typeid=i","cat":284547},{"id":40946,"n":"Whisky Chivas Regal 18 ans Blended Scotch 40% vol - 70cl","p":50.9,"pp":45.81,"u":"65,44 €/L","img":"https://fd13-photos.leclercdrive.fr/image.ashx?id=2884084&use=l&cat=p&typeid=i","cat":284547},{"id":40949,"n":"Whisky slow matured Knockando Single malt 18ans 43%vol - 70cl","p":42.88,"u":"61,26 €/L","img":"https://fd13-photos.leclercdrive.fr/image.ashx?id=1847776&use=l&cat=p&typeid=i","cat":284547},{"id":40956,"n":"Whisky Jack Daniel's Single Barrel 70cL","p":32.9,"u":"47,00 €/L","img":"https://fd13-photos.leclercdrive.fr/image.ashx?id=2540013&use=l&cat=p&typeid=i","cat":284547},{"id":40967,"n":"AOP Bourgogne Aligoté vin blanc Antoine Barrier - 75cl","p":6.49,"u":"8,65 €/L","img":"https://fd13-photos.leclercdrive.fr/image.ashx?id=2883011&use=l&cat=p&typeid=i","cat":289557},{"id":40970,"n":"Croûtons Tipiak Fromage sachet - 140g","p":1.49,"u":"10,64 €/KG","img":"https://fd13-photos.leclercdrive.fr/image.ashx?id=2453355&use=l&cat=p&typeid=i","cat":284464},{"id":40988,"n":"Détachant Ace Délicat Système 8+ 2L","p":4.56,"u":"2,28 €/L","img":"https://fd13-photos.leclercdrive.fr/image.ashx?id=2559152&use=l&cat=p&typeid=i","cat":284651},{"id":41002,"n":"Repas fraicheur pour chat Sheba Volaille en sauce - 6x50g","p":2.57,"u":"8,57 €/KG","img":"https://fd13-photos.leclercdrive.fr/image.ashx?id=2888097&use=l&cat=p&typeid=i","cat":285286},{"id":41004,"n":"Bâtonnets Dentastix Pedigree  Fresh Petit chien x7 - 110g","p":1.82,"u":"16,55 €/KG","img":"https://fd13-photos.leclercdrive.fr/image.ashx?id=2850168&use=l&cat=p&typeid=i","cat":294527},{"id":41006,"n":"Biscuits chien Pedigree Markies fourrés - 500g","p":1.66,"u":"3,32 €/KG","img":"https://fd13-photos.leclercdrive.fr/image.ashx?id=2254319&use=l&cat=p&typeid=i","cat":294527},{"id":41008,"n":"Friandises chats Whiskas Boeuf - 60g","p":1.07,"u":"17,83 €/KG","img":"https://fd13-photos.leclercdrive.fr/image.ashx?id=2561895&use=l&cat=p&typeid=i","cat":285285},{"id":41009,"n":"Friandises chat Catisfactions Fromage - 60g","p":1.14,"u":"19,00 €/KG","img":"https://fd13-photos.leclercdrive.fr/image.ashx?id=2912608&use=l&cat=p&typeid=i","cat":285285},{"id":41014,"n":"Boîte chat Whiskas Terrine mer & campagne - 4x400g","p":4.66,"u":"2,91 €/KG","img":"https://fd13-photos.leclercdrive.fr/image.ashx?id=2619983&use=l&cat=p&typeid=i","cat":285601},{"id":41016,"n":"Sachet fraîcheur chat Sheba Poissons en sauce - 4x85g","p":2.14,"u":"6,29 €/KG","img":"https://fd13-photos.leclercdrive.fr/image.ashx?id=2759625&use=l&cat=p&typeid=i","cat":285286},{"id":41018,"n":"Pur jus d'ananas Jafaden Bouteille 1L","p":1.99,"u":"1,99 €/L","img":"https://fd13-photos.leclercdrive.fr/image.ashx?id=2956729&use=l&cat=p&typeid=i","cat":284916},{"id":41019,"n":"Pur jus de raisin Jafaden Bouteille 1L","p":1.54,"u":"1,54 €/L","img":"https://fd13-photos.leclercdrive.fr/image.ashx?id=2860757&use=l&cat=p&typeid=i","cat":284915},{"id":41020,"n":"Pur jus Jafaden Clémentine - 1L","p":1.91,"u":"1,91 €/L","img":"https://fd13-photos.leclercdrive.fr/image.ashx?id=2895786&use=l&cat=p&typeid=i","cat":284915},{"id":41022,"n":"Sachet fraicheur chat Sheba Thon cabillaud en sauce - 6x50g","p":2.49,"u":"8,30 €/KG","img":"https://fd13-photos.leclercdrive.fr/image.ashx?id=2347128&use=l&cat=p&typeid=i","cat":285286},{"id":41117,"n":"Vinaigre de nettoyage Clair Citron - 750ml","p":1.95,"u":"2,60 €/L","img":"https://fd13-photos.leclercdrive.fr/image.ashx?id=2949188&use=l&cat=p&typeid=i","cat":325365},{"id":41127,"n":"Taureau ailé riz parfumé 500g","p":1.97,"u":"3,94 €/KG","img":"https://fd13-photos.leclercdrive.fr/image.ashx?id=2503656&use=l&cat=p&typeid=i","cat":284428},{"id":41139,"n":"Riz Rond Camargue  1kg","p":2.18,"u":"2,18 €/KG","img":"https://fd13-photos.leclercdrive.fr/image.ashx?id=2418435&use=l&cat=p&typeid=i","cat":284428},{"id":41140,"n":"Filets maquereaux Pêche Océan Naturel - 95g","p":1.48,"u":"15,58 €/KG","img":"https://fd13-photos.leclercdrive.fr/image.ashx?id=2515685&use=l&cat=p&typeid=i","cat":303868},{"id":41147,"n":"Bain de bouche Dentamyl Expert Sensitive - 500ml","p":1.89,"u":"3,78 €/L","img":"https://fd13-photos.leclercdrive.fr/image.ashx?id=2594570&use=l&cat=p&typeid=i","cat":284613},{"id":41162,"n":"Olives Apéritives Cassées à l'ail - 250g","p":2.62,"u":"10,48 €/KG","img":"https://fd13-photos.leclercdrive.fr/image.ashx?id=2833696&use=l&cat=p&typeid=i","cat":316002},{"id":41168,"n":"Alcool pour fruits Dob 40° - 1L","p":15.9,"u":"15,90 €/L","img":"https://fd13-photos.leclercdrive.fr/image.ashx?id=2179356&use=l&cat=p&typeid=i","cat":286032},{"id":41179,"n":"Coloration permanente Vitanove  Chocolat","p":3.44,"img":"https://fd13-photos.leclercdrive.fr/image.ashx?id=2522512&use=l&cat=p&typeid=i","cat":288899},{"id":41180,"n":"Coloration permanente Vitanove  Noir","p":3.47,"img":"https://fd13-photos.leclercdrive.fr/image.ashx?id=2522515&use=l&cat=p&typeid=i","cat":288899},{"id":41186,"n":"Coloration permanente Vitanove  Blond doré","p":3.76,"img":"https://fd13-photos.leclercdrive.fr/image.ashx?id=1938903&use=l&cat=p&typeid=i","cat":288899},{"id":41187,"n":"Coloration permanente Vitanove  Blond très clair","p":3.59,"img":"https://fd13-photos.leclercdrive.fr/image.ashx?id=1939938&use=l&cat=p&typeid=i","cat":288899},{"id":41188,"n":"Captain Morgan Original Spiced Boisson à base de rhum- 70cl","p":12.7,"u":"18,14 €/L","img":"https://fd13-photos.leclercdrive.fr/image.ashx?id=2518403&use=l&cat=p&typeid=i","cat":284551},{"id":41190,"n":"Liqueur de Whisky Jack Daniel's Honey 70cL","p":19.95,"pp":17.95,"u":"25,64 €/L","img":"https://fd13-photos.leclercdrive.fr/image.ashx?id=2973982&use=l&cat=p&typeid=i","cat":286032},{"id":41223,"n":"Chips natures paysannes Bret's Au sel de Guérande 250g","p":2.31,"u":"9,24 €/KG","img":"https://fd13-photos.leclercdrive.fr/image.ashx?id=2217651&use=l&cat=p&typeid=i","cat":284447},{"id":41236,"n":"Beurre gastronomique Président Demi-sel - 80% MG - 250g","p":2.79,"u":"11,16 €/KG","img":"https://fd13-photos.leclercdrive.fr/image.ashx?id=2962257&use=l&cat=p&typeid=i","cat":284379},{"id":41237,"n":"Beurre La Motte Président Doux - 82%mg - 250g","p":3.19,"u":"12,76 €/KG","img":"https://fd13-photos.leclercdrive.fr/image.ashx?id=2896955&use=l&cat=p&typeid=i","cat":284379},{"id":41238,"n":"Beurre La Motte Président Sel de mer - 80% MG - 250g","p":3.19,"u":"12,76 €/KG","img":"https://fd13-photos.leclercdrive.fr/image.ashx?id=2896958&use=l&cat=p&typeid=i","cat":284379},{"id":41265,"n":"Abricots pelés St Mamet Boîte 4/4 475g","p":2.91,"u":"6,13 €/KG","img":"https://fd13-photos.leclercdrive.fr/image.ashx?id=2593896&use=l&cat=p&typeid=i","cat":284507},{"id":41268,"n":"Croquettes chat  Eco+ Viandes légumes-  2kg","p":2.33,"u":"1,17 €/KG","img":"https://fd13-photos.leclercdrive.fr/image.ashx?id=2932381&use=l&cat=p&typeid=i","cat":284680},{"id":41269,"n":"Croquettes chat Eco+ Poisson, céréales, légumes 2kg","p":2.48,"u":"1,24 €/KG","img":"https://fd13-photos.leclercdrive.fr/image.ashx?id=2046980&use=l&cat=p&typeid=i","cat":284680},{"id":41270,"n":"Croquettes chiens Fido Adulte - Boeuf - 3kg","p":7.46,"u":"2,49 €/KG","img":"https://fd13-photos.leclercdrive.fr/image.ashx?id=2973291&use=l&cat=p&typeid=i","cat":284672},{"id":41271,"n":"Croquettes chiens Eco+ Adulte - Boeuf - 10kg","p":9.97,"u":"1,00 €/KG","img":"https://fd13-photos.leclercdrive.fr/image.ashx?id=2368647&use=l&cat=p&typeid=i","cat":284672},{"id":41275,"n":"Croquettes chat Purina One Sterilisé - Poulet - 1,5kg","p":6.96,"u":"4,64 €/KG","img":"https://fd13-photos.leclercdrive.fr/image.ashx?id=2488046&use=l&cat=p&typeid=i","cat":284680},{"id":41278,"n":"Croquettes chiens Eco+ Adulte - Viande -  4kg","p":3.93,"u":"0,98 €/KG","img":"https://fd13-photos.leclercdrive.fr/image.ashx?id=2046986&use=l&cat=p&typeid=i","cat":284672},{"id":41282,"n":"Croquettes petit chien Ultima  Jack Russell poulet - 1,5kg","p":6.23,"u":"4,15 €/KG","img":"https://fd13-photos.leclercdrive.fr/image.ashx?id=2918089&use=l&cat=p&typeid=i","cat":294526},{"id":41283,"n":"Sachets pour chats Gourmet Multivariétés - 12x85g","p":5.18,"u":"5,08 €/KG","img":"https://fd13-photos.leclercdrive.fr/image.ashx?id=2902343&use=l&cat=p&typeid=i","cat":285286},{"id":41285,"n":"Croquettes chaton Purina One  Junior -Poulet/Céréales - 1,5kg","p":6.92,"u":"4,61 €/KG","img":"https://fd13-photos.leclercdrive.fr/image.ashx?id=2433563&use=l&cat=p&typeid=i","cat":284680},{"id":41286,"n":"Croquettes chat Purina One  Stérilisé Adulte-Saumon/Blé-3kg","p":13.3,"u":"4,43 €/KG","img":"https://fd13-photos.leclercdrive.fr/image.ashx?id=2488049&use=l&cat=p&typeid=i","cat":284680},{"id":41287,"n":"Croquettes chiens Purina One Minis chiens adultes -  1,5kg","p":5.38,"u":"3,59 €/KG","img":"https://fd13-photos.leclercdrive.fr/image.ashx?id=2899674&use=l&cat=p&typeid=i","cat":294526},{"id":41289,"n":"Croquettes chat Purina One Urinary care - Poulet - 450g","p":2.55,"u":"5,67 €/KG","img":"https://fd13-photos.leclercdrive.fr/image.ashx?id=2459940&use=l&cat=p&typeid=i","cat":284680},{"id":41291,"n":"Croquettes chat Purina One Stérilisé Adulte-Boeuf/blé -3kg","p":13.17,"u":"4,39 €/KG","img":"https://fd13-photos.leclercdrive.fr/image.ashx?id=2488043&use=l&cat=p&typeid=i","cat":284680},{"id":41293,"n":"Sachets repas chats Purina One Stérilisés - Saumon Dinde 4x85g","p":1.99,"u":"5,85 €/KG","img":"https://fd13-photos.leclercdrive.fr/image.ashx?id=2902349&use=l&cat=p&typeid=i","cat":285286},{"id":41333,"n":"Lait céréales Blédidej 9 mois Caramel - 4x250ml","p":3.74,"u":"14,96 €/L","img":"https://fd13-photos.leclercdrive.fr/image.ashx?id=2921061&use=l&cat=p&typeid=i","cat":312226},{"id":41337,"n":"Lait céréales Blédidej 9 mois Madeleine - 4x250ml","p":3.62,"u":"3,62 €/L","img":"https://fd13-photos.leclercdrive.fr/image.ashx?id=2921052&use=l&cat=p&typeid=i","cat":312226},{"id":41352,"n":"Gommage visage Inell Douceur - 75ml","p":2.02,"u":"26,93 €/L","img":"https://fd13-photos.leclercdrive.fr/image.ashx?id=2162096&use=l&cat=p&typeid=i","cat":284603},{"id":41357,"n":"Steak *** Charal 130g","p":3.59,"u":"27,62 €/KG","img":"https://fd13-photos.leclercdrive.fr/image.ashx?id=1893005&use=l&cat=p&typeid=i","cat":284328},{"id":41366,"n":"Nuggets de poulet Côté Croc Croustillant - 200g","p":1.79,"u":"8,95 €/KG","img":"https://fd13-photos.leclercdrive.fr/image.ashx?id=2462257&use=l&cat=p&typeid=i","cat":333684},{"id":41422,"n":"Fromage à Tartiner St Môret  Nature - 300g","p":3.36,"u":"11,20 €/KG","img":"https://fd13-photos.leclercdrive.fr/image.ashx?id=2755465&use=l&cat=p&typeid=i","cat":314029},{"id":41447,"n":"Fromage fruité bloc Les Croisés 220g","p":2.75,"u":"12,50 €/KG","img":"https://fd13-photos.leclercdrive.fr/image.ashx?id=1406070&use=l&cat=p&typeid=i","cat":314034},{"id":41460,"n":"Pain de mie 100% Mie Harrys Complet sans croûte - 500g","p":1.77,"u":"3,54 €/KG","img":"https://fd13-photos.leclercdrive.fr/image.ashx?id=2731864&use=l&cat=p&typeid=i","cat":284477},{"id":41463,"n":"Autocollants Insectivor Anti-mouches - x4","p":2.83,"u":"0,71 €/P","img":"https://fd13-photos.leclercdrive.fr/image.ashx?id=2606828&use=l&cat=p&typeid=i","cat":298368},{"id":41464,"n":"Purée de tomates Turini Brique 500g","p":0.75,"u":"1,50 €/KG","img":"https://fd13-photos.leclercdrive.fr/image.ashx?id=2190020&use=l&cat=p&typeid=i","cat":288384},{"id":41465,"n":"Cotons Inell Maxi confort x80","p":1.78,"img":"https://fd13-photos.leclercdrive.fr/image.ashx?id=1926969&use=l&cat=p&typeid=i","cat":284636},{"id":41466,"n":"Coton carré bébé Mots d'Enfants Aloe vera x50","p":1.58,"u":"0,03 €/P","img":"https://fd13-photos.leclercdrive.fr/image.ashx?id=3014236&use=l&cat=p&typeid=i","cat":284739},{"id":41478,"n":"Mouchoirs blancs 3 plis Univert Boîte mouchoirs en papier -x100","p":1.55,"u":"0,02 €/P","img":"https://fd13-photos.leclercdrive.fr/image.ashx?id=1960038&use=l&cat=p&typeid=i","cat":284638},{"id":41488,"n":"Sachets Insectivor Anti-mites anti-acariens - x24","p":2.9,"u":"0,12 €/P","img":"https://fd13-photos.leclercdrive.fr/image.ashx?id=2852952&use=l&cat=p&typeid=i","cat":298368},{"id":41489,"n":"Veet SpaWax Chauffe Cire avec 6 Galets épilation sans Bande","p":22.71,"u":"151,40 €/KG","img":"https://fd13-photos.leclercdrive.fr/image.ashx?id=2984763&use=l&cat=p&typeid=i","cat":325351},{"id":41491,"n":"Tartines croustillantes Wasa Léger - 270g","p":1.63,"u":"6,04 €/KG","img":"https://fd13-photos.leclercdrive.fr/image.ashx?id=3011851&use=l&cat=p&typeid=i","cat":284479},{"id":41492,"n":"Tartines croustillantes Wasa Fibres - 230g","p":1.51,"u":"6,57 €/KG","img":"https://fd13-photos.leclercdrive.fr/image.ashx?id=3011854&use=l&cat=p&typeid=i","cat":284479},{"id":41493,"n":"Tartines croustillantes Wasa Authentique - 275g","p":1.46,"u":"5,31 €/KG","img":"https://fd13-photos.leclercdrive.fr/image.ashx?id=3011857&use=l&cat=p&typeid=i","cat":284479},{"id":41494,"n":"Bière Red 8.6 Canette - 7.9%vol. - 50cl","p":1.5,"pp":1.05,"u":"2,10 €/L","img":"https://fd13-photos.leclercdrive.fr/image.ashx?id=2687329&use=l&cat=p&typeid=i","cat":334853},{"id":41517,"n":"Couches bébé Mots d'Enfants T6 Douceur - 16kg+ - x58 changes","p":12.75,"img":"https://fd13-photos.leclercdrive.fr/image.ashx?id=2904577&use=l&cat=p&typeid=i","cat":284737},{"id":41524,"n":"Ossau Iraty AOP Istara Fromage de brebis - 180g","p":3.62,"u":"20,11 €/KG","img":"https://fd13-photos.leclercdrive.fr/image.ashx?id=2766193&use=l&cat=p&typeid=i","cat":329184},{"id":41529,"n":"Déodorant atomiseur Scorpio Noir absolu - 150ml","p":3.13,"u":"20,87 €/L","img":"https://fd13-photos.leclercdrive.fr/image.ashx?id=2425149&use=l&cat=p&typeid=i","cat":284618},{"id":41536,"n":"Coquillettes Lustucru Blé complet- 400g","p":1.37,"u":"3,43 €/KG","img":"https://fd13-photos.leclercdrive.fr/image.ashx?id=2271561&use=l&cat=p&typeid=i","cat":284427},{"id":41538,"n":"Déodorant Homme Stick Williams Peau Sensible 75ml","p":2.7,"u":"36,00 €/L","img":"https://fd13-photos.leclercdrive.fr/image.ashx?id=2905102&use=l&cat=p&typeid=i","cat":284618},{"id":41549,"n":"Piles Duracell CR2032 Lithium 3V - x2","p":5.6,"u":"2,80 €/P","img":"https://fd13-photos.leclercdrive.fr/image.ashx?id=3003411&use=l&cat=p&typeid=i","cat":300572},{"id":41551,"n":"Soda Schweppes Saveur Citron - 1,5L","p":1.93,"u":"1,29 €/L","img":"https://fd13-photos.leclercdrive.fr/image.ashx?id=2852417&use=l&cat=p&typeid=i","cat":284532},{"id":41556,"n":"Boisson aux fruits Oasis Orange - 2L","p":2.5,"u":"1,25 €/L","img":"https://fd13-photos.leclercdrive.fr/image.ashx?id=2688653&use=l&cat=p&typeid=i","cat":295018},{"id":41579,"n":"Macédoine déjà égouttée D'aucy  530g","p":2.2,"u":"4,15 €/KG","img":"https://fd13-photos.leclercdrive.fr/image.ashx?id=2835833&use=l&cat=p&typeid=i","cat":312612},{"id":41596,"n":"Chips Lay's Saveur spicy - 130g","p":1.41,"u":"10,85 €/KG","img":"https://fd13-photos.leclercdrive.fr/image.ashx?id=3011131&use=l&cat=p&typeid=i","cat":284447},{"id":41602,"n":"Fond d'artichauts Eco + 210g","p":1.75,"u":"8,33 €/KG","img":"https://fd13-photos.leclercdrive.fr/image.ashx?id=2822917&use=l&cat=p&typeid=i","cat":312611},{"id":41603,"n":"Coeurs d'artichauts Eco + 240g","p":1.62,"u":"6,75 €/KG","img":"https://fd13-photos.leclercdrive.fr/image.ashx?id=2946154&use=l&cat=p&typeid=i","cat":312611},{"id":41625,"n":"Tomates Tradizioni d'Italia Séchées à huile d'olive - 270g","p":3.49,"u":"12,93 €/KG","img":"https://fd13-photos.leclercdrive.fr/image.ashx?id=2840037&use=l&cat=p&typeid=i","cat":284458},{"id":41691,"n":"AOP Cabernet d'Anjou BIO vin  rosé Les Caractères - 75cl","p":4.99,"u":"6,65 €/L","img":"https://fd13-photos.leclercdrive.fr/image.ashx?id=2946871&use=l&cat=p&typeid=i","cat":289558},{"id":41700,"n":"Sauce Tomate Cuisinée Heinz Ail & Oignon - 520g","p":1.37,"u":"2,63 €/KG","img":"https://fd13-photos.leclercdrive.fr/image.ashx?id=2950849&use=l&cat=p&typeid=i","cat":288384},{"id":41781,"n":"Whisky Cardhu Gold reserve 40%vol. - 70cl","p":30.45,"u":"43,50 €/L","img":"https://fd13-photos.leclercdrive.fr/image.ashx?id=2518400&use=l&cat=p&typeid=i","cat":284547},{"id":41782,"n":"Whisky Talisker Skye 45,8%vol. Etui - 70cl","p":33.9,"u":"48,43 €/L","img":"https://fd13-photos.leclercdrive.fr/image.ashx?id=2165887&use=l&cat=p&typeid=i","cat":284547},{"id":41797,"n":"Sauce Barbecue Heinz Classic - 480g","p":1.86,"u":"3,88 €/KG","img":"https://fd13-photos.leclercdrive.fr/image.ashx?id=2928351&use=l&cat=p&typeid=i","cat":318431},{"id":41800,"n":"Mayonnaise Fine & Douce Lesieur 475g","p":2.26,"u":"4,76 €/KG","img":"https://fd13-photos.leclercdrive.fr/image.ashx?id=2918541&use=l&cat=p&typeid=i","cat":298295},{"id":41803,"n":"Asperges vertes d'aucy  21,2cl","p":2.23,"u":"22,30 €/KG","img":"https://fd13-photos.leclercdrive.fr/image.ashx?id=2597723&use=l&cat=p&typeid=i","cat":312611},{"id":41804,"n":"Asperges vertes d'aucy  37cl","p":3.33,"u":"18,00 €/KG","img":"https://fd13-photos.leclercdrive.fr/image.ashx?id=2665901&use=l&cat=p&typeid=i","cat":312611},{"id":41806,"n":"Ketchup nature Amora 850g","p":2.17,"u":"2,55 €/KG","img":"https://fd13-photos.leclercdrive.fr/image.ashx?id=2589690&use=l&cat=p&typeid=i","cat":284455},{"id":41819,"n":"Sauce Andalouse Heinz - 220g","p":1.71,"u":"7,77 €/KG","img":"https://fd13-photos.leclercdrive.fr/image.ashx?id=2973327&use=l&cat=p&typeid=i","cat":318431},{"id":41823,"n":"Sauce barbecue/miel Amora 282g","p":1.5,"u":"5,32 €/KG","img":"https://fd13-photos.leclercdrive.fr/image.ashx?id=2654188&use=l&cat=p&typeid=i","cat":318431},{"id":41826,"n":"AOC Costières de Nîmes vin rosé Rives & Terrasses - 75cl","p":2.99,"u":"3,99 €/L","img":"https://fd13-photos.leclercdrive.fr/image.ashx?id=2712428&use=l&cat=p&typeid=i","cat":289558},{"id":41827,"n":"Nuggets de Poulet Père Dodu   x20 - 400g - Familial","p":4.23,"u":"10,58 €/KG","img":"https://fd13-photos.leclercdrive.fr/image.ashx?id=2957167&use=l&cat=p&typeid=i","cat":333684},{"id":41828,"n":"AOC Bergerac vin rosé  Terrasses d'Autan - 75cl","p":2.99,"u":"3,99 €/L","img":"https://fd13-photos.leclercdrive.fr/image.ashx?id=2452753&use=l&cat=p&typeid=i","cat":289558},{"id":41829,"n":"AOP Bordeaux vin rosé  Chantet Blanet - 75cl","p":3.27,"u":"4,36 €/L","img":"https://fd13-photos.leclercdrive.fr/image.ashx?id=2682657&use=l&cat=p&typeid=i","cat":289558},{"id":41831,"n":"AOC Bordeaux Sauvignon vin  blanc Chantet Blanet - 75cl","p":3.95,"u":"5,27 €/L","img":"https://fd13-photos.leclercdrive.fr/image.ashx?id=2679750&use=l&cat=p&typeid=i","cat":289557},{"id":41834,"n":"AOC Bandol vin rosé Terres Ocrées - 75cl","p":7.49,"u":"9,99 €/L","img":"https://fd13-photos.leclercdrive.fr/image.ashx?id=1408800&use=l&cat=p&typeid=i","cat":289558},{"id":41835,"n":"AOC Bourgueil vin rouge Les Caractères - 75cl","p":4.49,"u":"5,99 €/L","img":"https://fd13-photos.leclercdrive.fr/image.ashx?id=2776564&use=l&cat=p&typeid=i","cat":289556},{"id":41836,"n":"AOP Bergerac vin rouge Terrasses d'Autan - 75cl","p":2.99,"u":"3,99 €/L","img":"https://fd13-photos.leclercdrive.fr/image.ashx?id=2709695&use=l&cat=p&typeid=i","cat":289556},{"id":41839,"n":"AOC Côtes du Rhône vin rouge Grégoire XI - 37,5 cl","p":2.45,"u":"6,53 €/L","img":"https://fd13-photos.leclercdrive.fr/image.ashx?id=2714986&use=l&cat=p&typeid=i","cat":289556},{"id":41840,"n":"AOC Costières de Nîmes vin rouge Rives & Terrasses - 75cl","p":2.99,"u":"3,99 €/L","img":"https://fd13-photos.leclercdrive.fr/image.ashx?id=887828&use=l&cat=p&typeid=i","cat":289556},{"id":41844,"n":"AOC Côtes du Rhône Villages vin rouge Plan de Diey - 75cl","p":4.99,"u":"6,65 €/L","img":"https://fd13-photos.leclercdrive.fr/image.ashx?id=2408525&use=l&cat=p&typeid=i","cat":289556},{"id":41845,"n":"Génoise fourrée Kinder Pingui Lait et cacao x8 - 240g","p":2.24,"u":"9,33 €/KG","img":"https://fd13-photos.leclercdrive.fr/image.ashx?id=2855352&use=l&cat=p&typeid=i","cat":284420},{"id":41846,"n":"Compotes Andros Panachés 16x100g","p":4.56,"u":"2,85 €/KG","img":"https://fd13-photos.leclercdrive.fr/image.ashx?id=2921343&use=l&cat=p&typeid=i","cat":284416},{"id":41852,"n":"Sauce pomme frite Amora 260g","p":1.59,"u":"6,12 €/KG","img":"https://fd13-photos.leclercdrive.fr/image.ashx?id=2957776&use=l&cat=p&typeid=i","cat":318431},{"id":41857,"n":"Bière Alveringem Abbaye Rouge 5%vol. - 6x25cl","p":3.78,"u":"2,52 €/L","img":"https://fd13-photos.leclercdrive.fr/image.ashx?id=2637919&use=l&cat=p&typeid=i","cat":334878},{"id":41858,"n":"Yaourt SMARTIES Fraise bonbons chocolat 4x120g","p":2.46,"u":"5,13 €/KG","img":"https://fd13-photos.leclercdrive.fr/image.ashx?id=2890046&use=l&cat=p&typeid=i","cat":284414},{"id":41860,"n":"AOC Côtes de Provence vin rosé Prestige Terres Ocrées - 75cl","p":6.49,"u":"8,65 €/L","img":"https://fd13-photos.leclercdrive.fr/image.ashx?id=2169805&use=l&cat=p&typeid=i","cat":289558},{"id":41861,"n":"AOC Luberon Rosé Rives & Terrasses - 75cl","p":3.49,"u":"4,65 €/L","img":"https://fd13-photos.leclercdrive.fr/image.ashx?id=2709680&use=l&cat=p&typeid=i","cat":289558},{"id":41865,"n":"AOC Coteaux Varois en Provence vin rosé Terres Ocrées - 75cl","p":4.49,"u":"5,99 €/L","img":"https://fd13-photos.leclercdrive.fr/image.ashx?id=2176584&use=l&cat=p&typeid=i","cat":289558},{"id":41867,"n":"AOC Côtes de Provence vin rosé Terres Ocrées - 37,5cl","p":2.99,"u":"7,97 €/L","img":"https://fd13-photos.leclercdrive.fr/image.ashx?id=2891782&use=l&cat=p&typeid=i","cat":289558},{"id":41868,"n":"Bûche de chèvre Soignon 400g","p":4.09,"u":"10,23 €/KG","img":"https://fd13-photos.leclercdrive.fr/image.ashx?id=2840988&use=l&cat=p&typeid=i","cat":314031},{"id":41869,"n":"AOC Gros Plant du Pays nantais vin blanc Les Caractères - 75cl","p":3.9,"u":"5,20 €/L","img":"https://fd13-photos.leclercdrive.fr/image.ashx?id=2705086&use=l&cat=p&typeid=i","cat":289557},{"id":41871,"n":"AOC Côtes du Roussillon vin  rouge Prieur Barsanne - 75cl","p":2.99,"u":"3,99 €/L","img":"https://fd13-photos.leclercdrive.fr/image.ashx?id=2270278&use=l&cat=p&typeid=i","cat":289556},{"id":41874,"n":"AOC Muscadet Sèvre et Maine sur Lie Les Caractères - 37,5cl","p":3.29,"u":"8,77 €/L","img":"https://fd13-photos.leclercdrive.fr/image.ashx?id=2750144&use=l&cat=p&typeid=i","cat":289557},{"id":41876,"n":"AOP Tavel vin rosé Rives & Terrasses - 75cl","p":6.79,"u":"9,05 €/L","img":"https://fd13-photos.leclercdrive.fr/image.ashx?id=1308155&use=l&cat=p&typeid=i","cat":289558},{"id":41878,"n":"Bière aromatisée Desquiles Red 5,9%vol. - 50cl","p":1.49,"u":"2,98 €/L","img":"https://fd13-photos.leclercdrive.fr/image.ashx?id=2664809&use=l&cat=p&typeid=i","cat":334853},{"id":41880,"n":"AOC Graves vin rouge Chantet Blanet - 75cl","p":4.75,"u":"6,33 €/L","img":"https://fd13-photos.leclercdrive.fr/image.ashx?id=2721361&use=l&cat=p&typeid=i","cat":289556},{"id":41881,"n":"AOC Gaillac vin rouge Terrasses d'Autan - 75cl","p":2.99,"u":"3,99 €/L","img":"https://fd13-photos.leclercdrive.fr/image.ashx?id=2298257&use=l&cat=p&typeid=i","cat":289556},{"id":41882,"n":"AOC Fronton vin rouge Terrasses d'Autan - 75cl","p":2.99,"u":"3,99 €/L","img":"https://fd13-photos.leclercdrive.fr/image.ashx?id=2236332&use=l&cat=p&typeid=i","cat":289556},{"id":41883,"n":"Steaks Hachés Charolais Charal Pur Bœuf 12%MG - 10x100g - 1kg","p":15.71,"u":"15,71 €/KG","img":"https://fd13-photos.leclercdrive.fr/image.ashx?id=2741943&use=l&cat=p&typeid=i","cat":319778},{"id":41884,"n":"AOP Coteaux Bourguignons vin  rouge Antoine Barrier - 75cl","p":5.49,"u":"7,32 €/L","img":"https://fd13-photos.leclercdrive.fr/image.ashx?id=2800246&use=l&cat=p&typeid=i","cat":289556},{"id":41896,"n":"Boisson énergisante X-tense Zero Bouteille - 1L","p":1.99,"u":"1,99 €/L","img":"https://fd13-photos.leclercdrive.fr/image.ashx?id=2298947&use=l&cat=p&typeid=i","cat":284533},{"id":41903,"n":"Jus de pomme Jafaden A base de concentré - 2L","p":1.85,"u":"0,93 €/L","img":"https://fd13-photos.leclercdrive.fr/image.ashx?id=2470240&use=l&cat=p&typeid=i","cat":284522},{"id":41912,"n":"Sirop fraise de Plougastel NRT 70cl","p":3.2,"u":"4,57 €/L","img":"https://fd13-photos.leclercdrive.fr/image.ashx?id=2590481&use=l&cat=p&typeid=i","cat":295020},{"id":41914,"n":"Crème hydratante Inell Visage-corps 200ml","p":2.07,"u":"10,35 €/L","img":"https://fd13-photos.leclercdrive.fr/image.ashx?id=1903869&use=l&cat=p&typeid=i","cat":325345},{"id":41915,"n":"AOP Morgon vin rouge Antoine Barrier - 75cl","p":6.99,"u":"9,32 €/L","img":"https://fd13-photos.leclercdrive.fr/image.ashx?id=2147411&use=l&cat=p&typeid=i","cat":289556},{"id":41917,"n":"AOC Ventoux vin rouge Rives & Terrasses - 75cl","p":2.99,"u":"3,99 €/L","img":"https://fd13-photos.leclercdrive.fr/image.ashx?id=2712300&use=l&cat=p&typeid=i","cat":289556},{"id":41920,"n":"Patch pureté Inell x6","p":2.84,"u":"0,47 €/P","img":"https://fd13-photos.leclercdrive.fr/image.ashx?id=2657727&use=l&cat=p&typeid=i","cat":284603},{"id":41921,"n":"Vin d'Union Européenne blanc Adrien Champaud - 75 cl","p":1.85,"u":"2,47 €/L","img":"https://fd13-photos.leclercdrive.fr/image.ashx?id=2955719&use=l&cat=p&typeid=i","cat":289557},{"id":41923,"n":"Vin d'Union Européenne rosé Adrien Champaud 11% vol BIB 5L","p":8.49,"u":"1,70 €/L","img":"https://fd13-photos.leclercdrive.fr/image.ashx?id=2959707&use=l&cat=p&typeid=i","cat":289560},{"id":41924,"n":"Vin d'Union Européenne rouge Adrien Champaud 12% vol BIB 5L","p":8.49,"u":"1,70 €/L","img":"https://fd13-photos.leclercdrive.fr/image.ashx?id=2691315&use=l&cat=p&typeid=i","cat":289560},{"id":41925,"n":"Vin d'Union Européenne rouge Adrien Champaud - BIB 10L","p":15.99,"u":"1,60 €/L","img":"https://fd13-photos.leclercdrive.fr/image.ashx?id=2959719&use=l&cat=p&typeid=i","cat":289560},{"id":41942,"n":"Bière Extreme 8.6 Canette - 10.5%vol. - 50cl","p":1.5,"pp":1.05,"u":"2,10 €/L","img":"https://fd13-photos.leclercdrive.fr/image.ashx?id=1883597&use=l&cat=p&typeid=i","cat":334853},{"id":41990,"n":"Steaks Hachés Limousin Charal Pur Bœuf 12%MG - 8x125g - 1kg","p":15.87,"u":"15,87 €/KG","img":"https://fd13-photos.leclercdrive.fr/image.ashx?id=2974626&use=l&cat=p&typeid=i","cat":319778},{"id":42044,"n":"Noix de cajou Maître Prunille Sans sel, grillé, sachet 200g","p":4.25,"u":"21,25 €/KG","img":"https://fd13-photos.leclercdrive.fr/image.ashx?id=1750478&use=l&cat=p&typeid=i","cat":284357},{"id":42045,"n":"Amande grillée Maître Prunille Décortiquée sans sel 250g","p":4.0,"u":"16,00 €/KG","img":"https://fd13-photos.leclercdrive.fr/image.ashx?id=1750481&use=l&cat=p&typeid=i","cat":284448},{"id":42046,"n":"Pruneaux d'Agen Maître Prunille IGP Dénoyautés - 500g","p":5.06,"u":"10,12 €/KG","img":"https://fd13-photos.leclercdrive.fr/image.ashx?id=2016029&use=l&cat=p&typeid=i","cat":284357},{"id":42057,"n":"Asperges blanches d'aucy  21,2cl","p":2.25,"u":"20,45 €/KG","img":"https://fd13-photos.leclercdrive.fr/image.ashx?id=2597720&use=l&cat=p&typeid=i","cat":312611},{"id":42058,"n":"Asperges blanches d'aucy 37cl","p":3.1,"u":"15,12 €/KG","img":"https://fd13-photos.leclercdrive.fr/image.ashx?id=2665895&use=l&cat=p&typeid=i","cat":312611},{"id":42060,"n":"IGP Pays d'Oc Syrah vin rosé Vieux Carion 12% vol - BIB 3L","p":7.99,"u":"2,66 €/L","img":"https://fd13-photos.leclercdrive.fr/image.ashx?id=2900343&use=l&cat=p&typeid=i","cat":289560},{"id":42063,"n":"Madeleines Saint Michel Oeufs de poule plein air - 500g","p":1.95,"u":"3,90 €/KG","img":"https://fd13-photos.leclercdrive.fr/image.ashx?id=2936191&use=l&cat=p&typeid=i","cat":284492},{"id":42067,"n":"Biscuits p'tit déjeuner BN Chocolat - 200g","p":1.74,"u":"8,70 €/KG","img":"https://fd13-photos.leclercdrive.fr/image.ashx?id=2603468&use=l&cat=p&typeid=i","cat":284491},{"id":42113,"n":"Haché de porc Férial Façon bouchère - x2 - 220g","p":2.69,"u":"12,23 €/KG","img":"https://fd13-photos.leclercdrive.fr/image.ashx?id=2946469&use=l&cat=p&typeid=i","cat":284332},{"id":42140,"n":"Sirop La Maison Guiot Grenadine - 70cl","p":3.17,"u":"4,53 €/L","img":"https://fd13-photos.leclercdrive.fr/image.ashx?id=2857195&use=l&cat=p&typeid=i","cat":295020},{"id":42188,"n":"Fromage fouetté Madame Loïk Échalote Ciboulette - 275g","p":2.88,"u":"10,47 €/KG","img":"https://fd13-photos.leclercdrive.fr/image.ashx?id=2774616&use=l&cat=p&typeid=i","cat":314029},{"id":42218,"n":"Bloc WC Bref Power  Activ'Océan toilettes - 50g x1","p":1.59,"u":"31,80 €/KG","img":"https://fd13-photos.leclercdrive.fr/image.ashx?id=2789802&use=l&cat=p&typeid=i","cat":284662},{"id":42226,"n":"Emincés de Poulet Roti Père Dod  Nature - 200g","p":4.15,"u":"20,75 €/KG","img":"https://fd13-photos.leclercdrive.fr/image.ashx?id=2957089&use=l&cat=p&typeid=i","cat":316011},{"id":42229,"n":"Emincés de Poulet Roti Père Dod  Paprika - 200g","p":4.25,"u":"21,25 €/KG","img":"https://fd13-photos.leclercdrive.fr/image.ashx?id=2992089&use=l&cat=p&typeid=i","cat":316011},{"id":42235,"n":"Galette Tipiak Jambon/fromage - 2x125g","p":2.86,"u":"11,44 €/KG","img":"https://fd13-photos.leclercdrive.fr/image.ashx?id=2819334&use=l&cat=p&typeid=i","cat":319776},{"id":42254,"n":"Biscuit apéritif Too Good PDT-sel et poivre - 85g","p":1.93,"u":"22,71 €/KG","img":"https://fd13-photos.leclercdrive.fr/image.ashx?id=2894830&use=l&cat=p&typeid=i","cat":297000},{"id":42289,"n":"Huile pimentée pizza Cauvin A l'huile d'olive - 25cl","p":2.57,"u":"10,28 €/L","img":"https://fd13-photos.leclercdrive.fr/image.ashx?id=2539857&use=l&cat=p&typeid=i","cat":284453},{"id":42290,"n":"Huile de colza Eco + 1L","p":1.46,"u":"1,46 €/L","img":"https://fd13-photos.leclercdrive.fr/image.ashx?id=3002503&use=l&cat=p&typeid=i","cat":284453},{"id":42291,"n":"Huile pour friture Eco + 1L","p":2.23,"u":"2,23 €/L","img":"https://fd13-photos.leclercdrive.fr/image.ashx?id=2913639&use=l&cat=p&typeid=i","cat":284453},{"id":42292,"n":"Vinaigrette allégée Eco + Nature - 1L","p":1.02,"u":"1,02 €/L","img":"https://fd13-photos.leclercdrive.fr/image.ashx?id=2900516&use=l&cat=p&typeid=i","cat":284456},{"id":42295,"n":"Vinaigrette bi-phase Rustica Vin rouge/échalote - 50cl","p":2.49,"u":"4,98 €/L","img":"https://fd13-photos.leclercdrive.fr/image.ashx?id=2142190&use=l&cat=p&typeid=i","cat":284456},{"id":42297,"n":"Sauce caesar Rustica 50cl","p":2.59,"u":"5,18 €/L","img":"https://fd13-photos.leclercdrive.fr/image.ashx?id=1972928&use=l&cat=p&typeid=i","cat":284456},{"id":42298,"n":"Boisson végétale Bio Village Avoine bio - 1l","p":1.45,"u":"1,45 €/L","img":"https://fd13-photos.leclercdrive.fr/image.ashx?id=2739538&use=l&cat=p&typeid=i","cat":316067},{"id":42321,"n":"Nettoyant Menager Cif lingettes Ocean Antibacterien - x120","p":2.02,"img":"https://fd13-photos.leclercdrive.fr/image.ashx?id=2747163&use=l&cat=p&typeid=i","cat":325358},{"id":42325,"n":"Spray Nettoyant Menager Cif  Antibacterien - 750 ml","p":2.52,"u":"3,36 €/L","img":"https://fd13-photos.leclercdrive.fr/image.ashx?id=2813540&use=l&cat=p&typeid=i","cat":325357},{"id":42331,"n":"Saucisses Knacki Herta Poulet x10 - 350g","p":1.5,"u":"4,29 €/KG","img":"https://fd13-photos.leclercdrive.fr/image.ashx?id=2290431&use=l&cat=p&typeid=i","cat":316012},{"id":42341,"n":"Compotes Pom'Potes Gourdes  Multivariétés Inédits - 12x90g","p":4.75,"u":"4,40 €/KG","img":"https://fd13-photos.leclercdrive.fr/image.ashx?id=2864309&use=l&cat=p&typeid=i","cat":284508},{"id":42347,"n":"Pansements enfants Primoplast x20","p":0.69,"u":"0,03 €/P","img":"https://fd13-photos.leclercdrive.fr/image.ashx?id=2958062&use=l&cat=p&typeid=i","cat":284630},{"id":42426,"n":"Lingettes Vanish  Anti-décoloration - x30","p":5.31,"img":"https://fd13-photos.leclercdrive.fr/image.ashx?id=2224145&use=l&cat=p&typeid=i","cat":290450},{"id":42428,"n":"Pains au chocolat Pasquier x8 - 360g","p":2.23,"u":"6,19 €/KG","img":"https://fd13-photos.leclercdrive.fr/image.ashx?id=2863446&use=l&cat=p&typeid=i","cat":296366},{"id":42442,"n":"Moutarde forte Eco + 370g","p":0.74,"u":"2,00 €/KG","img":"https://fd13-photos.leclercdrive.fr/image.ashx?id=2954319&use=l&cat=p&typeid=i","cat":288850},{"id":42443,"n":"Cornichons Pasteur Eco + Au vinaigre - 360g","p":1.24,"u":"3,44 €/KG","img":"https://fd13-photos.leclercdrive.fr/image.ashx?id=2974714&use=l&cat=p&typeid=i","cat":284458},{"id":42448,"n":"Capsules Nescafé Dolce Gusto  Ricoré Latte - x16","p":4.53,"u":"26,96 €/KG","img":"https://fd13-photos.leclercdrive.fr/image.ashx?id=2818085&use=l&cat=p&typeid=i","cat":293239},{"id":42452,"n":"Moutarde douce Amora Flacon souple - 260g","p":1.95,"u":"7,50 €/KG","img":"https://fd13-photos.leclercdrive.fr/image.ashx?id=3005401&use=l&cat=p&typeid=i","cat":288850},{"id":42461,"n":"Olives vertes Eco + Dénoyautées - 320g","p":1.88,"u":"5,88 €/KG","img":"https://fd13-photos.leclercdrive.fr/image.ashx?id=2609264&use=l&cat=p&typeid=i","cat":284458},{"id":42505,"n":"Crème dessert Mont Blanc Boîte Caramel - 570g","p":2.37,"u":"4,16 €/KG","img":"https://fd13-photos.leclercdrive.fr/image.ashx?id=3011599&use=l&cat=p&typeid=i","cat":284506},{"id":42508,"n":"Cookies Nestlé Dessert Pépites de chocolat - 351g","p":4.07,"u":"11,60 €/KG","img":"https://fd13-photos.leclercdrive.fr/image.ashx?id=2848382&use=l&cat=p&typeid=i","cat":284505},{"id":42516,"n":"Préparation Francine Pâte à pizza - 520g","p":1.63,"u":"3,13 €/KG","img":"https://fd13-photos.leclercdrive.fr/image.ashx?id=2989123&use=l&cat=p&typeid=i","cat":284503},{"id":42518,"n":"Complément alimentaire Juvamine Cranberry  60 gélules végétales","p":5.03,"u":"0,08 €/P","img":"https://fd13-photos.leclercdrive.fr/image.ashx?id=2578076&use=l&cat=p&typeid=i","cat":313217},{"id":42560,"n":"Jus innocent ananas passion 900ml","p":2.68,"u":"2,98 €/L","img":"https://fd13-photos.leclercdrive.fr/image.ashx?id=2861740&use=l&cat=p&typeid=i","cat":285435},{"id":42563,"n":"Boisson végétale lait d'amande bio bjorg sans sucre - 1l","p":1.67,"u":"1,67 €/L","img":"https://fd13-photos.leclercdrive.fr/image.ashx?id=2939415&use=l&cat=p&typeid=i","cat":316067},{"id":42565,"n":"Vinaigre blanc d'alcool Eco +  - 1,5L","p":0.6,"u":"0,40 €/L","img":"https://fd13-photos.leclercdrive.fr/image.ashx?id=2729269&use=l&cat=p&typeid=i","cat":298543},{"id":42567,"n":"Pâte à tartiner Bio Jardin Bio - 750g","p":9.13,"u":"12,17 €/KG","img":"https://fd13-photos.leclercdrive.fr/image.ashx?id=2918925&use=l&cat=p&typeid=i","cat":284481},{"id":42569,"n":"Double concentré Bio Jardin Bio Tomate - 140g","p":0.98,"u":"7,00 €/KG","img":"https://fd13-photos.leclercdrive.fr/image.ashx?id=2944867&use=l&cat=p&typeid=i","cat":288384},{"id":42624,"n":"Pâtes coudes rayés Panzani 1kg","p":2.05,"u":"2,05 €/KG","img":"https://fd13-photos.leclercdrive.fr/image.ashx?id=2876029&use=l&cat=p&typeid=i","cat":284427},{"id":42628,"n":"Chips Bret's Fromage du Jura - 125g","p":1.1,"u":"8,80 €/KG","img":"https://fd13-photos.leclercdrive.fr/image.ashx?id=1916976&use=l&cat=p&typeid=i","cat":284447},{"id":42649,"n":"Crème douche Manava Surgras - 250ml","p":0.94,"u":"3,76 €/L","img":"https://fd13-photos.leclercdrive.fr/image.ashx?id=2456147&use=l&cat=p&typeid=i","cat":284594},{"id":42655,"n":"Huile merveilleuse Garnier Huile d'argan & camélia - 150ml","p":6.08,"u":"40,53 €/L","img":"https://fd13-photos.leclercdrive.fr/image.ashx?id=2661730&use=l&cat=p&typeid=i","cat":284608},{"id":42665,"n":"Gel shampooing douche Fa Men Extreme cool flacon - 250ml","p":1.32,"u":"5,28 €/L","img":"https://fd13-photos.leclercdrive.fr/image.ashx?id=2995094&use=l&cat=p&typeid=i","cat":284621},{"id":42667,"n":"Soin de jour L'Oréal Paris Revitalift Anti-Âge - 50ml","p":13.32,"u":"266,40 €/L","img":"https://fd13-photos.leclercdrive.fr/image.ashx?id=2921876&use=l&cat=p&typeid=i","cat":325345},{"id":42677,"n":"Soin cheveux nutrition Dessange Cheveux secs - 100ml","p":5.47,"u":"54,70 €/L","img":"https://fd13-photos.leclercdrive.fr/image.ashx?id=2400969&use=l&cat=p&typeid=i","cat":284608},{"id":42678,"n":"Huile Cheveux Extrême Dessange Cheuveux abîmés - 100ml","p":6.32,"u":"63,20 €/L","img":"https://fd13-photos.leclercdrive.fr/image.ashx?id=2851099&use=l&cat=p&typeid=i","cat":284608},{"id":42703,"n":"P'tit Basque Istara Fromage de brebis - 220g","p":5.3,"u":"24,09 €/KG","img":"https://fd13-photos.leclercdrive.fr/image.ashx?id=2759876&use=l&cat=p&typeid=i","cat":329184},{"id":42747,"n":"Whisky blend the Famous grouse 40%vol. - 1L","p":22.0,"pp":16.5,"u":"16,50 €/L","img":"https://fd13-photos.leclercdrive.fr/image.ashx?id=2958878&use=l&cat=p&typeid=i","cat":284547},{"id":42789,"n":"Cheddar Les Croisés 32% MG Tranchettes - 200g","p":2.64,"u":"13,20 €/KG","img":"https://fd13-photos.leclercdrive.fr/image.ashx?id=2796064&use=l&cat=p&typeid=i","cat":314028},{"id":42798,"n":"Miel de fleurs d'Oranger Nid d'Abeille - 250g","p":2.99,"u":"11,96 €/KG","img":"https://fd13-photos.leclercdrive.fr/image.ashx?id=2434242&use=l&cat=p&typeid=i","cat":287643},{"id":42799,"n":"Miel liquide Bio Squeezer Bio village - 250g","p":2.87,"u":"11,48 €/KG","img":"https://fd13-photos.leclercdrive.fr/image.ashx?id=2348268&use=l&cat=p&typeid=i","cat":287643},{"id":42809,"n":"Berlingots de javel Clair Eucalyptus - 3x250ml","p":1.3,"u":"1,73 €/L","img":"https://fd13-photos.leclercdrive.fr/image.ashx?id=2949194&use=l&cat=p&typeid=i","cat":284661},{"id":42826,"n":"Nettoyant vitre cristal Clair 750 ml","p":1.75,"u":"2,33 €/L","img":"https://fd13-photos.leclercdrive.fr/image.ashx?id=1647715&use=l&cat=p&typeid=i","cat":325363},{"id":42847,"n":"Pop corn salé Menguy's Micro-ondes - 3x90g","p":1.81,"u":"6,70 €/KG","img":"https://fd13-photos.leclercdrive.fr/image.ashx?id=2966023&use=l&cat=p&typeid=i","cat":284449},{"id":42858,"n":"Eau gazeuse Vichy Célestins - 6x50cl","p":3.03,"u":"1,01 €/L","img":"https://fd13-photos.leclercdrive.fr/image.ashx?id=2991933&use=l&cat=p&typeid=i","cat":284536},{"id":42873,"n":"Jus innocent orange carotte 900ml","p":2.93,"u":"3,26 €/L","img":"https://fd13-photos.leclercdrive.fr/image.ashx?id=2892217&use=l&cat=p&typeid=i","cat":285435},{"id":42874,"n":"Jus innocent poire pêche 900ml","p":2.85,"u":"3,17 €/L","img":"https://fd13-photos.leclercdrive.fr/image.ashx?id=2893000&use=l&cat=p&typeid=i","cat":285435},{"id":42876,"n":"Jus innocent pomme mangue 900ml","p":2.88,"u":"3,20 €/L","img":"https://fd13-photos.leclercdrive.fr/image.ashx?id=2892220&use=l&cat=p&typeid=i","cat":285435},{"id":42892,"n":"Protège-document Esquisse Transparent - A4 - 60 vues","p":2.0,"img":"https://fd13-photos.leclercdrive.fr/image.ashx?id=1694251&use=l&cat=p&typeid=i","cat":284745},{"id":42893,"n":"Protège-document Esquisse Rouge - A4 - 60 vues","p":2.0,"img":"https://fd13-photos.leclercdrive.fr/image.ashx?id=940831&use=l&cat=p&typeid=i","cat":284745},{"id":42894,"n":"Protège-document Esquisse Anis - A4 - 60 vues","p":2.0,"img":"https://fd13-photos.leclercdrive.fr/image.ashx?id=1694254&use=l&cat=p&typeid=i","cat":284745},{"id":42938,"n":"Soupe instantanée Royco  Bouillon de Volailles 3x200ml","p":1.42,"u":"44,38 €/KG","img":"https://fd13-photos.leclercdrive.fr/image.ashx?id=2651423&use=l&cat=p&typeid=i","cat":293527},{"id":42964,"n":"Os à mâcher Lydog Fourrés boeuf - 2x100g","p":2.26,"u":"11,30 €/KG","img":"https://fd13-photos.leclercdrive.fr/image.ashx?id=1947283&use=l&cat=p&typeid=i","cat":294527},{"id":42966,"n":"Haricots verts Notre Jardin Extra fins - 455g","p":1.98,"u":"4,35 €/KG","img":"https://fd13-photos.leclercdrive.fr/image.ashx?id=2988084&use=l&cat=p&typeid=i","cat":312606},{"id":42967,"n":"Haricots verts Notre Jardin Extra fins vapeur - 225g","p":1.6,"u":"7,11 €/KG","img":"https://fd13-photos.leclercdrive.fr/image.ashx?id=2988087&use=l&cat=p&typeid=i","cat":312606},{"id":42968,"n":"Petits pois doux Notre Jardin Vapeur - 530g","p":2.52,"u":"4,75 €/KG","img":"https://fd13-photos.leclercdrive.fr/image.ashx?id=3002608&use=l&cat=p&typeid=i","cat":312607},{"id":42969,"n":"Petits pois doux Notre Jardin Vapeur - 265g","p":1.29,"u":"4,87 €/KG","img":"https://fd13-photos.leclercdrive.fr/image.ashx?id=3002611&use=l&cat=p&typeid=i","cat":312607},{"id":42980,"n":"Goûter fourré Bio Village Bio Chocolat noir - 185g","p":2.05,"u":"11,08 €/KG","img":"https://fd13-photos.leclercdrive.fr/image.ashx?id=2201966&use=l&cat=p&typeid=i","cat":284488},{"id":42981,"n":"Goûter fourré Bio Village Bio - Chocolat au lait - 185g","p":2.05,"u":"11,08 €/KG","img":"https://fd13-photos.leclercdrive.fr/image.ashx?id=2201969&use=l&cat=p&typeid=i","cat":284488},{"id":42992,"n":"Tortillas chips Tokapi Fromage - 150g","p":0.99,"u":"6,60 €/KG","img":"https://fd13-photos.leclercdrive.fr/image.ashx?id=2647961&use=l&cat=p&typeid=i","cat":287899},{"id":43009,"n":"Biscuits fourrés P'tit Deli Noisette - 225g","p":1.38,"u":"6,13 €/KG","img":"https://fd13-photos.leclercdrive.fr/image.ashx?id=2861419&use=l&cat=p&typeid=i","cat":284488},{"id":43010,"n":"Biscuit roulé P'tit Deli Cacao/vanille - 154g","p":0.89,"u":"5,78 €/KG","img":"https://fd13-photos.leclercdrive.fr/image.ashx?id=2124110&use=l&cat=p&typeid=i","cat":284488},{"id":43016,"n":"Asperges blanches moyennes Notre Jardin - 205g","p":1.99,"u":"9,71 €/KG","img":"https://fd13-photos.leclercdrive.fr/image.ashx?id=2049058&use=l&cat=p&typeid=i","cat":312611},{"id":43017,"n":"Betterave en Dés Notre Jardin 265g","p":1.02,"u":"3,85 €/KG","img":"https://fd13-photos.leclercdrive.fr/image.ashx?id=1993203&use=l&cat=p&typeid=i","cat":312611},{"id":43019,"n":"Biscuits animaux P'tit Déli Nappés chocolat lait - 225g","p":1.64,"u":"7,29 €/KG","img":"https://fd13-photos.leclercdrive.fr/image.ashx?id=2529602&use=l&cat=p&typeid=i","cat":284488},{"id":43049,"n":"Steak haché charolais Férial  15%mg x4 - 400g","p":7.09,"u":"17,73 €/KG","img":"https://fd13-photos.leclercdrive.fr/image.ashx?id=2823762&use=l&cat=p&typeid=i","cat":319778},{"id":43153,"n":"Culottes Huggies Drynites Fille 3-5 ans - x16","p":12.99,"u":"0,81 €/P","img":"https://fd13-photos.leclercdrive.fr/image.ashx?id=2844715&use=l&cat=p&typeid=i","cat":290633},{"id":43191,"n":"Protège-document Esquisse x1 Bleu - A4 - 80 vues","p":2.59,"img":"https://fd13-photos.leclercdrive.fr/image.ashx?id=1180671&use=l&cat=p&typeid=i","cat":284745},{"id":43192,"n":"Protège-document Esquisse  Transparent - A4 - 80 vues","p":2.59,"img":"https://fd13-photos.leclercdrive.fr/image.ashx?id=1694257&use=l&cat=p&typeid=i","cat":284745},{"id":43194,"n":"Protège-document Esquisse x1 Rouge - A4 - 80 vues","p":2.59,"img":"https://fd13-photos.leclercdrive.fr/image.ashx?id=2943352&use=l&cat=p&typeid=i","cat":284745},{"id":43197,"n":"Tartine Grilletine de Pasquier Briochées - x18 - 242g","p":1.76,"u":"7,27 €/KG","img":"https://fd13-photos.leclercdrive.fr/image.ashx?id=2333054&use=l&cat=p&typeid=i","cat":284479},{"id":43218,"n":"Pains au lait Pasquier x20 - 700g","p":2.77,"u":"3,96 €/KG","img":"https://fd13-photos.leclercdrive.fr/image.ashx?id=2609315&use=l&cat=p&typeid=i","cat":293505},{"id":43237,"n":"Lotion démaquillante Inell Douceur yeux - 150ml","p":1.6,"u":"10,67 €/L","img":"https://fd13-photos.leclercdrive.fr/image.ashx?id=1993197&use=l&cat=p&typeid=i","cat":284603},{"id":43247,"n":"Tuiles apéritives Tokapi Poulet braisé - 170g","p":1.55,"u":"9,12 €/KG","img":"https://fd13-photos.leclercdrive.fr/image.ashx?id=2815752&use=l&cat=p&typeid=i","cat":287899},{"id":43286,"n":"Masque tissu Inell apaisant Hydratant x1","p":0.99,"img":"https://fd13-photos.leclercdrive.fr/image.ashx?id=2691667&use=l&cat=p&typeid=i","cat":325346},{"id":43287,"n":"Dentifrice Dentamyl Blancheur extrême - 75ml","p":0.95,"u":"12,67 €/L","img":"https://fd13-photos.leclercdrive.fr/image.ashx?id=2613837&use=l&cat=p&typeid=i","cat":284612},{"id":43292,"n":"Gel peau nette Inell Imperfection - 200ml","p":3.25,"u":"16,25 €/L","img":"https://fd13-photos.leclercdrive.fr/image.ashx?id=1674700&use=l&cat=p&typeid=i","cat":284603},{"id":43293,"n":"Lotion nettoyante Inell 200ml","p":3.29,"u":"16,45 €/L","img":"https://fd13-photos.leclercdrive.fr/image.ashx?id=798208&use=l&cat=p&typeid=i","cat":284603},{"id":43303,"n":"Panna Cotta Fruits rouges Rians 2x120g","p":2.55,"u":"10,63 €/KG","img":"https://fd13-photos.leclercdrive.fr/image.ashx?id=2555412&use=l&cat=p&typeid=i","cat":284419},{"id":43304,"n":"Semoule au lait La Laitière Nature - 4x115g","p":1.84,"u":"4,00 €/KG","img":"https://fd13-photos.leclercdrive.fr/image.ashx?id=2686543&use=l&cat=p&typeid=i","cat":284418},{"id":43310,"n":"Dessert végétal Sojasun Vanille - 6x100g","p":2.72,"u":"4,53 €/KG","img":"https://fd13-photos.leclercdrive.fr/image.ashx?id=2355695&use=l&cat=p&typeid=i","cat":316071},{"id":43330,"n":"Crème dessert chocolat Danette Pop billes magix - 4x120g","p":2.48,"u":"5,17 €/KG","img":"https://fd13-photos.leclercdrive.fr/image.ashx?id=2935717&use=l&cat=p&typeid=i","cat":285041},{"id":43341,"n":"Thon mariné Petit Navire Basilic - 110g","p":1.99,"u":"18,09 €/KG","img":"https://fd13-photos.leclercdrive.fr/image.ashx?id=2542965&use=l&cat=p&typeid=i","cat":303867},{"id":43349,"n":"Laurier feuille entière Ducros 17g","p":1.46,"u":"85,88 €/KG","img":"https://fd13-photos.leclercdrive.fr/image.ashx?id=2486566&use=l&cat=p&typeid=i","cat":298297},{"id":43350,"n":"Coriandre en feuilles Ducros 7g","p":1.34,"u":"191,43 €/KG","img":"https://fd13-photos.leclercdrive.fr/image.ashx?id=2486584&use=l&cat=p&typeid=i","cat":298297},{"id":43358,"n":"Sel fin Eco+ Boîte verseuse - 750g","p":0.53,"u":"0,71 €/KG","img":"https://fd13-photos.leclercdrive.fr/image.ashx?id=2974705&use=l&cat=p&typeid=i","cat":284457},{"id":43369,"n":"Boisson végétale avoine Bio  Bjorg- 1L","p":1.75,"u":"1,75 €/L","img":"https://fd13-photos.leclercdrive.fr/image.ashx?id=2939430&use=l&cat=p&typeid=i","cat":316067},{"id":43373,"n":"AOP Vin rouge  Alsace Pinot noir - 75 cl","p":5.99,"u":"7,99 €/L","img":"https://fd13-photos.leclercdrive.fr/image.ashx?id=2639261&use=l&cat=p&typeid=i","cat":289556},{"id":43381,"n":"Dessert liégeois Viennois  Chocolat - 12x100g","p":3.99,"u":"3,33 €/KG","img":"https://fd13-photos.leclercdrive.fr/image.ashx?id=2875987&use=l&cat=p&typeid=i","cat":285042},{"id":43394,"n":"Spaghetti  Tradizioni d'Italia n°118  Pasta di Gragnano 500g","p":1.79,"u":"3,58 €/KG","img":"https://fd13-photos.leclercdrive.fr/image.ashx?id=2247328&use=l&cat=p&typeid=i","cat":284427},{"id":43408,"n":"AOP Chinon vin rouge Les Caractères - 75cl","p":4.99,"u":"6,65 €/L","img":"https://fd13-photos.leclercdrive.fr/image.ashx?id=2745484&use=l&cat=p&typeid=i","cat":289556},{"id":43409,"n":"AOP Côtes de Bergerac moelleux Terrasses d'Autan - 75cl","p":3.7,"u":"4,93 €/L","img":"https://fd13-photos.leclercdrive.fr/image.ashx?id=2756152&use=l&cat=p&typeid=i","cat":289557},{"id":43410,"n":"AOC Corbières vin rouge Prieur Barsanne - 75cl","p":2.99,"u":"3,99 €/L","img":"https://fd13-photos.leclercdrive.fr/image.ashx?id=2228179&use=l&cat=p&typeid=i","cat":289556},{"id":43417,"n":"IGP Pays d'Oc blanc Roche Mazet Chardonnay 12.5% vol - 75cl","p":3.0,"pp":2.25,"u":"3,00 €/L","img":"https://fd13-photos.leclercdrive.fr/image.ashx?id=2991945&use=l&cat=p&typeid=i","cat":289557},{"id":43419,"n":"IGP Pays d'oc rosé Roche Mazet Merlot 12% vol - 75 cl","p":3.05,"u":"4,07 €/L","img":"https://fd13-photos.leclercdrive.fr/image.ashx?id=2342045&use=l&cat=p&typeid=i","cat":289558},{"id":43509,"n":"Ktipiti Tables du Monde 200g","p":1.69,"u":"8,45 €/KG","img":"https://fd13-photos.leclercdrive.fr/image.ashx?id=2872448&use=l&cat=p&typeid=i","cat":315999},{"id":43514,"n":"Limonade Bouteille - 1.5L","p":1.3,"u":"0,87 €/L","img":"https://fd13-photos.leclercdrive.fr/image.ashx?id=2558553&use=l&cat=p&typeid=i","cat":284531},{"id":43546,"n":"Truite Les éleveurs de Bretagne Fumée 4 tranches - 100g","p":4.76,"u":"47,60 €/KG","img":"https://fd13-photos.leclercdrive.fr/image.ashx?id=800521&use=l&cat=p&typeid=i","cat":285188},{"id":43602,"n":"Jus d'orange Jafaden Avec pulpe - 1.5L","p":3.39,"u":"2,26 €/L","img":"https://fd13-photos.leclercdrive.fr/image.ashx?id=2723144&use=l&cat=p&typeid=i","cat":285435},{"id":43604,"n":"Jus d'orange Jafaden Sans pulpe - 1.5L","p":3.13,"u":"2,09 €/L","img":"https://fd13-photos.leclercdrive.fr/image.ashx?id=2723147&use=l&cat=p&typeid=i","cat":285435},{"id":43617,"n":"Poivre gris moulu Ducros Classique - 36g","p":1.44,"u":"40,00 €/KG","img":"https://fd13-photos.leclercdrive.fr/image.ashx?id=2559475&use=l&cat=p&typeid=i","cat":284457},{"id":43618,"n":"Flocons d'avoine Quaker Oats 550g","p":1.64,"u":"2,98 €/KG","img":"https://fd13-photos.leclercdrive.fr/image.ashx?id=2140656&use=l&cat=p&typeid=i","cat":309512},{"id":43619,"n":"AOC Blaye Côtes de Bordeaux vin rouge Chantet Blanet - 75cl","p":3.8,"u":"5,07 €/L","img":"https://fd13-photos.leclercdrive.fr/image.ashx?id=2727395&use=l&cat=p&typeid=i","cat":289556},{"id":43621,"n":"Liquide vaisselle Uni vert Ecologique PSS 500ml","p":1.15,"u":"2,30 €/L","img":"https://fd13-photos.leclercdrive.fr/image.ashx?id=2999508&use=l&cat=p&typeid=i","cat":284655},{"id":43623,"n":"AOC Bordeaux vin rouge Chantet Blanet - 37,5cl","p":1.99,"u":"5,31 €/L","img":"https://fd13-photos.leclercdrive.fr/image.ashx?id=2718611&use=l&cat=p&typeid=i","cat":289556},{"id":43625,"n":"AOC Saint-Chinian vin rouge Prieur Barsanne - 75cl","p":3.49,"u":"4,65 €/L","img":"https://fd13-photos.leclercdrive.fr/image.ashx?id=2940914&use=l&cat=p&typeid=i","cat":289556},{"id":43626,"n":"AOC Faugères vin rouge Prieur Barsanne - 75cl","p":3.99,"u":"5,32 €/L","img":"https://fd13-photos.leclercdrive.fr/image.ashx?id=2921408&use=l&cat=p&typeid=i","cat":289556},{"id":43669,"n":"AOC Puisseguin Saint-Émilion vin rouge Chantet Blanet - 75cl","p":6.49,"u":"8,65 €/L","img":"https://fd13-photos.leclercdrive.fr/image.ashx?id=2676540&use=l&cat=p&typeid=i","cat":289556},{"id":43670,"n":"AOC Juliénas vin rouge Antoine Barrier - 75cl","p":6.99,"u":"9,32 €/L","img":"https://fd13-photos.leclercdrive.fr/image.ashx?id=2140028&use=l&cat=p&typeid=i","cat":289556},{"id":43684,"n":"Poires au sirop Saint Mamet  Boite - 2x455g","p":5.59,"u":"6,14 €/KG","img":"https://fd13-photos.leclercdrive.fr/image.ashx?id=804267&use=l&cat=p&typeid=i","cat":284507},{"id":43693,"n":"Couches Mots d'Enfants Activ+ T3 : 4/9kg - x47 changes","p":14.29,"u":"0,30 €/P","img":"https://fd13-photos.leclercdrive.fr/image.ashx?id=1928647&use=l&cat=p&typeid=i","cat":284737},{"id":43696,"n":"AOC Côtes du Marmandais vin rouge Terrasses d'Autan - 75cl","p":2.99,"u":"3,99 €/L","img":"https://fd13-photos.leclercdrive.fr/image.ashx?id=2750150&use=l&cat=p&typeid=i","cat":289556},{"id":43707,"n":"Laque Ultra-Forte L'Oréal Paris Thermoprotecteur - 150ml","p":5.19,"u":"34,60 €/L","img":"https://fd13-photos.leclercdrive.fr/image.ashx?id=2582237&use=l&cat=p&typeid=i","cat":284609},{"id":43718,"n":"Croquettes chat Whiskas Stérilisé saumon - 1,75kg","p":4.99,"u":"2,85 €/KG","img":"https://fd13-photos.leclercdrive.fr/image.ashx?id=2915597&use=l&cat=p&typeid=i","cat":284680},{"id":43719,"n":"Croquettes chat Whiskas Stérilisé poulet - 1.75kg","p":5.03,"u":"2,87 €/KG","img":"https://fd13-photos.leclercdrive.fr/image.ashx?id=2952872&use=l&cat=p&typeid=i","cat":284680},{"id":43758,"n":"AOP Brouilly vin rouge Antoine Barrier - 75cl","p":6.79,"u":"9,05 €/L","img":"https://fd13-photos.leclercdrive.fr/image.ashx?id=2140037&use=l&cat=p&typeid=i","cat":289556},{"id":43760,"n":"Biscuits fourrés Prince Vanille - 300g","p":1.38,"u":"4,60 €/KG","img":"https://fd13-photos.leclercdrive.fr/image.ashx?id=2907695&use=l&cat=p&typeid=i","cat":284488},{"id":43770,"n":"Après-shampooing Vitanov Nutrition - 750ml","p":4.08,"u":"5,44 €/L","img":"https://fd13-photos.leclercdrive.fr/image.ashx?id=1923583&use=l&cat=p&typeid=i","cat":284607},{"id":43771,"n":"Spray démelant  200ml","p":2.55,"u":"12,75 €/L","img":"https://fd13-photos.leclercdrive.fr/image.ashx?id=2712986&use=l&cat=p&typeid=i","cat":284608},{"id":43778,"n":"Morceaux de thon Listao Eco+ 130g","p":0.99,"u":"7,62 €/KG","img":"https://fd13-photos.leclercdrive.fr/image.ashx?id=2698141&use=l&cat=p&typeid=i","cat":303867},{"id":43780,"n":"AOC Anjou vin rouge Les Caractères - 75cl","p":4.35,"u":"5,80 €/L","img":"https://fd13-photos.leclercdrive.fr/image.ashx?id=2149019&use=l&cat=p&typeid=i","cat":289556},{"id":43781,"n":"Céréales Extra Kellogg's Chocolat Noir Noisettes - 800g","p":4.71,"u":"5,89 €/KG","img":"https://fd13-photos.leclercdrive.fr/image.ashx?id=2775026&use=l&cat=p&typeid=i","cat":309512},{"id":43816,"n":"Gourmandise Novi 198g","p":8.49,"pp":5.6,"u":"28,28 €/KG","img":"https://fd13-photos.leclercdrive.fr/image.ashx?id=2615179&use=l&cat=p&typeid=i","cat":327595},{"id":43818,"n":"Pralines Raffaello Noix de coco amandes x30 - 300g","p":8.05,"u":"26,83 €/KG","img":"https://fd13-photos.leclercdrive.fr/image.ashx?id=2922197&use=l&cat=p&typeid=i","cat":327595},{"id":43844,"n":"Friandises chats Tous mes amis Sticks au Poulet - 3x5g - 15g","p":0.56,"u":"37,33 €/KG","img":"https://fd13-photos.leclercdrive.fr/image.ashx?id=2858986&use=l&cat=p&typeid=i","cat":285285},{"id":43845,"n":"Friandises chats Tous mes amis Sticks au Saumon  - 3x5g - 15g","p":0.56,"u":"37,33 €/KG","img":"https://fd13-photos.leclercdrive.fr/image.ashx?id=2858989&use=l&cat=p&typeid=i","cat":285285},{"id":43895,"n":"AOC Ventoux vin rosé Rives & Terrasses - 75cl","p":2.99,"u":"3,99 €/L","img":"https://fd13-photos.leclercdrive.fr/image.ashx?id=1618772&use=l&cat=p&typeid=i","cat":289558},{"id":43924,"n":"AOP Vin blanc italien  Prosecco Vilaveroni 75cl","p":7.62,"u":"10,16 €/L","img":"https://fd13-photos.leclercdrive.fr/image.ashx?id=2492351&use=l&cat=p&typeid=i","cat":289461},{"id":43930,"n":"Vin mousseux blanc Festillant Sans alcool - 75cl","p":3.67,"u":"4,89 €/L","img":"https://fd13-photos.leclercdrive.fr/image.ashx?id=2980899&use=l&cat=p&typeid=i","cat":289460},{"id":43938,"n":"Champagne Victoire Martel Brut 12%vol - 75cl","p":22.9,"u":"30,53 €/L","img":"https://fd13-photos.leclercdrive.fr/image.ashx?id=2050132&use=l&cat=p&typeid=i","cat":284542},{"id":43943,"n":"Champagne Cordon rouge Mumm Millésime - 75cl","p":37.95,"pp":34.95,"u":"46,60 €/L","img":"https://fd13-photos.leclercdrive.fr/image.ashx?id=2953758&use=l&cat=p&typeid=i","cat":284542},{"id":43944,"n":"Champagne rosé G.H. Mumm Brut - 12%vol - 75cl","p":35.9,"pp":32.9,"u":"43,87 €/L","img":"https://fd13-photos.leclercdrive.fr/image.ashx?id=2998913&use=l&cat=p&typeid=i","cat":284542},{"id":43949,"n":"Vin mousseux blanc Paul Robin  Prestige - 75cl","p":4.29,"u":"5,72 €/L","img":"https://fd13-photos.leclercdrive.fr/image.ashx?id=1609160&use=l&cat=p&typeid=i","cat":289557},{"id":44010,"n":"Soda Breizh Cola Bouteille - 1,5L","p":1.95,"u":"1,30 €/L","img":"https://fd13-photos.leclercdrive.fr/image.ashx?id=2458670&use=l&cat=p&typeid=i","cat":284530},{"id":44011,"n":"Soda Breizh Cola Bouteille - 6x1,5L","p":11.64,"u":"1,29 €/L","img":"https://fd13-photos.leclercdrive.fr/image.ashx?id=1654086&use=l&cat=p&typeid=i","cat":284530},{"id":44016,"n":"Bocal Morilles extra séchées   Borde - 25g","p":14.99,"pp":9.89,"u":"395,60 €/KG","img":"https://fd13-photos.leclercdrive.fr/image.ashx?id=2731081&use=l&cat=p&typeid=i","cat":284352},{"id":44021,"n":"AOP Beaujolais Nouveau Château Montclair Rouge  75cl","p":5.62,"u":"7,49 €/L","img":"https://fd13-photos.leclercdrive.fr/image.ashx?id=804727&use=l&cat=p&typeid=i","cat":289556},{"id":44039,"n":"Soufflés Grignot' Tokapi Barbecue - 90g","p":0.99,"u":"11,00 €/KG","img":"https://fd13-photos.leclercdrive.fr/image.ashx?id=2059486&use=l&cat=p&typeid=i","cat":284449},{"id":44040,"n":"Soufflé grignot' Tokapi  jambon fromage 90g","p":0.89,"u":"9,89 €/KG","img":"https://fd13-photos.leclercdrive.fr/image.ashx?id=2059489&use=l&cat=p&typeid=i","cat":284449},{"id":44057,"n":"Soufflés Tornades 3D Goût emmental - 85g","p":0.69,"u":"8,12 €/KG","img":"https://fd13-photos.leclercdrive.fr/image.ashx?id=2900139&use=l&cat=p&typeid=i","cat":284449},{"id":44081,"n":"Eau aromatisée Volvic Juicy Fraise - 1,5L","p":1.36,"u":"0,91 €/L","img":"https://fd13-photos.leclercdrive.fr/image.ashx?id=2964664&use=l&cat=p&typeid=i","cat":284537},{"id":44082,"n":"Eau aromatisée Volvic juicy Fruits exotiques - 1,5L","p":1.34,"u":"0,89 €/L","img":"https://fd13-photos.leclercdrive.fr/image.ashx?id=2964667&use=l&cat=p&typeid=i","cat":284537},{"id":44083,"n":"Eau gazeuse  Badoit verte finement pétillante - 6x1l","p":3.69,"u":"0,62 €/L","img":"https://fd13-photos.leclercdrive.fr/image.ashx?id=2919259&use=l&cat=p&typeid=i","cat":284536},{"id":44085,"n":"Petit quatre quarts Bonne Maman x10 - 300g","p":2.81,"u":"9,37 €/KG","img":"https://fd13-photos.leclercdrive.fr/image.ashx?id=2936149&use=l&cat=p&typeid=i","cat":284492},{"id":44090,"n":"AOP Monbazillac vin blanc Moelleux Terrasses d'Autan-75cl","p":6.99,"u":"9,32 €/L","img":"https://fd13-photos.leclercdrive.fr/image.ashx?id=2756873&use=l&cat=p&typeid=i","cat":289557},{"id":44091,"n":"AOC Côtes du Rhône Villages vin rouge Rives & Terrasses - 75cl","p":3.89,"u":"5,19 €/L","img":"https://fd13-photos.leclercdrive.fr/image.ashx?id=2755064&use=l&cat=p&typeid=i","cat":289556},{"id":44092,"n":"AOC Lalande-de-Pomerol vin rouge Chantet Blanet - 75cl","p":8.49,"u":"11,32 €/L","img":"https://fd13-photos.leclercdrive.fr/image.ashx?id=2604990&use=l&cat=p&typeid=i","cat":289556},{"id":44093,"n":"AOC Haut-Médoc vin rouge Chantet Blanet - 75cl","p":4.99,"u":"6,65 €/L","img":"https://fd13-photos.leclercdrive.fr/image.ashx?id=2236341&use=l&cat=p&typeid=i","cat":289556},{"id":44094,"n":"Bière blonde Leffe 6,6% - 50cl canette","p":1.54,"u":"3,08 €/L","img":"https://fd13-photos.leclercdrive.fr/image.ashx?id=2948417&use=l&cat=p&typeid=i","cat":334853},{"id":44095,"n":"Bière blonde Leffe 6,6% - 75cl","p":2.61,"u":"3,48 €/L","img":"https://fd13-photos.leclercdrive.fr/image.ashx?id=1720789&use=l&cat=p&typeid=i","cat":334852},{"id":44096,"n":"Fond pour rotis 110g","p":2.16,"u":"19,64 €/KG","img":"https://fd13-photos.leclercdrive.fr/image.ashx?id=2970453&use=l&cat=p&typeid=i","cat":288379},{"id":44097,"n":"Quinoa 500g","p":2.99,"u":"5,98 €/KG","img":"https://fd13-photos.leclercdrive.fr/image.ashx?id=3012845&use=l&cat=p&typeid=i","cat":284429},{"id":44168,"n":"Guacamole en pot 300g","p":1.75,"u":"5,83 €/KG","img":"https://fd13-photos.leclercdrive.fr/image.ashx?id=2466072&use=l&cat=p&typeid=i","cat":288993},{"id":44170,"n":"Assaisonnement pour Fajitas Mélange d'épices - 30g","p":1.09,"u":"36,33 €/KG","img":"https://fd13-photos.leclercdrive.fr/image.ashx?id=2477565&use=l&cat=p&typeid=i","cat":288993},{"id":44171,"n":"6 wraps de blé nature 370g","p":1.95,"u":"5,27 €/KG","img":"https://fd13-photos.leclercdrive.fr/image.ashx?id=2679741&use=l&cat=p&typeid=i","cat":288993},{"id":44173,"n":"Après-shampooing Nateis Cheveux colorés - 250ml","p":1.63,"u":"6,52 €/L","img":"https://fd13-photos.leclercdrive.fr/image.ashx?id=2626808&use=l&cat=p&typeid=i","cat":284607},{"id":44174,"n":"Après-shampooing doux Nateis Cheveux secs - 250ml","p":1.45,"u":"5,80 €/KG","img":"https://fd13-photos.leclercdrive.fr/image.ashx?id=2626811&use=l&cat=p&typeid=i","cat":284607},{"id":44175,"n":"Masque nourrisant Natéïs Cheuveux secs et frisés - 300ml","p":2.63,"u":"8,77 €/L","img":"https://fd13-photos.leclercdrive.fr/image.ashx?id=1875848&use=l&cat=p&typeid=i","cat":284608},{"id":44178,"n":"Lessive poudre main Epsil 450g","p":0.97,"u":"2,16 €/KG","img":"https://fd13-photos.leclercdrive.fr/image.ashx?id=2838930&use=l&cat=p&typeid=i","cat":284643},{"id":44179,"n":"Sachets détachants Texil Anti-transferts - x12","p":4.42,"u":"0,37 €/P","img":"https://fd13-photos.leclercdrive.fr/image.ashx?id=2958741&use=l&cat=p&typeid=i","cat":284651},{"id":44181,"n":"Poivrons grillés Florelli Antipasti - 280g","p":3.16,"u":"11,29 €/KG","img":"https://fd13-photos.leclercdrive.fr/image.ashx?id=2633091&use=l&cat=p&typeid=i","cat":289010},{"id":44183,"n":"Tortillas Old El Paso de blé nature x8 - 326g","p":2.29,"u":"7,02 €/KG","img":"https://fd13-photos.leclercdrive.fr/image.ashx?id=2737642&use=l&cat=p&typeid=i","cat":288993},{"id":44184,"n":"Kit fajitas Old El Paso Original doux - 500g","p":4.46,"u":"8,92 €/KG","img":"https://fd13-photos.leclercdrive.fr/image.ashx?id=2940576&use=l&cat=p&typeid=i","cat":288993},{"id":44185,"n":"Kit Burritos Old El Paso Original paprika doux - 510g","p":5.17,"u":"10,14 €/KG","img":"https://fd13-photos.leclercdrive.fr/image.ashx?id=2940579&use=l&cat=p&typeid=i","cat":288993},{"id":44186,"n":"Kit Enchiladas Old El Paso au four doux - 657g","p":5.03,"u":"7,66 €/KG","img":"https://fd13-photos.leclercdrive.fr/image.ashx?id=2759502&use=l&cat=p&typeid=i","cat":288993},{"id":44195,"n":"Détachant avant lavage K2R  Action complète pistolet -750ml","p":3.27,"u":"4,36 €/L","img":"https://fd13-photos.leclercdrive.fr/image.ashx?id=2101180&use=l&cat=p&typeid=i","cat":284651},{"id":44197,"n":"Couches Activ+ Mots d'Enfants T4 : 7/18kg - x39 changes","p":12.89,"u":"0,33 €/P","img":"https://fd13-photos.leclercdrive.fr/image.ashx?id=2699489&use=l&cat=p&typeid=i","cat":284737},{"id":44198,"n":"Déodorant Carré Homme Vetiver Attirant - 100ml","p":1.12,"u":"11,20 €/L","img":"https://fd13-photos.leclercdrive.fr/image.ashx?id=2440751&use=l&cat=p&typeid=i","cat":284618},{"id":44273,"n":"Miettes de thon Petit Navire À l'huile d'olive - 160g","p":2.45,"u":"15,31 €/KG","img":"https://fd13-photos.leclercdrive.fr/image.ashx?id=2519642&use=l&cat=p&typeid=i","cat":303867},{"id":44278,"n":"Ravioli bolognaise Panzani - 400g","p":2.44,"u":"6,10 €/KG","img":"https://fd13-photos.leclercdrive.fr/image.ashx?id=2876059&use=l&cat=p&typeid=i","cat":284442},{"id":44279,"n":"Fromage apéritif Apericube Panier de campagne 24 cubes","p":2.39,"u":"19,12 €/KG","img":"https://fd13-photos.leclercdrive.fr/image.ashx?id=2882656&use=l&cat=p&typeid=i","cat":314027},{"id":44285,"n":"Thon cuisiné Saupiquet  sauce catalane 1/6 2x135g","p":2.1,"u":"7,78 €/KG","img":"https://fd13-photos.leclercdrive.fr/image.ashx?id=2731549&use=l&cat=p&typeid=i","cat":303867},{"id":44293,"n":"Emmental râpé  Entremont  français 160g","p":1.81,"u":"11,31 €/KG","img":"https://fd13-photos.leclercdrive.fr/image.ashx?id=2983153&use=l&cat=p&typeid=i","cat":314035},{"id":44296,"n":"Fromage Rouy 25%mg - 200g","p":3.08,"u":"15,40 €/KG","img":"https://fd13-photos.leclercdrive.fr/image.ashx?id=2450814&use=l&cat=p&typeid=i","cat":329558},{"id":44298,"n":"L'Ortolan familial  Fromagerie Milleret-  330g","p":3.23,"u":"9,79 €/KG","img":"https://fd13-photos.leclercdrive.fr/image.ashx?id=2226400&use=l&cat=p&typeid=i","cat":314033},{"id":44299,"n":"Fromage à Tartiner Tartare  Ail et fines herbes - 250g","p":2.8,"u":"11,20 €/KG","img":"https://fd13-photos.leclercdrive.fr/image.ashx?id=2903170&use=l&cat=p&typeid=i","cat":314029},{"id":44300,"n":"Mini bûches de chèvre Soignon x6 - 150g","p":2.54,"u":"16,93 €/KG","img":"https://fd13-photos.leclercdrive.fr/image.ashx?id=2646560&use=l&cat=p&typeid=i","cat":314030},{"id":44302,"n":"Fromage Tranché Les Croisés au lait de vache 23%MG - 200g","p":1.99,"u":"9,95 €/KG","img":"https://fd13-photos.leclercdrive.fr/image.ashx?id=2302570&use=l&cat=p&typeid=i","cat":314026},{"id":44307,"n":"Fromage Tomme noire NRT IGP  des Pyrénées - 200g","p":2.45,"u":"12,25 €/KG","img":"https://fd13-photos.leclercdrive.fr/image.ashx?id=2849596&use=l&cat=p&typeid=i","cat":329184},{"id":44326,"n":"Cidre fermier brut Henriot 4.5%vol. - 75cl","p":2.99,"u":"3,99 €/L","img":"https://fd13-photos.leclercdrive.fr/image.ashx?id=2461929&use=l&cat=p&typeid=i","cat":334880},{"id":44327,"n":"Vin Union Européenne rosé Le Tonnelier - BIB 5L","p":8.95,"u":"1,79 €/L","img":"https://fd13-photos.leclercdrive.fr/image.ashx?id=2107474&use=l&cat=p&typeid=i","cat":289560},{"id":44330,"n":"IGP Pays d'Oc blanc Roche Mazet Chardonnay 12% vol BIB 3L","p":10.98,"u":"3,66 €/L","img":"https://fd13-photos.leclercdrive.fr/image.ashx?id=2597130&use=l&cat=p&typeid=i","cat":289557},{"id":44336,"n":"Savon Noir liquide Briochin Ecocert - 1L","p":2.69,"u":"2,69 €/L","img":"https://fd13-photos.leclercdrive.fr/image.ashx?id=3011389&use=l&cat=p&typeid=i","cat":325365},{"id":44342,"n":"Eau de cologne Bien Etre  Verveine, Romarin - 250ml","p":4.44,"u":"17,76 €/L","img":"https://fd13-photos.leclercdrive.fr/image.ashx?id=2353668&use=l&cat=p&typeid=i","cat":291525},{"id":44350,"n":"Matière grasse 55%MG Primevère à tartiner - 1/2sel - 500g","p":3.1,"u":"6,20 €/KG","img":"https://fd13-photos.leclercdrive.fr/image.ashx?id=1740281&use=l&cat=p&typeid=i","cat":315229},{"id":44351,"n":"Margarine Le Fleurier  1/2sel - 250g","p":2.36,"u":"9,44 €/KG","img":"https://fd13-photos.leclercdrive.fr/image.ashx?id=2734069&use=l&cat=p&typeid=i","cat":315229},{"id":44354,"n":"Préfou chorizo Paso 350g","p":4.28,"u":"12,23 €/KG","img":"https://fd13-photos.leclercdrive.fr/image.ashx?id=2332627&use=l&cat=p&typeid=i","cat":316003},{"id":44355,"n":"Sandwich Baguette Mega Viennois  Sodebo Poulet Œuf - 270g","p":1.71,"u":"6,33 €/KG","img":"https://fd13-photos.leclercdrive.fr/image.ashx?id=2732392&use=l&cat=p&typeid=i","cat":333658},{"id":44357,"n":"Sauce Hollandaise Gastromer Gastronomie de la mer - 200g","p":1.47,"u":"7,35 €/KG","img":"https://fd13-photos.leclercdrive.fr/image.ashx?id=2504659&use=l&cat=p&typeid=i","cat":284382},{"id":44361,"n":"Chocolat Pâtissier Nestlé Dessert : Noir - 205g","p":3.0,"u":"14,63 €/KG","img":"https://fd13-photos.leclercdrive.fr/image.ashx?id=2938920&use=l&cat=p&typeid=i","cat":285562},{"id":44368,"n":"Dentifrice mini voyage Dentamyl Haleine fraiche - 25ml","p":1.6,"u":"64,00 €/L","img":"https://fd13-photos.leclercdrive.fr/image.ashx?id=2658581&use=l&cat=p&typeid=i","cat":284612},{"id":44371,"n":"Préservatif classiques Plug'in x6","p":1.1,"u":"0,18 €/P","img":"https://fd13-photos.leclercdrive.fr/image.ashx?id=2856202&use=l&cat=p&typeid=i","cat":284631},{"id":44416,"n":"AOP Cheverny Vin blanc Domaine du Salvard - 75cl","p":8.3,"u":"11,07 €/L","img":"https://fd13-photos.leclercdrive.fr/image.ashx?id=2108018&use=l&cat=p&typeid=i","cat":289557},{"id":44423,"n":"IGP Côtes de Gascogne blanc Domus UBY 11,5% vol - 75cl","p":4.7,"u":"6,27 €/L","img":"https://fd13-photos.leclercdrive.fr/image.ashx?id=2108915&use=l&cat=p&typeid=i","cat":289557},{"id":44425,"n":"DOC Prosecco 75cl","p":7.5,"u":"10,00 €/L","img":"https://fd13-photos.leclercdrive.fr/image.ashx?id=1622199&use=l&cat=p&typeid=i","cat":289461},{"id":44432,"n":"AOP Vouvray Greffe excellence Blanc brut - 75cl","p":6.9,"u":"9,20 €/L","img":"https://fd13-photos.leclercdrive.fr/image.ashx?id=2899410&use=l&cat=p&typeid=i","cat":289557},{"id":44434,"n":"Nectar Bio Pressade Multifruits - 1,5L","p":2.26,"u":"1,51 €/L","img":"https://fd13-photos.leclercdrive.fr/image.ashx?id=2732533&use=l&cat=p&typeid=i","cat":284917},{"id":44437,"n":"AOC Buzet vin rouge Terrasses d'Autan - 75cl","p":3.99,"u":"5,32 €/L","img":"https://fd13-photos.leclercdrive.fr/image.ashx?id=2242823&use=l&cat=p&typeid=i","cat":289556},{"id":44504,"n":"Réveille pas papa Dès 4 ans - 2 à 4 joueurs","p":18.5,"u":"Dont 0,10 € d'éco-part.","img":"https://fd13-photos.leclercdrive.fr/image.ashx?id=1723793&use=l&cat=p&typeid=i","cat":334378},{"id":44510,"n":"Mille Bornes + plateau Dès 5 ans - 2 à 8 joueurs","p":24.55,"img":"https://fd13-photos.leclercdrive.fr/image.ashx?id=2359225&use=l&cat=p&typeid=i","cat":334378},{"id":44512,"n":"Poupon Cicciobello - Bobo Dès 3 ans","p":68.9,"u":"Dont 0,13 € d'éco-part.","img":"https://fd13-photos.leclercdrive.fr/image.ashx?id=2609079&use=l&cat=p&typeid=i","cat":334379},{"id":44517,"n":"Croque Carotte Dès 4 ans","p":19.5,"img":"https://fd13-photos.leclercdrive.fr/image.ashx?id=2937667&use=l&cat=p&typeid=i","cat":334378},{"id":44567,"n":"Oeufs de Nos Régions Plein air Oméga 3 - x6","p":1.52,"u":"0,25 €/P","img":"https://fd13-photos.leclercdrive.fr/image.ashx?id=2670959&use=l&cat=p&typeid=i","cat":284378},{"id":44568,"n":"Oeufs frais De Nos Régions  Oméga 3 - Plein Air - x12","p":2.88,"u":"0,24 €/P","img":"https://fd13-photos.leclercdrive.fr/image.ashx?id=2969785&use=l&cat=p&typeid=i","cat":284378},{"id":44578,"n":"Madeleines Saint Michel Pépites chocolat 400g","p":1.91,"u":"4,78 €/KG","img":"https://fd13-photos.leclercdrive.fr/image.ashx?id=2936200&use=l&cat=p&typeid=i","cat":284492},{"id":44656,"n":"Couette standard Tissaia  Chaude - 200x200cm","p":32.95,"u":"Dont 0,40 € d'éco-part.","img":"https://fd13-photos.leclercdrive.fr/image.ashx?id=2648445&use=l&cat=p&typeid=i","cat":288835},{"id":44657,"n":"Bière blonde Leffe Rituel 9% - 12x25cl","p":9.56,"u":"3,19 €/L","img":"https://fd13-photos.leclercdrive.fr/image.ashx?id=2548288&use=l&cat=p&typeid=i","cat":334852},{"id":44685,"n":"Chaussettes Homme ultra courtes Sport,  blanc T39/42 - x3","p":4.65,"u":"1,55 €/P","img":"https://fd13-photos.leclercdrive.fr/image.ashx?id=816730&use=l&cat=p&typeid=i","cat":334130},{"id":44706,"n":"Palets bretons P'tit Déli 2x125g","p":1.84,"u":"7,36 €/KG","img":"https://fd13-photos.leclercdrive.fr/image.ashx?id=2820134&use=l&cat=p&typeid=i","cat":284487},{"id":44745,"n":"Mini boulettes au boeuf Férial  x50 - 750g","p":7.9,"u":"10,53 €/KG","img":"https://fd13-photos.leclercdrive.fr/image.ashx?id=2966511&use=l&cat=p&typeid=i","cat":319779},{"id":44746,"n":"Glace Mystère Extrême Vanille Meringue x4 308.6g","p":4.51,"u":"14,60 €/KG","img":"https://fd13-photos.leclercdrive.fr/image.ashx?id=2878375&use=l&cat=p&typeid=i","cat":284266},{"id":44767,"n":"Dés Gouda cumin Les Croisés 30%MG - 150g","p":1.95,"u":"13,00 €/KG","img":"https://fd13-photos.leclercdrive.fr/image.ashx?id=2532844&use=l&cat=p&typeid=i","cat":314027},{"id":44770,"n":"Steak haché Férial  5%mg x4 - 400g","p":7.11,"u":"17,78 €/KG","img":"https://fd13-photos.leclercdrive.fr/image.ashx?id=2704523&use=l&cat=p&typeid=i","cat":319778},{"id":44808,"n":"AOC Côtes du Rhône rouge BIO Rives & Terrasses - 75cl","p":3.99,"u":"5,32 €/L","img":"https://fd13-photos.leclercdrive.fr/image.ashx?id=2928318&use=l&cat=p&typeid=i","cat":289556},{"id":44865,"n":"Dessert fruits mixés Sojasun Abricot / Goyave - 4x100g","p":1.58,"u":"3,95 €/KG","img":"https://fd13-photos.leclercdrive.fr/image.ashx?id=2355668&use=l&cat=p&typeid=i","cat":316071},{"id":44884,"n":"Soupe Mouliné Bio Village Bio - Légumes variés - 1L","p":1.97,"u":"1,97 €/L","img":"https://fd13-photos.leclercdrive.fr/image.ashx?id=2376115&use=l&cat=p&typeid=i","cat":284462},{"id":44885,"n":"Velouté de légumes Bio Village Bio - 1L","p":2.99,"u":"2,99 €/L","img":"https://fd13-photos.leclercdrive.fr/image.ashx?id=2339879&use=l&cat=p&typeid=i","cat":284462},{"id":44896,"n":"Café moulu Lobodis  Bolivie Bio - 260g","p":5.99,"u":"23,04 €/KG","img":"https://fd13-photos.leclercdrive.fr/image.ashx?id=2638892&use=l&cat=p&typeid=i","cat":284750},{"id":44897,"n":"Café moulu Lobodis  Ethiopie - 260g","p":5.99,"u":"23,04 €/KG","img":"https://fd13-photos.leclercdrive.fr/image.ashx?id=2638889&use=l&cat=p&typeid=i","cat":284750},{"id":44910,"n":"Crème dessert La Laitière Pot de crème chocolat - 8x100g","p":4.14,"u":"5,18 €/KG","img":"https://fd13-photos.leclercdrive.fr/image.ashx?id=2692116&use=l&cat=p&typeid=i","cat":285041},{"id":44911,"n":"Crème dessert La Laitière Pot de crème vanille - 8x100g","p":4.15,"u":"5,19 €/KG","img":"https://fd13-photos.leclercdrive.fr/image.ashx?id=2692119&use=l&cat=p&typeid=i","cat":285041},{"id":44933,"n":"Beurre Elle&Vire Condé sur Vire Demi-Sel - 80% MG - 500g","p":5.76,"u":"11,52 €/KG","img":"https://fd13-photos.leclercdrive.fr/image.ashx?id=2851917&use=l&cat=p&typeid=i","cat":284379},{"id":44939,"n":"Mini gratins Côté Table Pomme de terre salardaise 400g","p":3.9,"u":"9,75 €/KG","img":"https://fd13-photos.leclercdrive.fr/image.ashx?id=2641289&use=l&cat=p&typeid=i","cat":319802},{"id":44941,"n":"Mini gratins Côté Table Pomme de terre Epinard  x4 480g","p":3.79,"u":"7,90 €/KG","img":"https://fd13-photos.leclercdrive.fr/image.ashx?id=1216254&use=l&cat=p&typeid=i","cat":319802},{"id":44942,"n":"Mini gratins Côté Table Pomme de terre Champignons 400g","p":3.73,"u":"9,33 €/KG","img":"https://fd13-photos.leclercdrive.fr/image.ashx?id=2074431&use=l&cat=p&typeid=i","cat":319802},{"id":44947,"n":"Pâtes Tagliatelle Panzani Qualité Pâtes Fraîche - 400G","p":1.72,"u":"4,30 €/KG","img":"https://fd13-photos.leclercdrive.fr/image.ashx?id=2872856&use=l&cat=p&typeid=i","cat":284427},{"id":44948,"n":"Pâtes Fetucine Panzani Qualité Pâtes Fraîche - 400G","p":1.73,"u":"4,33 €/KG","img":"https://fd13-photos.leclercdrive.fr/image.ashx?id=2902948&use=l&cat=p&typeid=i","cat":284427},{"id":44953,"n":"Pâtes Sans gluten Barilla Spaghetti - 400g","p":1.89,"u":"4,73 €/KG","img":"https://fd13-photos.leclercdrive.fr/image.ashx?id=2647639&use=l&cat=p&typeid=i","cat":284427},{"id":44959,"n":"Lingettes démaquillantes Inell Eau micellaire x25","p":0.69,"u":"0,03 €/P","img":"https://fd13-photos.leclercdrive.fr/image.ashx?id=2163880&use=l&cat=p&typeid=i","cat":284603},{"id":44963,"n":"Stick lèvres Inell Miss pink - 1 pièce","p":1.69,"img":"https://fd13-photos.leclercdrive.fr/image.ashx?id=2691673&use=l&cat=p&typeid=i","cat":285485},{"id":44964,"n":"Alèses absorbantes Chorys 60x90cm - x16","p":6.99,"u":"0,44 €/P","img":"https://fd13-photos.leclercdrive.fr/image.ashx?id=2860076&use=l&cat=p&typeid=i","cat":284628},{"id":44965,"n":"Lingettes Hygiène Adulte Chorys x64","p":3.59,"u":"0,06 €/P","img":"https://fd13-photos.leclercdrive.fr/image.ashx?id=2498934&use=l&cat=p&typeid=i","cat":284627},{"id":44967,"n":"Culottes bébé Mots d'Enfants  T5 : 12/18kg - x20 changes","p":5.45,"u":"0,27 €/P","img":"https://fd13-photos.leclercdrive.fr/image.ashx?id=2904580&use=l&cat=p&typeid=i","cat":290633},{"id":44968,"n":"Culottes bébé Mots d'Enfants  T6 : 16kg - x18 changes","p":4.99,"u":"0,28 €/P","img":"https://fd13-photos.leclercdrive.fr/image.ashx?id=2907201&use=l&cat=p&typeid=i","cat":290633},{"id":44976,"n":"Masque nourrisant Natéïs Cheveux secs ou abîmés - 300ml","p":2.63,"u":"8,77 €/L","img":"https://fd13-photos.leclercdrive.fr/image.ashx?id=2387340&use=l&cat=p&typeid=i","cat":284608},{"id":44977,"n":"Mousse nettoyante Inell Peaux sensibles 150ml","p":2.99,"u":"19,93 €/L","img":"https://fd13-photos.leclercdrive.fr/image.ashx?id=1993200&use=l&cat=p&typeid=i","cat":284603},{"id":44980,"n":"Gel lave-vaisselle Visior Classique x75 - 1,5L","p":4.75,"u":"3,17 €/L","img":"https://fd13-photos.leclercdrive.fr/image.ashx?id=2939061&use=l&cat=p&typeid=i","cat":284656},{"id":44982,"n":"Papier toilette Lotus Just.1 Rouleaux blancs - x6","p":4.02,"u":"0,67 €/P","img":"https://fd13-photos.leclercdrive.fr/image.ashx?id=2842915&use=l&cat=p&typeid=i","cat":284634},{"id":45005,"n":"Fond de veau Rustica dégraissé 100g","p":2.16,"u":"21,60 €/KG","img":"https://fd13-photos.leclercdrive.fr/image.ashx?id=2979571&use=l&cat=p&typeid=i","cat":288379},{"id":45009,"n":"Cacahuètes grillées Tokapi salées 3x120g","p":1.49,"u":"4,14 €/KG","img":"https://fd13-photos.leclercdrive.fr/image.ashx?id=2799769&use=l&cat=p&typeid=i","cat":284448},{"id":45014,"n":"AOC Touraine vin rouge Les Caractères - 75cl","p":4.49,"u":"5,99 €/L","img":"https://fd13-photos.leclercdrive.fr/image.ashx?id=2946187&use=l&cat=p&typeid=i","cat":289556},{"id":45015,"n":"Biscuits P'tit Déli Pépites de chocolat 300g","p":2.49,"u":"8,30 €/KG","img":"https://fd13-photos.leclercdrive.fr/image.ashx?id=2390425&use=l&cat=p&typeid=i","cat":284487},{"id":45016,"n":"AOC Médoc vin rouge Chantet Blanet - 75cl","p":3.99,"u":"5,32 €/L","img":"https://fd13-photos.leclercdrive.fr/image.ashx?id=2483554&use=l&cat=p&typeid=i","cat":289556},{"id":45020,"n":"AOC Fitou vin rouge Prieur Barsanne - 75cl","p":3.99,"u":"5,32 €/L","img":"https://fd13-photos.leclercdrive.fr/image.ashx?id=2562745&use=l&cat=p&typeid=i","cat":289556},{"id":45023,"n":"AOC Moulin-à-Vent vin rouge Antoine Barrier - 75cl","p":7.75,"u":"10,33 €/L","img":"https://fd13-photos.leclercdrive.fr/image.ashx?id=2140031&use=l&cat=p&typeid=i","cat":289556},{"id":45024,"n":"AOC Mâcon Villages vin blanc Antoine Barrier - 75cl","p":7.49,"u":"9,99 €/L","img":"https://fd13-photos.leclercdrive.fr/image.ashx?id=1668378&use=l&cat=p&typeid=i","cat":289557},{"id":45025,"n":"AOC Saumur-Champigny vin rouge Les Caractères - 37,5cl","p":3.49,"u":"9,31 €/L","img":"https://fd13-photos.leclercdrive.fr/image.ashx?id=2745475&use=l&cat=p&typeid=i","cat":289556},{"id":45033,"n":"AOC Côtes du Rhône vin blanc Rives & Terrasses - 75cl","p":3.99,"u":"5,32 €/L","img":"https://fd13-photos.leclercdrive.fr/image.ashx?id=2856326&use=l&cat=p&typeid=i","cat":289557},{"id":45034,"n":"AOC Crozes-Hermitage vin rouge Rives & Terrasses - 75cl","p":9.99,"u":"13,32 €/L","img":"https://fd13-photos.leclercdrive.fr/image.ashx?id=2801792&use=l&cat=p&typeid=i","cat":289556},{"id":45036,"n":"AOC Alsace Riesling vin blanc Rebmann - 37,5 cl","p":3.25,"u":"8,67 €/L","img":"https://fd13-photos.leclercdrive.fr/image.ashx?id=2754216&use=l&cat=p&typeid=i","cat":289557},{"id":45038,"n":"AOP Côtes du Rhône vin rouge Grégoire XI - 75 cl","p":2.99,"u":"3,99 €/L","img":"https://fd13-photos.leclercdrive.fr/image.ashx?id=2709701&use=l&cat=p&typeid=i","cat":289556},{"id":45045,"n":"AOC Côtes de Bourg vin rouge Chantet Blanet - 37,5cl","p":2.49,"u":"6,64 €/L","img":"https://fd13-photos.leclercdrive.fr/image.ashx?id=2913709&use=l&cat=p&typeid=i","cat":289556},{"id":45049,"n":"AOP Cahors vin rouge Terrasses d'Autan - 75cl","p":3.89,"u":"5,19 €/L","img":"https://fd13-photos.leclercdrive.fr/image.ashx?id=2457683&use=l&cat=p&typeid=i","cat":289556},{"id":45050,"n":"AOP Bourgogne Pinot noir vin rouge Antoine Barrier - 75cl","p":7.99,"u":"10,65 €/L","img":"https://fd13-photos.leclercdrive.fr/image.ashx?id=2694106&use=l&cat=p&typeid=i","cat":289556},{"id":45051,"n":"AOP Chablis vin blanc Antoine Barrier - 75cl","p":12.99,"u":"17,32 €/L","img":"https://fd13-photos.leclercdrive.fr/image.ashx?id=2939067&use=l&cat=p&typeid=i","cat":289557},{"id":45052,"n":"Velouté Régal Soupe Potiron Châtaigne - 1L","p":2.46,"u":"2,46 €/L","img":"https://fd13-photos.leclercdrive.fr/image.ashx?id=2607569&use=l&cat=p&typeid=i","cat":284462},{"id":45063,"n":"Biscuits sablés P'tit Déli Noix de coco - 120g","p":0.85,"u":"7,08 €/KG","img":"https://fd13-photos.leclercdrive.fr/image.ashx?id=2389533&use=l&cat=p&typeid=i","cat":284487},{"id":45065,"n":"Bretzels d'alsace NRT sachet 200g","p":0.74,"u":"3,70 €/KG","img":"https://fd13-photos.leclercdrive.fr/image.ashx?id=2638018&use=l&cat=p&typeid=i","cat":297000},{"id":45101,"n":"Carrés de soin Mots d'Enfants Bébés - x100","p":1.99,"u":"0,02 €/P","img":"https://fd13-photos.leclercdrive.fr/image.ashx?id=3014245&use=l&cat=p&typeid=i","cat":284739},{"id":45102,"n":"Culottes bébé Mots d'Enfants  T4 : 8/15kg - x22 changes","p":5.35,"u":"0,24 €/P","img":"https://fd13-photos.leclercdrive.fr/image.ashx?id=2487159&use=l&cat=p&typeid=i","cat":290633},{"id":45136,"n":"Biscuit sablé bio Céréal Bio  Miel citron sarrasin - 132g","p":1.55,"u":"11,74 €/KG","img":"https://fd13-photos.leclercdrive.fr/image.ashx?id=2574059&use=l&cat=p&typeid=i","cat":284487},{"id":45138,"n":"Biscuits Bio Bjorg complets P'tit nature - 200g","p":1.55,"u":"7,75 €/KG","img":"https://fd13-photos.leclercdrive.fr/image.ashx?id=2906157&use=l&cat=p&typeid=i","cat":284487},{"id":45147,"n":"boisson végétale bio coco  bjorg 1L","p":2.67,"u":"2,67 €/L","img":"https://fd13-photos.leclercdrive.fr/image.ashx?id=2909530&use=l&cat=p&typeid=i","cat":316067},{"id":45148,"n":"Boisson végétale épeautre noisette Bjorg Bio - 1L","p":2.4,"u":"2,40 €/L","img":"https://fd13-photos.leclercdrive.fr/image.ashx?id=2960804&use=l&cat=p&typeid=i","cat":316067},{"id":45149,"n":"Boisson végétale lait d'amande  chocolat bjorg bio - 1l","p":2.55,"u":"2,55 €/L","img":"https://fd13-photos.leclercdrive.fr/image.ashx?id=2939412&use=l&cat=p&typeid=i","cat":316067},{"id":45157,"n":"Boulghour Tunisienne Céréal Bio Bio repas express - 220g","p":2.02,"u":"9,18 €/KG","img":"https://fd13-photos.leclercdrive.fr/image.ashx?id=2574062&use=l&cat=p&typeid=i","cat":287600},{"id":45166,"n":"Café moulu Lobodis Mexique Bio  - 260g","p":5.99,"u":"23,04 €/KG","img":"https://fd13-photos.leclercdrive.fr/image.ashx?id=2658896&use=l&cat=p&typeid=i","cat":284750},{"id":45168,"n":"Bouillon cube bio Jardin Bio Légumes - 72g","p":1.88,"u":"26,11 €/KG","img":"https://fd13-photos.leclercdrive.fr/image.ashx?id=2535535&use=l&cat=p&typeid=i","cat":288379},{"id":45169,"n":"Bouillon cube bio Jardin Bio Volaille dégraissé x10 - 100g","p":2.27,"u":"22,70 €/KG","img":"https://fd13-photos.leclercdrive.fr/image.ashx?id=2535538&use=l&cat=p&typeid=i","cat":288379},{"id":45170,"n":"Céréales lentilles Jardin Bio Sans gluten bio - 250g","p":2.25,"u":"9,00 €/KG","img":"https://fd13-photos.leclercdrive.fr/image.ashx?id=2071561&use=l&cat=p&typeid=i","cat":287600},{"id":45191,"n":"Couscous Jardin Bio Bio légumes du soleil - 220g","p":2.37,"u":"10,77 €/KG","img":"https://fd13-photos.leclercdrive.fr/image.ashx?id=2535022&use=l&cat=p&typeid=i","cat":287600},{"id":45192,"n":"Pâtes bio Jardin Bio Coquillettes 3 min - 500g","p":1.85,"u":"3,70 €/KG","img":"https://fd13-photos.leclercdrive.fr/image.ashx?id=2939976&use=l&cat=p&typeid=i","cat":284427},{"id":45194,"n":"Chocolat noir Bio Ethiquable  80% Equateur - 100g","p":2.7,"u":"27,00 €/KG","img":"https://fd13-photos.leclercdrive.fr/image.ashx?id=2870917&use=l&cat=p&typeid=i","cat":284956},{"id":45197,"n":"Quinoa boulghour  Céréal Bio  à l'Indienne bio -220g","p":2.34,"u":"10,64 €/KG","img":"https://fd13-photos.leclercdrive.fr/image.ashx?id=2574068&use=l&cat=p&typeid=i","cat":287600},{"id":45198,"n":"Légumes et orge bio Céréal Bio  Compotée d'aubergines - 250g","p":1.99,"u":"7,96 €/KG","img":"https://fd13-photos.leclercdrive.fr/image.ashx?id=2574071&use=l&cat=p&typeid=i","cat":287600},{"id":45207,"n":"Biscuits Bio Bjorg Fourrés à la Vanille - 225g","p":3.88,"u":"17,24 €/KG","img":"https://fd13-photos.leclercdrive.fr/image.ashx?id=2912059&use=l&cat=p&typeid=i","cat":284489},{"id":45212,"n":"Duo de quinoa Jardin Bio  Bio aux légumes - 250g","p":2.38,"u":"9,52 €/KG","img":"https://fd13-photos.leclercdrive.fr/image.ashx?id=2535481&use=l&cat=p&typeid=i","cat":287600},{"id":45213,"n":"Flageolets Jardin Bio  Bio cuisinés - 680g","p":3.18,"u":"4,68 €/KG","img":"https://fd13-photos.leclercdrive.fr/image.ashx?id=2918319&use=l&cat=p&typeid=i","cat":312606},{"id":45217,"n":"Galette  Céréal Bio  Bio riz légumes Colombo x2 200g","p":2.87,"u":"14,35 €/KG","img":"https://fd13-photos.leclercdrive.fr/image.ashx?id=2573510&use=l&cat=p&typeid=i","cat":284953},{"id":45227,"n":"Biscuits fourrés Bio Bjorg Citron - 225g","p":3.81,"u":"16,93 €/KG","img":"https://fd13-photos.leclercdrive.fr/image.ashx?id=2861527&use=l&cat=p&typeid=i","cat":284489},{"id":45229,"n":"biscuits gaufres bio bjorg  Miel - 175g","p":2.16,"u":"12,34 €/KG","img":"https://fd13-photos.leclercdrive.fr/image.ashx?id=2915973&use=l&cat=p&typeid=i","cat":294777},{"id":45244,"n":"boisson végétale lait d'amande  bio bjorg 1l","p":2.26,"u":"2,26 €/L","img":"https://fd13-photos.leclercdrive.fr/image.ashx?id=2967067&use=l&cat=p&typeid=i","cat":316067},{"id":45245,"n":"Boisson végétale lait d'amande  vanille bjorg bio - 1l","p":2.37,"u":"2,37 €/L","img":"https://fd13-photos.leclercdrive.fr/image.ashx?id=2991978&use=l&cat=p&typeid=i","cat":316067},{"id":45250,"n":"Infusion bio Jardin Bio Tilleul Oranger - x20 - 30g","p":2.49,"u":"83,00 €/KG","img":"https://fd13-photos.leclercdrive.fr/image.ashx?id=2792657&use=l&cat=p&typeid=i","cat":293234},{"id":45251,"n":"Lentilles vertes Jardin Bio  Bio saveur du terroir - 250g","p":2.02,"u":"8,08 €/KG","img":"https://fd13-photos.leclercdrive.fr/image.ashx?id=2535559&use=l&cat=p&typeid=i","cat":287600},{"id":45252,"n":"Lentilles Jardin Bio  Bio façon petit salé - 250g","p":2.09,"u":"8,36 €/KG","img":"https://fd13-photos.leclercdrive.fr/image.ashx?id=2535019&use=l&cat=p&typeid=i","cat":287600},{"id":45261,"n":"Orge riz rouge bio Céréal Bio  lentilles repas express-220g","p":1.79,"u":"7,16 €/KG","img":"https://fd13-photos.leclercdrive.fr/image.ashx?id=2574080&use=l&cat=p&typeid=i","cat":287600},{"id":45262,"n":"Orge pruneaux bio Céréal Bio  Marocain repas express-220g","p":2.23,"u":"10,14 €/KG","img":"https://fd13-photos.leclercdrive.fr/image.ashx?id=2575075&use=l&cat=p&typeid=i","cat":287600},{"id":45270,"n":"Pains au chocolat Bio La Boulangère - 6x270g","p":2.61,"u":"9,67 €/KG","img":"https://fd13-photos.leclercdrive.fr/image.ashx?id=2912185&use=l&cat=p&typeid=i","cat":296366},{"id":45274,"n":"Maïs doux Jardin Bio  Bio - 230g","p":2.26,"u":"9,83 €/KG","img":"https://fd13-photos.leclercdrive.fr/image.ashx?id=2903233&use=l&cat=p&typeid=i","cat":312611},{"id":45276,"n":"Pain de mie La Boulangère  Céréales Bio - 500g","p":2.34,"u":"4,68 €/KG","img":"https://fd13-photos.leclercdrive.fr/image.ashx?id=2912398&use=l&cat=p&typeid=i","cat":284477},{"id":45278,"n":"Purée potimarron Céréal Bio  lentilles bio-250g","p":1.78,"u":"7,12 €/KG","img":"https://fd13-photos.leclercdrive.fr/image.ashx?id=2574074&use=l&cat=p&typeid=i","cat":287600},{"id":45289,"n":"Petits pois bio Jardin Bio A l'étuvée extra fins - 230g","p":2.24,"u":"9,74 €/KG","img":"https://fd13-photos.leclercdrive.fr/image.ashx?id=2944732&use=l&cat=p&typeid=i","cat":312607},{"id":45290,"n":"Petits pois Le jardin Bio  Bio extra fins - 445g","p":3.33,"u":"7,48 €/KG","img":"https://fd13-photos.leclercdrive.fr/image.ashx?id=2944735&use=l&cat=p&typeid=i","cat":312607},{"id":45291,"n":"Quinoa Jardin Bio  Bio poulet et Sésame - 250g","p":2.66,"u":"10,64 €/KG","img":"https://fd13-photos.leclercdrive.fr/image.ashx?id=2956433&use=l&cat=p&typeid=i","cat":287600},{"id":45320,"n":"Pineau rosé Charentes NRT  17% vol - 75cl","p":7.95,"u":"10,60 €/L","img":"https://fd13-photos.leclercdrive.fr/image.ashx?id=2953740&use=l&cat=p&typeid=i","cat":284913},{"id":45339,"n":"Tartine sarrasin Céréal Bio Bio - 145g","p":1.54,"u":"10,62 €/KG","img":"https://fd13-photos.leclercdrive.fr/image.ashx?id=2810792&use=l&cat=p&typeid=i","cat":284479},{"id":45341,"n":"Tartines bio Céréal Bio  Riz et châtaigne - 145g","p":2.63,"u":"18,14 €/KG","img":"https://fd13-photos.leclercdrive.fr/image.ashx?id=2752912&use=l&cat=p&typeid=i","cat":284479},{"id":45342,"n":"Salade bio Céréal Bio Lentilles, légumes, tofu -220g","p":1.98,"u":"9,00 €/KG","img":"https://fd13-photos.leclercdrive.fr/image.ashx?id=2574077&use=l&cat=p&typeid=i","cat":287600},{"id":45351,"n":"Tartines bio Jardin Bio Sarrasin sans gluten - 150g","p":2.03,"u":"13,53 €/KG","img":"https://fd13-photos.leclercdrive.fr/image.ashx?id=2535547&use=l&cat=p&typeid=i","cat":318654},{"id":45353,"n":"Tartines bio Jardin Bio Multicéréales sans gluten -150g","p":2.08,"u":"13,87 €/KG","img":"https://fd13-photos.leclercdrive.fr/image.ashx?id=2537646&use=l&cat=p&typeid=i","cat":318654},{"id":45354,"n":"Tartines bio Jardin Bio Châtaigne sans gluten - 150g","p":2.25,"u":"15,00 €/KG","img":"https://fd13-photos.leclercdrive.fr/image.ashx?id=2537649&use=l&cat=p&typeid=i","cat":318654},{"id":45355,"n":"Thé vert Bio Clipper Au Citron - 20 sachets - 35g","p":2.19,"u":"62,57 €/KG","img":"https://fd13-photos.leclercdrive.fr/image.ashx?id=2922089&use=l&cat=p&typeid=i","cat":293233},{"id":45372,"n":"Tomates pelées Jardin Bio  Bio Entières au jus - 240g","p":1.22,"u":"5,08 €/KG","img":"https://fd13-photos.leclercdrive.fr/image.ashx?id=2967911&use=l&cat=p&typeid=i","cat":288384},{"id":45382,"n":"Déodorant Spray Femme Nivea Protect & Care - 200ml","p":2.71,"u":"13,55 €/L","img":"https://fd13-photos.leclercdrive.fr/image.ashx?id=2869188&use=l&cat=p&typeid=i","cat":284595},{"id":45383,"n":"Déodorant protect & care Nivea Bille - 50ml","p":2.21,"u":"44,20 €/L","img":"https://fd13-photos.leclercdrive.fr/image.ashx?id=2871067&use=l&cat=p&typeid=i","cat":284595},{"id":45415,"n":"Fromage Emmental Entremont Râpé  - 300g","p":3.26,"u":"10,87 €/KG","img":"https://fd13-photos.leclercdrive.fr/image.ashx?id=2983156&use=l&cat=p&typeid=i","cat":314035},{"id":45437,"n":"Bâtonnets Surimi grands Coraya x10 - 156g","p":2.48,"u":"15,90 €/KG","img":"https://fd13-photos.leclercdrive.fr/image.ashx?id=2762133&use=l&cat=p&typeid=i","cat":285189},{"id":45454,"n":"Soufflés Tornades 3D Tokapi  Paprika 85g","p":0.75,"u":"8,82 €/KG","img":"https://fd13-photos.leclercdrive.fr/image.ashx?id=2093861&use=l&cat=p&typeid=i","cat":284449},{"id":45456,"n":"Chips Bio Village Bio Nature - 6x30g","p":2.99,"u":"16,61 €/KG","img":"https://fd13-photos.leclercdrive.fr/image.ashx?id=2838957&use=l&cat=p&typeid=i","cat":284447},{"id":45478,"n":"Nettoyant lave-vaisselle Visior 3x40g","p":2.9,"u":"24,17 €/KG","img":"https://fd13-photos.leclercdrive.fr/image.ashx?id=2742694&use=l&cat=p&typeid=i","cat":284657},{"id":45479,"n":"Nettoyant Dentamyl Appareils dentaires x36","p":2.0,"img":"https://fd13-photos.leclercdrive.fr/image.ashx?id=2486799&use=l&cat=p&typeid=i","cat":285158},{"id":45480,"n":"Nettoyant menthe Dentamyl Appareils dentaires x36","p":2.11,"img":"https://fd13-photos.leclercdrive.fr/image.ashx?id=2486802&use=l&cat=p&typeid=i","cat":285158},{"id":45483,"n":"Pastilles javel Clair Parfum Menthe x42 - 168g","p":1.44,"u":"8,57 €/KG","img":"https://fd13-photos.leclercdrive.fr/image.ashx?id=2631447&use=l&cat=p&typeid=i","cat":284661},{"id":45498,"n":"Sacs poubelle 30L Elembal Ultra resist - x20","p":3.25,"u":"0,16 €/P","img":"https://fd13-photos.leclercdrive.fr/image.ashx?id=2958729&use=l&cat=p&typeid=i","cat":285168},{"id":45499,"n":"Sacs poubelle 50L Elembal Ultra résist - x15","p":3.9,"u":"0,26 €/P","img":"https://fd13-photos.leclercdrive.fr/image.ashx?id=2958732&use=l&cat=p&typeid=i","cat":285168},{"id":45500,"n":"Sacs poubelle 100L Elembal Ultra résist - x10","p":3.73,"u":"0,37 €/P","img":"https://fd13-photos.leclercdrive.fr/image.ashx?id=2958735&use=l&cat=p&typeid=i","cat":285168},{"id":45536,"n":"Taboulé Bonduelle Poulet - 300g","p":1.8,"u":"6,00 €/KG","img":"https://fd13-photos.leclercdrive.fr/image.ashx?id=2907902&use=l&cat=p&typeid=i","cat":333657},{"id":45540,"n":"Pizza l'Ovale Sodebo Jambon et fromages - 200g","p":1.41,"u":"7,05 €/KG","img":"https://fd13-photos.leclercdrive.fr/image.ashx?id=2407211&use=l&cat=p&typeid=i","cat":333679},{"id":45541,"n":"Pizza l'Ovale Sodebo 3 fromages fondants - 200g","p":1.45,"u":"7,25 €/KG","img":"https://fd13-photos.leclercdrive.fr/image.ashx?id=2723644&use=l&cat=p&typeid=i","cat":333679},{"id":45576,"n":"Fromage raclette Les Croisés  Nature et fumé 400g","p":5.34,"u":"13,35 €/KG","img":"https://fd13-photos.leclercdrive.fr/image.ashx?id=2793233&use=l&cat=p&typeid=i","cat":314037},{"id":45625,"n":"Yaourts brassés Ker Ronan  Vanille - 4x125g","p":2.04,"u":"4,08 €/KG","img":"https://fd13-photos.leclercdrive.fr/image.ashx?id=1989525&use=l&cat=p&typeid=i","cat":284410},{"id":45626,"n":"Yaourts brassés Ker Ronan  Fraise - 4x125g","p":2.51,"u":"5,02 €/KG","img":"https://fd13-photos.leclercdrive.fr/image.ashx?id=1989531&use=l&cat=p&typeid=i","cat":284410},{"id":45636,"n":"Bouquet garni Ducros Epices à la provençale - 18g","p":1.21,"u":"67,22 €/KG","img":"https://fd13-photos.leclercdrive.fr/image.ashx?id=1715377&use=l&cat=p&typeid=i","cat":298297},{"id":45642,"n":"Ratatouille Cuisinée Cassegrain à la Provençale 185g","p":1.8,"u":"9,73 €/KG","img":"https://fd13-photos.leclercdrive.fr/image.ashx?id=2913007&use=l&cat=p&typeid=i","cat":312612},{"id":45644,"n":"Recharge SpaWax Expert Veet Figue Sucrée et Lys Violet x6","p":5.09,"u":"33,93 €/KG","img":"https://fd13-photos.leclercdrive.fr/image.ashx?id=2854351&use=l&cat=p&typeid=i","cat":325351},{"id":45671,"n":"Chips Bret's Chèvre/piment d'espelette -125g","p":1.17,"u":"9,36 €/KG","img":"https://fd13-photos.leclercdrive.fr/image.ashx?id=1941593&use=l&cat=p&typeid=i","cat":284447},{"id":45708,"n":"Yaourt à boire Mini Yop Aromatisé Fraise - 8x100g","p":2.3,"u":"2,88 €/KG","img":"https://fd13-photos.leclercdrive.fr/image.ashx?id=2985159&use=l&cat=p&typeid=i","cat":284415},{"id":45712,"n":"Emmental râpé fondant Président 500g","p":4.85,"u":"9,70 €/KG","img":"https://fd13-photos.leclercdrive.fr/image.ashx?id=2489464&use=l&cat=p&typeid=i","cat":314035},{"id":45715,"n":"Mimolette Isigny Ste Mère Demi-vieille - 210g","p":3.54,"u":"16,86 €/KG","img":"https://fd13-photos.leclercdrive.fr/image.ashx?id=1745234&use=l&cat=p&typeid=i","cat":314034},{"id":45752,"n":"Couette unie chaude Tissaia Anti-acariens - 200x200cm","p":39.89,"u":"Dont 0,40 € d'éco-part.","img":"https://fd13-photos.leclercdrive.fr/image.ashx?id=2648433&use=l&cat=p&typeid=i","cat":288835},{"id":45756,"n":"Couette unie Microstop Tissaia Anti-acariens - 260x240cm","p":59.89,"u":"Dont 0,60 € d'éco-part.","img":"https://fd13-photos.leclercdrive.fr/image.ashx?id=2648439&use=l&cat=p&typeid=i","cat":288835},{"id":45772,"n":"Traversin Tissaia Anti-acarien microstop 140cm","p":15.95,"u":"Dont 0,20 € d'éco-part.","img":"https://fd13-photos.leclercdrive.fr/image.ashx?id=2380241&use=l&cat=p&typeid=i","cat":288835},{"id":45773,"n":"Traversin Tissaia Anti-acarien microstop 160 cm","p":18.95,"u":"Dont 0,20 € d'éco-part.","img":"https://fd13-photos.leclercdrive.fr/image.ashx?id=2207742&use=l&cat=p&typeid=i","cat":288835},{"id":45805,"n":"Emincé de thon Rondes des Mers Fumé - 100g","p":4.19,"u":"41,90 €/KG","img":"https://fd13-photos.leclercdrive.fr/image.ashx?id=2381435&use=l&cat=p&typeid=i","cat":285188},{"id":45806,"n":"Emincés de Haddock fumé MSC Ronde des mers - 100g","p":4.65,"u":"46,50 €/KG","img":"https://fd13-photos.leclercdrive.fr/image.ashx?id=2478772&use=l&cat=p&typeid=i","cat":285188},{"id":45825,"n":"Brosse à dents pro Dentamyl Souple x2","p":0.72,"u":"0,36 €/P","img":"https://fd13-photos.leclercdrive.fr/image.ashx?id=2790979&use=l&cat=p&typeid=i","cat":284614},{"id":45826,"n":"Brosse à dents pro Dentamyl Médium x2","p":0.64,"u":"0,32 €/P","img":"https://fd13-photos.leclercdrive.fr/image.ashx?id=2790982&use=l&cat=p&typeid=i","cat":284614},{"id":45855,"n":"Whisky Clan Campbell Blended Scotch 40% vol - 1,5L","p":29.18,"u":"19,45 €/L","img":"https://fd13-photos.leclercdrive.fr/image.ashx?id=2868362&use=l&cat=p&typeid=i","cat":284547},{"id":45867,"n":"Crème dessert Mont Blanc Coupelles Chocolat - 4x125g","p":3.1,"u":"6,20 €/KG","img":"https://fd13-photos.leclercdrive.fr/image.ashx?id=2961104&use=l&cat=p&typeid=i","cat":284506},{"id":45868,"n":"Crème dessert Mont Blanc Coupelles Vanille - 4x125g","p":3.09,"u":"6,18 €/KG","img":"https://fd13-photos.leclercdrive.fr/image.ashx?id=2967301&use=l&cat=p&typeid=i","cat":284506},{"id":45869,"n":"Crème dessert Mont Blanc Coupelles Praliné - 4x125g","p":3.3,"u":"6,60 €/KG","img":"https://fd13-photos.leclercdrive.fr/image.ashx?id=2951890&use=l&cat=p&typeid=i","cat":284506},{"id":45870,"n":"Vinaigre ménager Clair 100% naturel - 1L","p":1.08,"u":"1,08 €/L","img":"https://fd13-photos.leclercdrive.fr/image.ashx?id=2779199&use=l&cat=p&typeid=i","cat":325365},{"id":45889,"n":"Nouilles Chinoises aux légumes Tradition d'Asie - 400g","p":4.13,"u":"10,33 €/KG","img":"https://fd13-photos.leclercdrive.fr/image.ashx?id=2504467&use=l&cat=p&typeid=i","cat":333673},{"id":45908,"n":"Biscuits fourrés Prince Chocolat - 3x300g","p":3.7,"u":"4,11 €/KG","img":"https://fd13-photos.leclercdrive.fr/image.ashx?id=3014641&use=l&cat=p&typeid=i","cat":284488},{"id":45923,"n":"Pur jus d'orange Bio Village Bio avec pulpe - 1L","p":3.11,"u":"3,11 €/L","img":"https://fd13-photos.leclercdrive.fr/image.ashx?id=2901542&use=l&cat=p&typeid=i","cat":284521},{"id":45957,"n":"Jambon cru Quart Tranché Aoste Serrano - 18 tranches - 220g","p":5.41,"u":"24,59 €/KG","img":"https://fd13-photos.leclercdrive.fr/image.ashx?id=2937181&use=l&cat=p&typeid=i","cat":316007},{"id":45965,"n":"Saucisses Knacki Herta Poulet x6 - 210g","p":1.45,"u":"6,90 €/KG","img":"https://fd13-photos.leclercdrive.fr/image.ashx?id=2290428&use=l&cat=p&typeid=i","cat":316012},{"id":45999,"n":"Jus innocent  pomme 1.35L","p":3.77,"u":"2,79 €/L","img":"https://fd13-photos.leclercdrive.fr/image.ashx?id=2891217&use=l&cat=p&typeid=i","cat":284354},{"id":46000,"n":"Jus innocent  orange avec pulpe 1.35L","p":3.77,"u":"2,79 €/L","img":"https://fd13-photos.leclercdrive.fr/image.ashx?id=2888527&use=l&cat=p&typeid=i","cat":285435},{"id":46006,"n":"AOP Jurançon vin blanc Moelleux Terrasses d'Autan-75cl","p":6.99,"u":"9,32 €/L","img":"https://fd13-photos.leclercdrive.fr/image.ashx?id=2774859&use=l&cat=p&typeid=i","cat":289557},{"id":46016,"n":"Chocolat Pâtissier Tablette dOr Chocolat Noir - 3x200g","p":5.35,"u":"8,92 €/KG","img":"https://fd13-photos.leclercdrive.fr/image.ashx?id=2958519&use=l&cat=p&typeid=i","cat":285562},{"id":46028,"n":"IGP Pays d'Oc Rosé Grenache Cinsault JP Chenet 12.5% BIB 3L","p":10.7,"u":"3,57 €/L","img":"https://fd13-photos.leclercdrive.fr/image.ashx?id=2941715&use=l&cat=p&typeid=i","cat":289560},{"id":46037,"n":"Biscottes Toast Pelletier  Goût brioché - 150g","p":1.27,"u":"8,47 €/KG","img":"https://fd13-photos.leclercdrive.fr/image.ashx?id=1888023&use=l&cat=p&typeid=i","cat":284479},{"id":46039,"n":"Oeufs plein air Matines Moyen - x12","p":3.37,"u":"0,28 €/P","img":"https://fd13-photos.leclercdrive.fr/image.ashx?id=2795746&use=l&cat=p&typeid=i","cat":284378},{"id":46044,"n":"Barre chocolat orange GERLINEA  Repas minceur x10, 310g","p":6.28,"u":"20,26 €/KG","img":"https://fd13-photos.leclercdrive.fr/image.ashx?id=2654752&use=l&cat=p&typeid=i","cat":318652},{"id":46047,"n":"Sirop d'érable  250g","p":3.31,"u":"13,24 €/KG","img":"https://fd13-photos.leclercdrive.fr/image.ashx?id=2480298&use=l&cat=p&typeid=i","cat":287643},{"id":46049,"n":"Pulpe de tomate Jardin Bio Bio - 500g","p":2.24,"u":"4,48 €/L","img":"https://fd13-photos.leclercdrive.fr/image.ashx?id=2535031&use=l&cat=p&typeid=i","cat":288384},{"id":46051,"n":"Menus chat Tous mes amis Viande menus gourmands 24x100g","p":6.95,"u":"2,90 €/KG","img":"https://fd13-photos.leclercdrive.fr/image.ashx?id=2027607&use=l&cat=p&typeid=i","cat":285286},{"id":46052,"n":"Gelée pour chat Tous mes amis Poisson menus gourmands 24x100g","p":6.95,"u":"2,90 €/KG","img":"https://fd13-photos.leclercdrive.fr/image.ashx?id=2027604&use=l&cat=p&typeid=i","cat":285286},{"id":46160,"n":"Bière blanche Hoegaarden 4,9% - 12x25cl","p":7.56,"u":"2,52 €/L","img":"https://fd13-photos.leclercdrive.fr/image.ashx?id=2948420&use=l&cat=p&typeid=i","cat":334878},{"id":46177,"n":"Chocolat Kinder surprise Bonhomme de neige - 6x20g","p":7.65,"u":"63,75 €/KG","img":"https://fd13-photos.leclercdrive.fr/image.ashx?id=2437205&use=l&cat=p&typeid=i","cat":327592},{"id":46224,"n":"Friandises chien Pedigree Récompense bœuf fromage - 140g","p":1.73,"u":"12,36 €/KG","img":"https://fd13-photos.leclercdrive.fr/image.ashx?id=2256203&use=l&cat=p&typeid=i","cat":294527},{"id":46381,"n":"Fromage Emmenta Les Croisés En dés - 150g","p":1.89,"u":"12,60 €/KG","img":"https://fd13-photos.leclercdrive.fr/image.ashx?id=2422550&use=l&cat=p&typeid=i","cat":314027},{"id":46382,"n":"Protège-document Esquisse Turquoise - A4 - 60 vues","p":2.0,"img":"https://fd13-photos.leclercdrive.fr/image.ashx?id=1694260&use=l&cat=p&typeid=i","cat":284745},{"id":46462,"n":"Mini coudes Turini 500g","p":0.99,"u":"1,98 €/KG","img":"https://fd13-photos.leclercdrive.fr/image.ashx?id=2607566&use=l&cat=p&typeid=i","cat":284427},{"id":46470,"n":"IGP Penne rigate Garofalo  - 500g","p":1.61,"u":"3,22 €/KG","img":"https://fd13-photos.leclercdrive.fr/image.ashx?id=3011893&use=l&cat=p&typeid=i","cat":284427},{"id":46471,"n":"IGP Pâte Garofalo  Linguine - 500g","p":1.69,"u":"3,38 €/KG","img":"https://fd13-photos.leclercdrive.fr/image.ashx?id=3005347&use=l&cat=p&typeid=i","cat":284427},{"id":46473,"n":"Rhum blanc Trois Rivières 40% vol - 70cl","p":11.79,"u":"16,84 €/L","img":"https://fd13-photos.leclercdrive.fr/image.ashx?id=2766334&use=l&cat=p&typeid=i","cat":284550},{"id":46498,"n":"Pomme de terre Bio Bio Village Four Potage - 1.5kg","p":3.49,"u":"2,33 €/KG","img":"https://fd13-photos.leclercdrive.fr/image.ashx?id=2959752&use=l&cat=p&typeid=i","cat":284352},{"id":46528,"n":"Fil dentaire  menthe Dentamyl Ultra résistant  archet  - x50","p":2.07,"img":"https://fd13-photos.leclercdrive.fr/image.ashx?id=2440721&use=l&cat=p&typeid=i","cat":285159},{"id":46540,"n":"Croquette chat stérilisé Ultima Poulet - Sénior +10 ans - 1.5kg","p":6.25,"u":"4,17 €/KG","img":"https://fd13-photos.leclercdrive.fr/image.ashx?id=2922227&use=l&cat=p&typeid=i","cat":284680},{"id":46541,"n":"Croquette chat stérilisé Ultima Chat d'intérieur - Dinde -1.5kg","p":6.25,"u":"4,17 €/KG","img":"https://fd13-photos.leclercdrive.fr/image.ashx?id=2927009&use=l&cat=p&typeid=i","cat":284680},{"id":46542,"n":"Croquettes petits chien Ultima  Poulet - Bulldog - 1.5kg","p":6.1,"u":"4,07 €/KG","img":"https://fd13-photos.leclercdrive.fr/image.ashx?id=2924869&use=l&cat=p&typeid=i","cat":294526},{"id":46545,"n":"Croquettes chiens adulte Ultima Medium/maxi - poulet - 2kg","p":6.25,"u":"3,13 €/KG","img":"https://fd13-photos.leclercdrive.fr/image.ashx?id=2902181&use=l&cat=p&typeid=i","cat":284672},{"id":46547,"n":"Croquette chat stérilisé Ultima  Truite - Sensible - 1.5kg","p":6.39,"u":"4,26 €/KG","img":"https://fd13-photos.leclercdrive.fr/image.ashx?id=2937436&use=l&cat=p&typeid=i","cat":284680},{"id":46667,"n":"Monster Munch Salé - 135g","p":1.37,"u":"10,15 €/KG","img":"https://fd13-photos.leclercdrive.fr/image.ashx?id=2996935&use=l&cat=p&typeid=i","cat":284449},{"id":46703,"n":"Spray désodorisant Airwick  Pure Douceur de Coton - 250ml","p":2.87,"u":"11,48 €/L","img":"https://fd13-photos.leclercdrive.fr/image.ashx?id=2858600&use=l&cat=p&typeid=i","cat":311626},{"id":46766,"n":"Saucisson nougat Montelimar - 250g","p":6.04,"u":"24,16 €/KG","img":"https://fd13-photos.leclercdrive.fr/image.ashx?id=2489368&use=l&cat=p&typeid=i","cat":327605},{"id":46875,"n":"Crème dessert Mont Blanc Coupelles Caramel - 4x125g","p":3.24,"u":"6,48 €/KG","img":"https://fd13-photos.leclercdrive.fr/image.ashx?id=3011002&use=l&cat=p&typeid=i","cat":284506},{"id":46979,"n":"Biscotte bretonne heudebert Au sel de  guérande - 290g","p":1.92,"u":"6,62 €/KG","img":"https://fd13-photos.leclercdrive.fr/image.ashx?id=3002243&use=l&cat=p&typeid=i","cat":284479},{"id":46981,"n":"Petit cake Bonne Maman Aux fruits - 300g","p":2.86,"u":"9,53 €/KG","img":"https://fd13-photos.leclercdrive.fr/image.ashx?id=2936173&use=l&cat=p&typeid=i","cat":284493},{"id":46982,"n":"Cookies gros éclats Granola Chocolat - 276g","p":2.47,"u":"8,95 €/KG","img":"https://fd13-photos.leclercdrive.fr/image.ashx?id=3005335&use=l&cat=p&typeid=i","cat":325066},{"id":46984,"n":"Café et Chicorée Soluble Ricoré  Original Recharge - 180g","p":3.75,"u":"20,83 €/KG","img":"https://fd13-photos.leclercdrive.fr/image.ashx?id=2980112&use=l&cat=p&typeid=i","cat":284843},{"id":46985,"n":"Café et Chicorée Soluble Ricoré  Noir Intense - 240g","p":7.06,"u":"29,42 €/KG","img":"https://fd13-photos.leclercdrive.fr/image.ashx?id=2980115&use=l&cat=p&typeid=i","cat":284843},{"id":46990,"n":"Chocolat en poudre Nestlé Boîte - 500g","p":4.4,"u":"8,80 €/KG","img":"https://fd13-photos.leclercdrive.fr/image.ashx?id=2817335&use=l&cat=p&typeid=i","cat":293235},{"id":47034,"n":"Litière chats Tranquille Cristale - 4L","p":6.4,"u":"1,60 €/L","img":"https://fd13-photos.leclercdrive.fr/image.ashx?id=2092256&use=l&cat=p&typeid=i","cat":284683},{"id":47079,"n":"Poulet rôti entier Le Gaulois  sous sac  - 1.05kg","p":11.87,"u":"11,30 €/KG","img":"https://fd13-photos.leclercdrive.fr/image.ashx?id=2246782&use=l&cat=p&typeid=i","cat":333685},{"id":47080,"n":"Cordons Bleu poulet Le Gaulois 400g","p":4.19,"u":"10,48 €/KG","img":"https://fd13-photos.leclercdrive.fr/image.ashx?id=2860232&use=l&cat=p&typeid=i","cat":333683},{"id":47083,"n":"Croq Extra Fromage Le Gaulois x2 - 200g","p":2.56,"u":"12,80 €/KG","img":"https://fd13-photos.leclercdrive.fr/image.ashx?id=2342845&use=l&cat=p&typeid=i","cat":333683},{"id":47084,"n":"Croq pizza Le Gaulois x2 - 200g","p":2.71,"u":"13,55 €/KG","img":"https://fd13-photos.leclercdrive.fr/image.ashx?id=2342836&use=l&cat=p&typeid=i","cat":333683},{"id":47125,"n":"Cidre bouché rosé Envie de rose 2.5%vol. - 75cl","p":2.57,"pp":1.7,"u":"2,27 €/L","img":"https://fd13-photos.leclercdrive.fr/image.ashx?id=2908984&use=l&cat=p&typeid=i","cat":334880},{"id":47126,"n":"Cidre bouché Envie de brut 4.5%vol. - 75cl","p":2.57,"pp":1.7,"u":"2,27 €/L","img":"https://fd13-photos.leclercdrive.fr/image.ashx?id=2908981&use=l&cat=p&typeid=i","cat":334880},{"id":47127,"n":"Bière Red Desperados 5.9%vol. - 6x33cl","p":8.8,"u":"4,44 €/L","img":"https://fd13-photos.leclercdrive.fr/image.ashx?id=2766229&use=l&cat=p&typeid=i","cat":334878},{"id":47128,"n":"Vin Union Européenne rouge Le Tonnelier - BIB 5L","p":8.95,"u":"1,79 €/L","img":"https://fd13-photos.leclercdrive.fr/image.ashx?id=2107468&use=l&cat=p&typeid=i","cat":289560},{"id":47130,"n":"Vin Union européenne blanc Le Tonnelier - BIB 5L","p":8.95,"img":"https://fd13-photos.leclercdrive.fr/image.ashx?id=2107471&use=l&cat=p&typeid=i","cat":289557},{"id":47132,"n":"IGP Pays d'Oc blanc Les Ormes De Cambras Sauvignon 12% BIB 5L","p":15.5,"u":"3,10 €/L","img":"https://fd13-photos.leclercdrive.fr/image.ashx?id=2192389&use=l&cat=p&typeid=i","cat":289557},{"id":47133,"n":"Boisson sans alcool D'Artigny Framboise  - 75cl","p":4.11,"u":"5,48 €/L","img":"https://fd13-photos.leclercdrive.fr/image.ashx?id=2854396&use=l&cat=p&typeid=i","cat":289460},{"id":47169,"n":"Sacs poubelle 10L Elembal Salle de bain - x20","p":0.8,"u":"0,04 €/P","img":"https://fd13-photos.leclercdrive.fr/image.ashx?id=2793239&use=l&cat=p&typeid=i","cat":285168},{"id":47171,"n":"Papier toilette Eco+ x4","p":1.35,"u":"0,34 €/P","img":"https://fd13-photos.leclercdrive.fr/image.ashx?id=2765831&use=l&cat=p&typeid=i","cat":284634},{"id":47176,"n":"Déodorant Spray Femme Nivea Black&White Original - 200ml","p":2.65,"u":"13,25 €/L","img":"https://fd13-photos.leclercdrive.fr/image.ashx?id=2980031&use=l&cat=p&typeid=i","cat":284595},{"id":47180,"n":"Gel douche enfant Tahiti Fruits exotiques - 300ml","p":1.93,"u":"6,43 €/L","img":"https://fd13-photos.leclercdrive.fr/image.ashx?id=2687332&use=l&cat=p&typeid=i","cat":284594},{"id":47181,"n":"Essuie-tout compact 3=9 Eco+ x3","p":2.27,"u":"0,76 €/P","img":"https://fd13-photos.leclercdrive.fr/image.ashx?id=2741282&use=l&cat=p&typeid=i","cat":284635},{"id":47234,"n":"Lames Gillette Sensor Excel - x10","p":10.2,"u":"1,02 €/P","img":"https://fd13-photos.leclercdrive.fr/image.ashx?id=2566476&use=l&cat=p&typeid=i","cat":284616},{"id":47253,"n":"Escalope de dinde Le Gaulois x6 - 720g","p":11.54,"u":"16,03 €/KG","img":"https://fd13-photos.leclercdrive.fr/image.ashx?id=2405506&use=l&cat=p&typeid=i","cat":284337},{"id":47254,"n":"Pâtes Coudes Rayés Turini 1kg","p":1.73,"u":"1,73 €/KG","img":"https://fd13-photos.leclercdrive.fr/image.ashx?id=2980806&use=l&cat=p&typeid=i","cat":284427},{"id":47255,"n":"Pâtes linguine Turini  500g","p":0.91,"u":"1,82 €/KG","img":"https://fd13-photos.leclercdrive.fr/image.ashx?id=2607554&use=l&cat=p&typeid=i","cat":284427},{"id":47256,"n":"Pâtes Farfalles Turini  1kg","p":1.2,"u":"1,20 €/KG","img":"https://fd13-photos.leclercdrive.fr/image.ashx?id=2665574&use=l&cat=p&typeid=i","cat":284427},{"id":47257,"n":"Pâtes Spaghettoni Turini  500g","p":0.83,"u":"1,66 €/KG","img":"https://fd13-photos.leclercdrive.fr/image.ashx?id=2607557&use=l&cat=p&typeid=i","cat":284427},{"id":47258,"n":"Pâtes coquillettes Turini Blé complet  - 500g","p":1.1,"u":"2,20 €/KG","img":"https://fd13-photos.leclercdrive.fr/image.ashx?id=2607563&use=l&cat=p&typeid=i","cat":284427},{"id":47263,"n":"Brossettes Dentamyl Interdentaires - x5","p":2.49,"u":"0,50 €/P","img":"https://fd13-photos.leclercdrive.fr/image.ashx?id=2672879&use=l&cat=p&typeid=i","cat":285159},{"id":47280,"n":"Piles Energizer - AA/LR6 Rechargeables - x4","p":13.39,"img":"https://fd13-photos.leclercdrive.fr/image.ashx?id=2748632&use=l&cat=p&typeid=i","cat":300572},{"id":47281,"n":"Piles rechargeables Energizer Power plus AAA/LR3 - x4 piles","p":13.39,"u":"3,35 €/P","img":"https://fd13-photos.leclercdrive.fr/image.ashx?id=2748629&use=l&cat=p&typeid=i","cat":300572},{"id":47358,"n":"Sandwich Mega Club  Complet Jambon Emmental - 230g","p":2.11,"u":"9,17 €/KG","img":"https://fd13-photos.leclercdrive.fr/image.ashx?id=2959928&use=l&cat=p&typeid=i","cat":333658},{"id":47359,"n":"Sandwich Mega Club Sodebo  Pain Complet Poulet Mayo - 230g","p":1.84,"u":"8,00 €/KG","img":"https://fd13-photos.leclercdrive.fr/image.ashx?id=2960156&use=l&cat=p&typeid=i","cat":333658},{"id":47360,"n":"Fromage à tartiner Madame Loïk Fouetté Ail Fines Herbes - 150g","p":1.6,"u":"10,67 €/KG","img":"https://fd13-photos.leclercdrive.fr/image.ashx?id=2948021&use=l&cat=p&typeid=i","cat":314029},{"id":47361,"n":"Bûche de chèvre Président 250g","p":2.96,"u":"11,84 €/KG","img":"https://fd13-photos.leclercdrive.fr/image.ashx?id=2446647&use=l&cat=p&typeid=i","cat":314031},{"id":47381,"n":"Vin Union européenne blanc Lichette 11° - 75 cl","p":2.14,"u":"2,85 €/L","img":"https://fd13-photos.leclercdrive.fr/image.ashx?id=2943855&use=l&cat=p&typeid=i","cat":289557},{"id":47402,"n":"Champagne Alfred Rothschild Demi-sec - 2x75cl","p":42.45,"u":"28,30 €/L","img":"https://fd13-photos.leclercdrive.fr/image.ashx?id=2374408&use=l&cat=p&typeid=i","cat":284542},{"id":47404,"n":"Eau gazeuse aromatisée Badoit citron sans sucres - 6x50cl","p":4.24,"u":"1,41 €/L","img":"https://fd13-photos.leclercdrive.fr/image.ashx?id=2730643&use=l&cat=p&typeid=i","cat":284536},{"id":47528,"n":"Vin mousseux J.P Chenet Blanc 11%vol - 75cl","p":5.3,"u":"7,07 €/L","img":"https://fd13-photos.leclercdrive.fr/image.ashx?id=2794469&use=l&cat=p&typeid=i","cat":284544},{"id":47529,"n":"Vin mousseux de France Rosé J.P Chenet 11%vol - 75cl","p":5.3,"u":"7,07 €/L","img":"https://fd13-photos.leclercdrive.fr/image.ashx?id=2794472&use=l&cat=p&typeid=i","cat":284544},{"id":47542,"n":"Starmint Haribo Sachet bonbons menthe - 200g","p":1.32,"u":"6,60 €/KG","img":"https://fd13-photos.leclercdrive.fr/image.ashx?id=2984889&use=l&cat=p&typeid=i","cat":304252},{"id":47563,"n":"Macédoine de Légumes Bonduelle 265g","p":0.91,"u":"3,43 €/KG","img":"https://fd13-photos.leclercdrive.fr/image.ashx?id=2910007&use=l&cat=p&typeid=i","cat":312612},{"id":47567,"n":"Rhum blanc Clément  Martinique, agricole - 70cl","p":12.5,"pp":10.0,"u":"14,29 €/L","img":"https://fd13-photos.leclercdrive.fr/image.ashx?id=1973141&use=l&cat=p&typeid=i","cat":284550},{"id":47592,"n":"Crêpe fourrée Whaou Cracky choco x8 - 256g","p":2.33,"u":"9,10 €/KG","img":"https://fd13-photos.leclercdrive.fr/image.ashx?id=2971029&use=l&cat=p&typeid=i","cat":284494},{"id":47593,"n":"Yaourts Mamie Nova Chocolat - 2x150g","p":1.31,"u":"4,37 €/KG","img":"https://fd13-photos.leclercdrive.fr/image.ashx?id=2909029&use=l&cat=p&typeid=i","cat":285041},{"id":47594,"n":"Yaourts Mamie Nova  Café - 2x150g","p":1.31,"u":"4,37 €/KG","img":"https://fd13-photos.leclercdrive.fr/image.ashx?id=2909035&use=l&cat=p&typeid=i","cat":285041},{"id":47646,"n":"Pâtes Macaroni Panzani  3 Minutes - 500G","p":1.24,"u":"2,48 €/KG","img":"https://fd13-photos.leclercdrive.fr/image.ashx?id=2896081&use=l&cat=p&typeid=i","cat":284427},{"id":47648,"n":"Filets de maquereaux Saupiquet Vin blanc et aromates - 176g","p":2.04,"u":"11,59 €/KG","img":"https://fd13-photos.leclercdrive.fr/image.ashx?id=2829967&use=l&cat=p&typeid=i","cat":303868},{"id":47651,"n":"Huile d'olive bio Soleou Vierge extra caractère - 75cl","p":10.06,"u":"13,41 €/L","img":"https://fd13-photos.leclercdrive.fr/image.ashx?id=2549654&use=l&cat=p&typeid=i","cat":284453},{"id":47657,"n":"Bâtonnets Dentastix Pedigree Grand chien x56 - 2160g","p":16.58,"u":"7,68 €/KG","img":"https://fd13-photos.leclercdrive.fr/image.ashx?id=2980064&use=l&cat=p&typeid=i","cat":294527},{"id":47658,"n":"Bâtonnets  Dentastix Pedigree Petit chien x56 - 880g","p":10.29,"u":"11,69 €/KG","img":"https://fd13-photos.leclercdrive.fr/image.ashx?id=2937787&use=l&cat=p&typeid=i","cat":294527},{"id":47667,"n":"Pâtes Penne Rigate Panzani 3 Minutes - 500G","p":1.2,"u":"2,40 €/KG","img":"https://fd13-photos.leclercdrive.fr/image.ashx?id=2896087&use=l&cat=p&typeid=i","cat":284427},{"id":47668,"n":"Pâtes Spaghetti Panzani Prêt en 3 min - 1kg","p":2.23,"u":"2,23 €/KG","img":"https://fd13-photos.leclercdrive.fr/image.ashx?id=2896102&use=l&cat=p&typeid=i","cat":284427},{"id":47681,"n":"Sauce pizza Turini aux tomates et origan - 390g","p":0.99,"u":"2,54 €/KG","img":"https://fd13-photos.leclercdrive.fr/image.ashx?id=2412025&use=l&cat=p&typeid=i","cat":288384},{"id":47686,"n":"Fromage Spécialité Babybel Maxi - 200g","p":2.13,"u":"10,65 €/KG","img":"https://fd13-photos.leclercdrive.fr/image.ashx?id=2806913&use=l&cat=p&typeid=i","cat":314030},{"id":47687,"n":"IGP Sables de Camargue rosé Bio Les Embruns 12% vol - 75cl","p":5.15,"u":"6,87 €/L","img":"https://fd13-photos.leclercdrive.fr/image.ashx?id=2260698&use=l&cat=p&typeid=i","cat":289558},{"id":47690,"n":"IGP Pays d'Oc Vin rouge Bio Autrement - Bag in Box 3L 13,5%","p":16.55,"u":"5,52 €/L","img":"https://fd13-photos.leclercdrive.fr/image.ashx?id=2689916&use=l&cat=p&typeid=i","cat":289560},{"id":47693,"n":"AOP Saint-Émilion vin rouge Chantet Blanet - 75cl","p":8.95,"u":"11,93 €/L","img":"https://fd13-photos.leclercdrive.fr/image.ashx?id=2677116&use=l&cat=p&typeid=i","cat":289556},{"id":47694,"n":"AOC Sauternes vin blanc Chantet Blanet - 75cl","p":12.99,"u":"17,32 €/L","img":"https://fd13-photos.leclercdrive.fr/image.ashx?id=1731170&use=l&cat=p&typeid=i","cat":289557},{"id":47698,"n":"AOC Madiran vin rouge  Terrasses d'Autan - 75cl","p":4.49,"u":"5,99 €/L","img":"https://fd13-photos.leclercdrive.fr/image.ashx?id=2718661&use=l&cat=p&typeid=i","cat":289556},{"id":47718,"n":"Boisson gourmande PAGO Cocktail Tropical Vitaminé - 75cl","p":1.68,"u":"2,24 €/L","img":"https://fd13-photos.leclercdrive.fr/image.ashx?id=2861854&use=l&cat=p&typeid=i","cat":284917},{"id":47722,"n":"Compotes Pom'Potes Gourdes  Pomme Nature - 12x90g","p":4.49,"u":"4,16 €/KG","img":"https://fd13-photos.leclercdrive.fr/image.ashx?id=2968082&use=l&cat=p&typeid=i","cat":284508},{"id":47725,"n":"Bière blonde Lime Desperados 3%vol. - 3x33cl","p":4.72,"u":"4,77 €/L","img":"https://fd13-photos.leclercdrive.fr/image.ashx?id=2655868&use=l&cat=p&typeid=i","cat":334878},{"id":47726,"n":"Bière Red Desperados 5.9%vol. - 3x33cl","p":4.99,"u":"5,04 €/L","img":"https://fd13-photos.leclercdrive.fr/image.ashx?id=2918640&use=l&cat=p&typeid=i","cat":334878},{"id":47734,"n":"Huile spécial fondue Cauvin 1L","p":5.24,"u":"5,24 €/L","img":"https://fd13-photos.leclercdrive.fr/image.ashx?id=2484218&use=l&cat=p&typeid=i","cat":284453},{"id":47742,"n":"Lait nuage de lait Régilait Non sucré entier - 10x14g","p":0.53,"u":"3,79 €/KG","img":"https://fd13-photos.leclercdrive.fr/image.ashx?id=2018649&use=l&cat=p&typeid=i","cat":299162},{"id":47743,"n":"Lait en poudre écrémé Régilait Instantané - 300g","p":2.49,"u":"8,30 €/KG","img":"https://fd13-photos.leclercdrive.fr/image.ashx?id=2110080&use=l&cat=p&typeid=i","cat":299162},{"id":47795,"n":"Papier toilette humide Lotus Aloe Douceur - x42 feuilles","p":1.78,"u":"0,04 €/P","img":"https://fd13-photos.leclercdrive.fr/image.ashx?id=2864840&use=l&cat=p&typeid=i","cat":284634},{"id":47797,"n":"Papier toilette Lotus Confort Blanc - Aquatube - x12","p":4.03,"u":"0,34 €/P","img":"https://fd13-photos.leclercdrive.fr/image.ashx?id=3002213&use=l&cat=p&typeid=i","cat":284634},{"id":47807,"n":"Boisson Sunny Delight Multivitamines - 1,25L","p":2.38,"u":"1,90 €/L","img":"https://fd13-photos.leclercdrive.fr/image.ashx?id=2309948&use=l&cat=p&typeid=i","cat":285435},{"id":47865,"n":"Apéritif Lillet Rosé à base de vin 17% vol 75cl","p":12.73,"u":"16,97 €/L","img":"https://fd13-photos.leclercdrive.fr/image.ashx?id=2946493&use=l&cat=p&typeid=i","cat":304569},{"id":47866,"n":"Apéritif Lillet Blanc à base de vin 17% vol 75cl","p":12.59,"u":"16,79 €/L","img":"https://fd13-photos.leclercdrive.fr/image.ashx?id=2998922&use=l&cat=p&typeid=i","cat":304569},{"id":47872,"n":"IGP Atlantique blanc Honoré de Berticot - 75cl","p":3.45,"u":"4,60 €/L","img":"https://fd13-photos.leclercdrive.fr/image.ashx?id=1882265&use=l&cat=p&typeid=i","cat":289557},{"id":47926,"n":"Ktipiti Extra L'atelier blini - 175g","p":2.72,"u":"15,54 €/KG","img":"https://fd13-photos.leclercdrive.fr/image.ashx?id=2973706&use=l&cat=p&typeid=i","cat":315999},{"id":47927,"n":"Blinis Cocktail Blini x16 - 135g","p":1.72,"u":"12,74 €/KG","img":"https://fd13-photos.leclercdrive.fr/image.ashx?id=2947952&use=l&cat=p&typeid=i","cat":285191},{"id":47983,"n":"AOP Crémant Alsace Arthur Metz Blanc Demi-sec millésimé - 75cl","p":6.5,"u":"8,67 €/L","img":"https://fd13-photos.leclercdrive.fr/image.ashx?id=2432100&use=l&cat=p&typeid=i","cat":284544},{"id":48007,"n":"Vin mousseux de France Kriter blanc Demi-sec - 75cl","p":4.99,"u":"6,65 €/L","img":"https://fd13-photos.leclercdrive.fr/image.ashx?id=2840871&use=l&cat=p&typeid=i","cat":284544},{"id":48011,"n":"AOP Côtes de Provence rosé Parsat - BIB 3L","p":15.9,"u":"5,30 €/L","img":"https://fd13-photos.leclercdrive.fr/image.ashx?id=2905420&use=l&cat=p&typeid=i","cat":289560},{"id":48020,"n":"Pochettes Exacompta Perforées - x50","p":2.7,"img":"https://fd13-photos.leclercdrive.fr/image.ashx?id=1869919&use=l&cat=p&typeid=i","cat":284745},{"id":48029,"n":"Sirop Moulin de Valdonne Pêche blanche - 70cl","p":3.57,"u":"5,10 €/L","img":"https://fd13-photos.leclercdrive.fr/image.ashx?id=2842678&use=l&cat=p&typeid=i","cat":295020},{"id":48030,"n":"Bâtonnets surimi Fleury Michon  Fromage et herbes MSC x16 -256g","p":2.89,"u":"11,29 €/KG","img":"https://fd13-photos.leclercdrive.fr/image.ashx?id=2936944&use=l&cat=p&typeid=i","cat":285189},{"id":48055,"n":"Hachis parmentier Marie  1kg","p":5.29,"u":"5,29 €/KG","img":"https://fd13-photos.leclercdrive.fr/image.ashx?id=2993385&use=l&cat=p&typeid=i","cat":284254},{"id":48079,"n":"Vinaigre de Cidre MAILLE au jus de pomme concentré 50cl","p":1.99,"u":"3,98 €/L","img":"https://fd13-photos.leclercdrive.fr/image.ashx?id=2945421&use=l&cat=p&typeid=i","cat":298543},{"id":48093,"n":"Cartouche d'encre HP Grande capacité Noir - 301XL","p":46.99,"img":"https://fd13-photos.leclercdrive.fr/image.ashx?id=854034&use=l&cat=p&typeid=i","cat":316445},{"id":48095,"n":"Cartouches d'encre HP Cyan/Magenta/Jaune - 301","p":28.99,"img":"https://fd13-photos.leclercdrive.fr/image.ashx?id=854030&use=l&cat=p&typeid=i","cat":316445},{"id":48106,"n":"Thon vapeur Petit Navire 130g","p":1.9,"u":"14,62 €/KG","img":"https://fd13-photos.leclercdrive.fr/image.ashx?id=2536918&use=l&cat=p&typeid=i","cat":303867},{"id":48107,"n":"Thon mariné Petit Navire Citron/thym - 110g","p":2.18,"u":"19,82 €/KG","img":"https://fd13-photos.leclercdrive.fr/image.ashx?id=2986122&use=l&cat=p&typeid=i","cat":303867},{"id":48112,"n":"Poivre noir moulu Ducros Fort, N°9 - 35g","p":2.46,"u":"70,29 €/KG","img":"https://fd13-photos.leclercdrive.fr/image.ashx?id=2486593&use=l&cat=p&typeid=i","cat":284457},{"id":48113,"n":"Thym Ducros Flacon - 14g","p":1.13,"u":"80,71 €/KG","img":"https://fd13-photos.leclercdrive.fr/image.ashx?id=2983210&use=l&cat=p&typeid=i","cat":298297},{"id":48114,"n":"Persil Ducros 5g","p":1.03,"u":"206,00 €/KG","img":"https://fd13-photos.leclercdrive.fr/image.ashx?id=2490503&use=l&cat=p&typeid=i","cat":298297},{"id":48118,"n":"Whisky Glenmorangie Original 10ans - 40%vol - 70cl","p":28.03,"u":"40,04 €/L","img":"https://fd13-photos.leclercdrive.fr/image.ashx?id=2525408&use=l&cat=p&typeid=i","cat":284547},{"id":48123,"n":"IGP Pâte Radiatori Garofalo Festives - 500g","p":2.4,"u":"4,80 €/KG","img":"https://fd13-photos.leclercdrive.fr/image.ashx?id=2994560&use=l&cat=p&typeid=i","cat":284427},{"id":48126,"n":"Sachets congelation Alfapac Petit modèle  X50","p":2.28,"u":"0,05 €/P","img":"https://fd13-photos.leclercdrive.fr/image.ashx?id=2918694&use=l&cat=p&typeid=i","cat":334134},{"id":48128,"n":"Sachets congélation Alfapac Grand modèle x25","p":2.07,"u":"0,08 €/P","img":"https://fd13-photos.leclercdrive.fr/image.ashx?id=2918697&use=l&cat=p&typeid=i","cat":334134},{"id":48129,"n":"Aneth Florette 11g","p":1.71,"u":"155,45 €/KG","img":"https://fd13-photos.leclercdrive.fr/image.ashx?id=2645573&use=l&cat=p&typeid=i","cat":293607},{"id":48152,"n":"Ecrasé de pdt Florette Huile d'olive - 2x200g","p":2.9,"u":"7,44 €/KG","img":"https://fd13-photos.leclercdrive.fr/image.ashx?id=2795144&use=l&cat=p&typeid=i","cat":333665},{"id":48164,"n":"Barres céréales Extra Kellogg's Chocolat et Amande - 4x32g","p":2.79,"u":"21,80 €/KG","img":"https://fd13-photos.leclercdrive.fr/image.ashx?id=2736601&use=l&cat=p&typeid=i","cat":285869},{"id":48167,"n":"Dosettes café Plantation  Doux - x36 - 250g","p":3.83,"u":"15,32 €/KG","img":"https://fd13-photos.leclercdrive.fr/image.ashx?id=2622121&use=l&cat=p&typeid=i","cat":293238},{"id":48184,"n":"Pistaches Maître Prunille Coques grillées sans sel -160g","p":3.93,"u":"24,56 €/KG","img":"https://fd13-photos.leclercdrive.fr/image.ashx?id=2107961&use=l&cat=p&typeid=i","cat":316002},{"id":48197,"n":"Raisins Golden Sun 500g","p":3.98,"u":"7,96 €/KG","img":"https://fd13-photos.leclercdrive.fr/image.ashx?id=2692227&use=l&cat=p&typeid=i","cat":284357},{"id":48200,"n":"Rillettes de poulet rôti Bordeau Chesnel - 220g","p":2.35,"u":"10,68 €/KG","img":"https://fd13-photos.leclercdrive.fr/image.ashx?id=2855046&use=l&cat=p&typeid=i","cat":316008},{"id":48203,"n":"Olives vertes Croc'frais A l'orientale Dénoyautées 200g","p":2.87,"u":"14,35 €/KG","img":"https://fd13-photos.leclercdrive.fr/image.ashx?id=2833702&use=l&cat=p&typeid=i","cat":316002},{"id":48210,"n":"Pâte d'amande Maître Prunille Tricolore - 250g","p":2.09,"u":"8,36 €/KG","img":"https://fd13-photos.leclercdrive.fr/image.ashx?id=2248330&use=l&cat=p&typeid=i","cat":284504},{"id":48211,"n":"Mélange de saison Florette 320g","p":2.55,"u":"7,97 €/KG","img":"https://fd13-photos.leclercdrive.fr/image.ashx?id=2844055&use=l&cat=p&typeid=i","cat":284353},{"id":48226,"n":"Petit Pois, Carotte Cassegrain Tendres et Fondants 130g","p":1.21,"u":"9,31 €/KG","img":"https://fd13-photos.leclercdrive.fr/image.ashx?id=2912977&use=l&cat=p&typeid=i","cat":312607},{"id":48251,"n":"Paupiette de veau Tendriade 780g","p":12.9,"u":"16,54 €/KG","img":"https://fd13-photos.leclercdrive.fr/image.ashx?id=2799491&use=l&cat=p&typeid=i","cat":284329},{"id":48255,"n":"Recharge EasyWax Expert Veet Bras Jambes Peaux Normales 50ml","p":6.81,"u":"136,20 €/L","img":"https://fd13-photos.leclercdrive.fr/image.ashx?id=2970789&use=l&cat=p&typeid=i","cat":325351},{"id":48258,"n":"Croquettes chat Ultima Stérilisé - Saumon - 3kg","p":11.32,"u":"3,77 €/KG","img":"https://fd13-photos.leclercdrive.fr/image.ashx?id=2922221&use=l&cat=p&typeid=i","cat":284680},{"id":48259,"n":"Apéritif ambre St Raphael  14% - 1L","p":6.31,"u":"6,31 €/L","img":"https://fd13-photos.leclercdrive.fr/image.ashx?id=2288335&use=l&cat=p&typeid=i","cat":284913},{"id":48264,"n":"Porto Tawny Rozes 20% - 75cl","p":9.0,"u":"12,00 €/L","img":"https://fd13-photos.leclercdrive.fr/image.ashx?id=2248912&use=l&cat=p&typeid=i","cat":284913},{"id":48265,"n":"Porto Cruz  Réserve - 19%vol - 75cl","p":10.45,"u":"13,93 €/L","img":"https://fd13-photos.leclercdrive.fr/image.ashx?id=3011092&use=l&cat=p&typeid=i","cat":284913},{"id":48268,"n":"Gin Gordon's 37.5%vol - 70cl","p":12.95,"u":"18,50 €/L","img":"https://fd13-photos.leclercdrive.fr/image.ashx?id=2736388&use=l&cat=p&typeid=i","cat":284550},{"id":48272,"n":"Liqueur de menthe Get 31 24° - 70cl","p":14.5,"u":"20,71 €/L","img":"https://fd13-photos.leclercdrive.fr/image.ashx?id=2840497&use=l&cat=p&typeid=i","cat":286032},{"id":48277,"n":"Coloration cheveux Kit Racines Schwarzkopf - R1 châtain clair","p":5.7,"img":"https://fd13-photos.leclercdrive.fr/image.ashx?id=2817482&use=l&cat=p&typeid=i","cat":288899},{"id":48286,"n":"Mousse au chocolat Marie Morin 400g","p":6.33,"u":"15,83 €/KG","img":"https://fd13-photos.leclercdrive.fr/image.ashx?id=2633064&use=l&cat=p&typeid=i","cat":284417},{"id":48299,"n":"Burger Le Charolais Daunat Boeuf emmental - 180g","p":3.04,"u":"16,89 €/KG","img":"https://fd13-photos.leclercdrive.fr/image.ashx?id=2967175&use=l&cat=p&typeid=i","cat":333671},{"id":48302,"n":"Sandwich triangle Daunat Poulet rôti mayonnaise - 160g","p":1.44,"u":"9,00 €/KG","img":"https://fd13-photos.leclercdrive.fr/image.ashx?id=2894257&use=l&cat=p&typeid=i","cat":333658},{"id":48306,"n":"IGP Pays d'Oc rosé Grenache Les Ormes de Cambras 11.5% 75cl","p":3.21,"u":"4,28 €/L","img":"https://fd13-photos.leclercdrive.fr/image.ashx?id=2285234&use=l&cat=p&typeid=i","cat":289558},{"id":48307,"n":"IGP Pays d'Oc rosé Grenache Les Ormes de Cambras - BIB 5L","p":14.95,"u":"2,99 €/L","img":"https://fd13-photos.leclercdrive.fr/image.ashx?id=2489458&use=l&cat=p&typeid=i","cat":289560},{"id":48309,"n":"Bière aromatisée Skøll Vodka et agrumes - 3x33cl","p":3.75,"u":"3,79 €/L","img":"https://fd13-photos.leclercdrive.fr/image.ashx?id=2803556&use=l&cat=p&typeid=i","cat":334878},{"id":48310,"n":"Concentré à diluer Pulco Citron vert - 70cl","p":2.39,"u":"3,41 €/L","img":"https://fd13-photos.leclercdrive.fr/image.ashx?id=2686630&use=l&cat=p&typeid=i","cat":295020},{"id":48311,"n":"Concentré à diluer Pulco Orange Citron - 70cl","p":2.52,"u":"3,60 €/L","img":"https://fd13-photos.leclercdrive.fr/image.ashx?id=2686633&use=l&cat=p&typeid=i","cat":295020},{"id":48312,"n":"Eau minérale gazeuse Perrier  Fines bulles - 6x50cl","p":3.46,"u":"1,15 €/L","img":"https://fd13-photos.leclercdrive.fr/image.ashx?id=2737021&use=l&cat=p&typeid=i","cat":284536},{"id":48314,"n":"Spécialité laitière Délisse Oncteux Stracciatella - 4x120g","p":1.76,"u":"3,67 €/KG","img":"https://fd13-photos.leclercdrive.fr/image.ashx?id=2554834&use=l&cat=p&typeid=i","cat":314999},{"id":48348,"n":"Chocolat au lait Lindt Création Caramel - 150g","p":3.23,"u":"21,53 €/KG","img":"https://fd13-photos.leclercdrive.fr/image.ashx?id=2685814&use=l&cat=p&typeid=i","cat":284497},{"id":48352,"n":"Tablette de chocolat noir Lindt Orange intense - 100g","p":2.23,"u":"22,30 €/KG","img":"https://fd13-photos.leclercdrive.fr/image.ashx?id=2689496&use=l&cat=p&typeid=i","cat":284956},{"id":48353,"n":"Tablette de chocolat noir Lindt 70% cacao - 100g","p":2.22,"u":"22,20 €/KG","img":"https://fd13-photos.leclercdrive.fr/image.ashx?id=2681592&use=l&cat=p&typeid=i","cat":284956},{"id":48354,"n":"Tablette de chocolat noir Lindt 85% cacao - 100g","p":2.22,"u":"22,20 €/KG","img":"https://fd13-photos.leclercdrive.fr/image.ashx?id=2681589&use=l&cat=p&typeid=i","cat":284956},{"id":48355,"n":"Tablette de chocolat noir Lindt Caramel Pointe de sel - 100g","p":2.23,"u":"22,30 €/KG","img":"https://fd13-photos.leclercdrive.fr/image.ashx?id=2689493&use=l&cat=p&typeid=i","cat":284956},{"id":48373,"n":"Démélant Petit Manava Pour enfants, spray - 200ml","p":2.05,"u":"10,25 €/L","img":"https://fd13-photos.leclercdrive.fr/image.ashx?id=2713655&use=l&cat=p&typeid=i","cat":284608},{"id":48376,"n":"Café moulu Velours Noir 100% Arabica - 2x250g","p":8.94,"u":"17,88 €/KG","img":"https://fd13-photos.leclercdrive.fr/image.ashx?id=2229299&use=l&cat=p&typeid=i","cat":284750},{"id":48378,"n":"Café moulu Jacques Vabre Brésil 100% Arabica - 250g","p":4.47,"u":"17,88 €/KG","img":"https://fd13-photos.leclercdrive.fr/image.ashx?id=2100380&use=l&cat=p&typeid=i","cat":284750},{"id":48383,"n":"Gel Lubrifiant Massage 2 en 1 Durex Sensuel Ylang Ylang 200ml","p":6.94,"u":"34,70 €/L","img":"https://fd13-photos.leclercdrive.fr/image.ashx?id=2736562&use=l&cat=p&typeid=i","cat":285160},{"id":48392,"n":"Boules en cire naturelle Quies x12 paires","p":4.36,"u":"0,36 €/P","img":"https://fd13-photos.leclercdrive.fr/image.ashx?id=2159502&use=l&cat=p&typeid=i","cat":284630},{"id":48419,"n":"AOP Alsace Riesling blanc Wolfberger - 75cl","p":6.5,"pp":4.87,"u":"6,49 €/L","img":"https://fd13-photos.leclercdrive.fr/image.ashx?id=2905357&use=l&cat=p&typeid=i","cat":289557},{"id":48423,"n":"AOP Menetou-Salon blanc Les Petites Plantes - 75cl","p":8.95,"u":"11,93 €/L","img":"https://fd13-photos.leclercdrive.fr/image.ashx?id=1848481&use=l&cat=p&typeid=i","cat":289557},{"id":48424,"n":"AOP Quincy blanc Mardelles Loire - 75cl","p":8.5,"u":"11,33 €/L","img":"https://fd13-photos.leclercdrive.fr/image.ashx?id=1750274&use=l&cat=p&typeid=i","cat":289557},{"id":48425,"n":"AOC Côteaux du Giennois blanc Terre des Loups - 75cl","p":7.95,"u":"10,60 €/L","img":"https://fd13-photos.leclercdrive.fr/image.ashx?id=2642543&use=l&cat=p&typeid=i","cat":289557},{"id":48471,"n":"Mélange 5 baies n°5 Ducros 70g","p":3.85,"u":"55,00 €/KG","img":"https://fd13-photos.leclercdrive.fr/image.ashx?id=2486602&use=l&cat=p&typeid=i","cat":284457},{"id":48482,"n":"AOP Côtes du Rhône rouge Bio Domaine Sarrelon - 75cl","p":6.5,"u":"8,67 €/L","img":"https://fd13-photos.leclercdrive.fr/image.ashx?id=1600950&use=l&cat=p&typeid=i","cat":289556},{"id":48490,"n":"AOP Saumur Mlle Ladubay Blanc brut 75cl","p":6.25,"u":"8,33 €/L","img":"https://fd13-photos.leclercdrive.fr/image.ashx?id=1758103&use=l&cat=p&typeid=i","cat":284544},{"id":48491,"n":"AOP Saumur Mlle Ladubay Blanc demi sec - 75cl","p":6.25,"u":"8,33 €/L","img":"https://fd13-photos.leclercdrive.fr/image.ashx?id=2246644&use=l&cat=p&typeid=i","cat":284544},{"id":48492,"n":"AOP Montlouis Brut Cuvée des Anges - 75cl","p":6.95,"u":"9,27 €/L","img":"https://fd13-photos.leclercdrive.fr/image.ashx?id=2885372&use=l&cat=p&typeid=i","cat":284545},{"id":48493,"n":"Viande hachée Pur Boeuf 5%MG Les Eleveurs de Bretagne - 350g","p":7.49,"u":"21,40 €/KG","img":"https://fd13-photos.leclercdrive.fr/image.ashx?id=2406061&use=l&cat=p&typeid=i","cat":284332},{"id":48494,"n":"Steak haché Pur Boeuf 5%MG Les Eleveurs de Bretagne - 250g","p":5.59,"u":"22,36 €/KG","img":"https://fd13-photos.leclercdrive.fr/image.ashx?id=2406055&use=l&cat=p&typeid=i","cat":284332},{"id":48495,"n":"Steak haché Pur Boeuf 5%MG Les Eleveurs de Bretagne - 400g","p":8.69,"u":"21,73 €/KG","img":"https://fd13-photos.leclercdrive.fr/image.ashx?id=2406058&use=l&cat=p&typeid=i","cat":284332},{"id":48504,"n":"Faux filet *** Charal  x1 - 200g","p":6.35,"u":"31,75 €/KG","img":"https://fd13-photos.leclercdrive.fr/image.ashx?id=1893008&use=l&cat=p&typeid=i","cat":284328},{"id":48508,"n":"Ketchup AMORA Flacon Souple - 550g","p":1.48,"u":"2,69 €/KG","img":"https://fd13-photos.leclercdrive.fr/image.ashx?id=2766649&use=l&cat=p&typeid=i","cat":284455},{"id":48511,"n":"Menagère poivre blanc  Ducros N° 8 - 90g","p":4.05,"u":"45,00 €/KG","img":"https://fd13-photos.leclercdrive.fr/image.ashx?id=2559481&use=l&cat=p&typeid=i","cat":284457},{"id":48512,"n":"Poivre noir n°6 Ducros Moulin - 28g","p":3.2,"u":"114,29 €/KG","img":"https://fd13-photos.leclercdrive.fr/image.ashx?id=2559472&use=l&cat=p&typeid=i","cat":284457},{"id":48513,"n":"Poivre noir n°6 Ducros Grains - 90g","p":3.06,"u":"34,00 €/KG","img":"https://fd13-photos.leclercdrive.fr/image.ashx?id=2473336&use=l&cat=p&typeid=i","cat":284457},{"id":48515,"n":"Coriandre Ducros Moulue - 32g","p":1.22,"u":"38,13 €/KG","img":"https://fd13-photos.leclercdrive.fr/image.ashx?id=2490497&use=l&cat=p&typeid=i","cat":298297},{"id":48525,"n":"Tomato Ketchup Heinz - 700g","p":2.69,"u":"3,84 €/KG","img":"https://fd13-photos.leclercdrive.fr/image.ashx?id=2729326&use=l&cat=p&typeid=i","cat":284455},{"id":48526,"n":"AOP Saint-Pourçain blanc Domaine Chérillat - 75cl","p":8.9,"u":"11,87 €/L","img":"https://fd13-photos.leclercdrive.fr/image.ashx?id=1756678&use=l&cat=p&typeid=i","cat":289557},{"id":48527,"n":"Vin blanc Domaine Haut Perron Touraine Sauvignon -  75cl","p":6.5,"u":"8,67 €/L","img":"https://fd13-photos.leclercdrive.fr/image.ashx?id=2862530&use=l&cat=p&typeid=i","cat":289557},{"id":48528,"n":"AOP Sancerre blanc La Vigne Blanche - 75cl","p":15.5,"u":"20,67 €/L","img":"https://fd13-photos.leclercdrive.fr/image.ashx?id=969417&use=l&cat=p&typeid=i","cat":289557},{"id":48531,"n":"AOC Côtes de Provence rosé L'Escalette - 75cl","p":8.9,"u":"11,87 €/L","img":"https://fd13-photos.leclercdrive.fr/image.ashx?id=2772122&use=l&cat=p&typeid=i","cat":289558},{"id":48537,"n":"AOP Saint Nicolas de Bourgueil Les Acacias - 75cl","p":8.5,"u":"11,33 €/L","img":"https://fd13-photos.leclercdrive.fr/image.ashx?id=853091&use=l&cat=p&typeid=i","cat":289556},{"id":48545,"n":"Biscuits petit beurre LU 400g","p":2.09,"u":"5,23 €/KG","img":"https://fd13-photos.leclercdrive.fr/image.ashx?id=2119376&use=l&cat=p&typeid=i","cat":284487},{"id":48573,"n":"Barre Chocolat au Lait KitKat x10 barres - 415g","p":4.79,"u":"1,15 €/L","img":"https://fd13-photos.leclercdrive.fr/image.ashx?id=2905045&use=l&cat=p&typeid=i","cat":284498},{"id":48589,"n":"Lait bébé poudre Gallia Calisma croissance Dès 12 mois 1,2kg","p":15.68,"u":"13,07 €/KG","img":"https://fd13-photos.leclercdrive.fr/image.ashx?id=2973553&use=l&cat=p&typeid=i","cat":290219},{"id":48591,"n":"Lait bébé Gallia Calisma croissance Dès 12 mois 4x1L","p":8.96,"u":"2,24 €/L","img":"https://fd13-photos.leclercdrive.fr/image.ashx?id=2481249&use=l&cat=p&typeid=i","cat":284728},{"id":48603,"n":"Farine de blé Francine 1,4kg","p":1.54,"u":"1,10 €/KG","img":"https://fd13-photos.leclercdrive.fr/image.ashx?id=2881308&use=l&cat=p&typeid=i","cat":284503},{"id":48604,"n":"Farine fluide Francine 1.4kg","p":1.61,"u":"1,15 €/KG","img":"https://fd13-photos.leclercdrive.fr/image.ashx?id=2881305&use=l&cat=p&typeid=i","cat":284503},{"id":48611,"n":"Plat bébé soir Blédiner 12 mois Pâtes légumes - 2x200g","p":2.15,"u":"5,38 €/KG","img":"https://fd13-photos.leclercdrive.fr/image.ashx?id=2975068&use=l&cat=p&typeid=i","cat":312239},{"id":48615,"n":"Coton Demak'up Duo disque x108","p":1.73,"u":"0,02 €/P","img":"https://fd13-photos.leclercdrive.fr/image.ashx?id=2791461&use=l&cat=p&typeid=i","cat":285593},{"id":48633,"n":"Boisson gourmande PAGO Fraise 75cl","p":2.61,"u":"3,48 €/L","img":"https://fd13-photos.leclercdrive.fr/image.ashx?id=2954007&use=l&cat=p&typeid=i","cat":284915},{"id":48646,"n":"Soda à l'orange Orangina Sans Sucres - 6x33cl","p":3.61,"u":"1,82 €/L","img":"https://fd13-photos.leclercdrive.fr/image.ashx?id=2946931&use=l&cat=p&typeid=i","cat":284532},{"id":48697,"n":"Sachet chat Purina One Sterillcat - 8x85g","p":3.63,"u":"5,34 €/KG","img":"https://fd13-photos.leclercdrive.fr/image.ashx?id=2899695&use=l&cat=p&typeid=i","cat":285286},{"id":48698,"n":"Croquettes chat Purina One Stérilisé/Intérieur-Poulet1.5kg","p":6.95,"u":"4,63 €/KG","img":"https://fd13-photos.leclercdrive.fr/image.ashx?id=2681257&use=l&cat=p&typeid=i","cat":284680},{"id":48701,"n":"Barquette chat Sheba Terrine aux poissons - 4x85g","p":2.02,"u":"23,76 €/KG","img":"https://fd13-photos.leclercdrive.fr/image.ashx?id=2091299&use=l&cat=p&typeid=i","cat":285286},{"id":48704,"n":"Boîte chat Whiskas Gelée du pêcheur - 4x390g","p":4.42,"u":"2,83 €/KG","img":"https://fd13-photos.leclercdrive.fr/image.ashx?id=2759622&use=l&cat=p&typeid=i","cat":285601},{"id":48711,"n":"Friandises chien Fido  Dental Delicious - 130g","p":1.55,"u":"11,92 €/KG","img":"https://fd13-photos.leclercdrive.fr/image.ashx?id=2361614&use=l&cat=p&typeid=i","cat":294527},{"id":48715,"n":"Poires demi-fruits Eco+ Sirop léger - 455 g","p":1.67,"u":"3,67 €/KG","img":"https://fd13-photos.leclercdrive.fr/image.ashx?id=2084832&use=l&cat=p&typeid=i","cat":284507},{"id":48717,"n":"Barquettes chats Gourmet Gold Les mousselines - 24x85g","p":10.79,"u":"5,29 €/KG","img":"https://fd13-photos.leclercdrive.fr/image.ashx?id=2861500&use=l&cat=p&typeid=i","cat":285286},{"id":48721,"n":"Poêlée jardinière D'aucy  580g","p":2.61,"u":"4,50 €/KG","img":"https://fd13-photos.leclercdrive.fr/image.ashx?id=2582816&use=l&cat=p&typeid=i","cat":312612},{"id":48725,"n":"Légumes pour Couscous D'Aucy Orientale - 800g","p":1.75,"u":"2,19 €/KG","img":"https://fd13-photos.leclercdrive.fr/image.ashx?id=2577800&use=l&cat=p&typeid=i","cat":312612},{"id":48734,"n":"Grand duc Ducros Touch'salade Provençale -180g","p":4.87,"u":"27,06 €/KG","img":"https://fd13-photos.leclercdrive.fr/image.ashx?id=1637670&use=l&cat=p&typeid=i","cat":298297},{"id":48738,"n":"Sauce Andalouse Colona Tube - 500ml","p":2.99,"u":"5,98 €/L","img":"https://fd13-photos.leclercdrive.fr/image.ashx?id=2687170&use=l&cat=p&typeid=i","cat":318431},{"id":48745,"n":"Chocolat Pâtissier Nestlé Dessert Lait - 170g","p":3.01,"u":"17,71 €/KG","img":"https://fd13-photos.leclercdrive.fr/image.ashx?id=2961242&use=l&cat=p&typeid=i","cat":285562},{"id":48777,"n":"Confiture Confipote allégée en  Sucres - Pot Fraise - 350g","p":1.75,"u":"5,00 €/KG","img":"https://fd13-photos.leclercdrive.fr/image.ashx?id=2388436&use=l&cat=p&typeid=i","cat":284480},{"id":48788,"n":"Céréales lentilles Jardin Bio Sachet express bio - 250g","p":2.08,"u":"8,32 €/KG","img":"https://fd13-photos.leclercdrive.fr/image.ashx?id=2159820&use=l&cat=p&typeid=i","cat":284953},{"id":48803,"n":"Confiture Confipote allégée en  Sucres - Pot Abricot - 350g","p":1.68,"u":"4,80 €/KG","img":"https://fd13-photos.leclercdrive.fr/image.ashx?id=2120959&use=l&cat=p&typeid=i","cat":284480},{"id":48806,"n":"Tomates pelées bio Jardin Bio - 480g","p":2.25,"u":"4,69 €/KG","img":"https://fd13-photos.leclercdrive.fr/image.ashx?id=2535571&use=l&cat=p&typeid=i","cat":288384},{"id":48807,"n":"Tartines bio Jardin Bio  Craquantes avoine - 150g","p":2.42,"u":"16,13 €/KG","img":"https://fd13-photos.leclercdrive.fr/image.ashx?id=2849187&use=l&cat=p&typeid=i","cat":318654},{"id":48809,"n":"Tartines bio Jardin Bio Craquantes au sarrasin - 300g","p":3.93,"u":"13,10 €/KG","img":"https://fd13-photos.leclercdrive.fr/image.ashx?id=2535562&use=l&cat=p&typeid=i","cat":284479},{"id":48810,"n":"Tortillas chili Jardin Bio Sans gluten bio - 125g","p":1.91,"u":"15,28 €/KG","img":"https://fd13-photos.leclercdrive.fr/image.ashx?id=2959475&use=l&cat=p&typeid=i","cat":318654},{"id":48811,"n":"Tortillas nature Jardin Bio Sans gluten bio - 125g","p":1.99,"u":"15,92 €/KG","img":"https://fd13-photos.leclercdrive.fr/image.ashx?id=2537643&use=l&cat=p&typeid=i","cat":318654},{"id":48812,"n":"Masque Nuti-extrême Dessange Cheveux très secs - 250ml","p":5.34,"u":"21,36 €/L","img":"https://fd13-photos.leclercdrive.fr/image.ashx?id=2819400&use=l&cat=p&typeid=i","cat":284608},{"id":48814,"n":"Soin Démêlant Dessange Nutri-Extrême - 200ml","p":2.54,"u":"12,70 €/L","img":"https://fd13-photos.leclercdrive.fr/image.ashx?id=2828070&use=l&cat=p&typeid=i","cat":284607},{"id":48822,"n":"Friandises chat Catisfactions Saumon - 180g","p":3.18,"u":"17,67 €/KG","img":"https://fd13-photos.leclercdrive.fr/image.ashx?id=2912527&use=l&cat=p&typeid=i","cat":285285},{"id":48839,"n":"Lait concentré Régilait Non sucré, demi écrémé - 410g","p":1.34,"u":"3,27 €/KG","img":"https://fd13-photos.leclercdrive.fr/image.ashx?id=2405863&use=l&cat=p&typeid=i","cat":299162},{"id":48844,"n":"Préparation gâteau Nestlé Moelleux chocolat - 344g","p":3.85,"u":"11,19 €/KG","img":"https://fd13-photos.leclercdrive.fr/image.ashx?id=2848376&use=l&cat=p&typeid=i","cat":284505},{"id":48846,"n":"Purée tomate bio Jardin Bio 200g","p":0.94,"u":"4,70 €/KG","img":"https://fd13-photos.leclercdrive.fr/image.ashx?id=2535034&use=l&cat=p&typeid=i","cat":288384},{"id":48854,"n":"Jus de carotte Le jardin Bio Origine France - 75cl","p":2.63,"u":"3,51 €/L","img":"https://fd13-photos.leclercdrive.fr/image.ashx?id=2743463&use=l&cat=p&typeid=i","cat":284523},{"id":48870,"n":"Infusion bio Jardin Bio Thym de France x20 - 28g","p":2.63,"u":"93,93 €/KG","img":"https://fd13-photos.leclercdrive.fr/image.ashx?id=2792840&use=l&cat=p&typeid=i","cat":293234},{"id":48875,"n":"Décor pour gateaux Vahiné Spécial anniversaire - x1","p":1.51,"img":"https://fd13-photos.leclercdrive.fr/image.ashx?id=2833345&use=l&cat=p&typeid=i","cat":284504},{"id":48877,"n":"Récré O'lé Mont Blanc - 12x85g Choco/Caramel/Biscuit/Brownie","p":5.33,"u":"5,23 €/KG","img":"https://fd13-photos.leclercdrive.fr/image.ashx?id=3011608&use=l&cat=p&typeid=i","cat":284506},{"id":48878,"n":"Jus Le Jardin Bio Pruneaux - 75cl","p":3.67,"u":"4,89 €/L","img":"https://fd13-photos.leclercdrive.fr/image.ashx?id=2669190&use=l&cat=p&typeid=i","cat":284915},{"id":48879,"n":"Purée de piment Tables du Monde - 100g","p":1.19,"u":"11,90 €/KG","img":"https://fd13-photos.leclercdrive.fr/image.ashx?id=2679744&use=l&cat=p&typeid=i","cat":288992},{"id":48915,"n":"Sauce Arôme Maggi 1kg","p":6.38,"u":"6,38 €/KG","img":"https://fd13-photos.leclercdrive.fr/image.ashx?id=2785352&use=l&cat=p&typeid=i","cat":288379},{"id":48993,"n":"Sauce Samouraï Colona Tube - 500ml","p":2.85,"u":"5,70 €/L","img":"https://fd13-photos.leclercdrive.fr/image.ashx?id=2687167&use=l&cat=p&typeid=i","cat":318431},{"id":49018,"n":"Beurre Moulé Paysan Breton Sel de guérande - 80% MG - 250g","p":3.18,"u":"12,72 €/KG","img":"https://fd13-photos.leclercdrive.fr/image.ashx?id=2869035&use=l&cat=p&typeid=i","cat":284379},{"id":49050,"n":"Boisson gazeuse Sprink's Sans alcool - Mojito - 1.5L","p":1.75,"u":"1,17 €/L","img":"https://fd13-photos.leclercdrive.fr/image.ashx?id=2925976&use=l&cat=p&typeid=i","cat":284531},{"id":49070,"n":"Préparation gâteau Nestlé Coeur fondant - 305g","p":3.98,"u":"13,05 €/KG","img":"https://fd13-photos.leclercdrive.fr/image.ashx?id=2848385&use=l&cat=p&typeid=i","cat":284505},{"id":49077,"n":"Biscuit P'tit Deli  Chocolat lait - 150g","p":1.58,"u":"10,53 €/KG","img":"https://fd13-photos.leclercdrive.fr/image.ashx?id=2529605&use=l&cat=p&typeid=i","cat":284488},{"id":49078,"n":"Gaufrette P'tit Déli  Chocolat lait - 125g","p":1.29,"u":"10,32 €/KG","img":"https://fd13-photos.leclercdrive.fr/image.ashx?id=2399856&use=l&cat=p&typeid=i","cat":284490},{"id":49079,"n":"Petites madeleines P'tit Deli  Pépites de chocolat - 400g","p":1.7,"u":"4,25 €/KG","img":"https://fd13-photos.leclercdrive.fr/image.ashx?id=2999511&use=l&cat=p&typeid=i","cat":284492},{"id":49083,"n":"Biscuit palmier feuilleté Eco+ 100g","p":0.43,"u":"4,30 €/KG","img":"https://fd13-photos.leclercdrive.fr/image.ashx?id=2768016&use=l&cat=p&typeid=i","cat":284487},{"id":49131,"n":"Gin Bombay Sapphire 40° - 70cl","p":22.85,"u":"32,64 €/L","img":"https://fd13-photos.leclercdrive.fr/image.ashx?id=2842879&use=l&cat=p&typeid=i","cat":284550},{"id":49175,"n":"Sucre glace Béghin Say Sachet - 1kg","p":2.26,"u":"2,26 €/KG","img":"https://fd13-photos.leclercdrive.fr/image.ashx?id=2326775&use=l&cat=p&typeid=i","cat":284502},{"id":49249,"n":"Gousse de vanille Bio Vahiné Madagascar Grand cru - 3g","p":5.46,"img":"https://fd13-photos.leclercdrive.fr/image.ashx?id=2559826&use=l&cat=p&typeid=i","cat":284504},{"id":49254,"n":"Gelifiant Vahiné Agar Agar - 8g","p":2.08,"u":"260,00 €/KG","img":"https://fd13-photos.leclercdrive.fr/image.ashx?id=2833342&use=l&cat=p&typeid=i","cat":284504},{"id":49255,"n":"Chantifix Vahiné 20g","p":0.7,"u":"35,00 €/KG","img":"https://fd13-photos.leclercdrive.fr/image.ashx?id=2559787&use=l&cat=p&typeid=i","cat":284504},{"id":49282,"n":"Tablette de chocolat noir Lindt Zeste de citron vert - 100g","p":2.4,"u":"24,00 €/KG","img":"https://fd13-photos.leclercdrive.fr/image.ashx?id=2608160&use=l&cat=p&typeid=i","cat":284956},{"id":49290,"n":"Protège-slips Vania Confort Flexiform Fresh - x28","p":1.35,"u":"0,05 €/P","img":"https://fd13-photos.leclercdrive.fr/image.ashx?id=2685123&use=l&cat=p&typeid=i","cat":284625},{"id":49294,"n":"Cotons Démaquillants Demak'Up Original - x105","p":1.36,"u":"0,01 €/P","img":"https://fd13-photos.leclercdrive.fr/image.ashx?id=2745274&use=l&cat=p&typeid=i","cat":284636},{"id":49295,"n":"Cotons Démaquillants Demak'Up Ovale sensitive - x48","p":1.5,"u":"0,03 €/P","img":"https://fd13-photos.leclercdrive.fr/image.ashx?id=2745277&use=l&cat=p&typeid=i","cat":284636},{"id":49296,"n":"Barre Chocolat au Lait Lion x10 barres - 420g","p":3.95,"u":"9,40 €/KG","img":"https://fd13-photos.leclercdrive.fr/image.ashx?id=2736988&use=l&cat=p&typeid=i","cat":284498},{"id":49298,"n":"Biscuits croquant Nutella &Go! Pâte à tartiner x2 packs - 104g","p":2.17,"u":"20,87 €/KG","img":"https://fd13-photos.leclercdrive.fr/image.ashx?id=2737240&use=l&cat=p&typeid=i","cat":284488},{"id":49304,"n":"Détachant Vanish  Powergel - 200ml","p":3.67,"u":"18,35 €/L","img":"https://fd13-photos.leclercdrive.fr/image.ashx?id=2587861&use=l&cat=p&typeid=i","cat":284651},{"id":49306,"n":"Gel anti-calcaire Calgon  Hygiène Plus - 2,25L","p":15.37,"u":"6,83 €/L","img":"https://fd13-photos.leclercdrive.fr/image.ashx?id=2953764&use=l&cat=p&typeid=i","cat":284653},{"id":49327,"n":"Déodorant Bille Homme Nivea Men Black&White Original - 50ml","p":1.89,"u":"37,80 €/L","img":"https://fd13-photos.leclercdrive.fr/image.ashx?id=2165815&use=l&cat=p&typeid=i","cat":284618},{"id":49333,"n":"Déodorant bille Men Expert Carbon Protection 48h - 50ml","p":2.63,"u":"52,60 €/L","img":"https://fd13-photos.leclercdrive.fr/image.ashx?id=2394561&use=l&cat=p&typeid=i","cat":284618},{"id":49337,"n":"Protège-slips Vania Confort Fresh - Normal - x28","p":1.67,"u":"0,06 €/P","img":"https://fd13-photos.leclercdrive.fr/image.ashx?id=2735203&use=l&cat=p&typeid=i","cat":284625},{"id":49338,"n":"Protège-slips plat Vania Confort Aloe Vera- Normal - x28","p":1.73,"u":"0,06 €/P","img":"https://fd13-photos.leclercdrive.fr/image.ashx?id=2735200&use=l&cat=p&typeid=i","cat":284625},{"id":49340,"n":"Cornichons Eco+ Au vinaigre - 190g","p":0.88,"u":"4,63 €/KG","img":"https://fd13-photos.leclercdrive.fr/image.ashx?id=2974711&use=l&cat=p&typeid=i","cat":284458},{"id":49342,"n":"Moutarde Eco+ Forte au vinaigre - 850g","p":1.7,"u":"2,00 €/KG","img":"https://fd13-photos.leclercdrive.fr/image.ashx?id=2954325&use=l&cat=p&typeid=i","cat":288850},{"id":49349,"n":"Petit croquant Kühne Aigre doux - 360g","p":3.45,"u":"9,58 €/KG","img":"https://fd13-photos.leclercdrive.fr/image.ashx?id=2551036&use=l&cat=p&typeid=i","cat":284458},{"id":49353,"n":"Olives apéro Borges A la marocaine - 150g","p":2.35,"u":"15,67 €/KG","img":"https://fd13-photos.leclercdrive.fr/image.ashx?id=2528274&use=l&cat=p&typeid=i","cat":284458},{"id":49354,"n":"Olives Noires Grecques Tramier  Dénoyautées 220g","p":2.63,"u":"26,30 €/KG","img":"https://fd13-photos.leclercdrive.fr/image.ashx?id=2836340&use=l&cat=p&typeid=i","cat":284450},{"id":49385,"n":"Litchis St-Mamet Dénoyautés - 250g","p":2.95,"u":"11,80 €/KG","img":"https://fd13-photos.leclercdrive.fr/image.ashx?id=2474215&use=l&cat=p&typeid=i","cat":284507},{"id":49400,"n":"Beurre La Motte Président  Demi-sel - 80% MG - 250g","p":3.77,"u":"15,08 €/KG","img":"https://fd13-photos.leclercdrive.fr/image.ashx?id=2903113&use=l&cat=p&typeid=i","cat":284379},{"id":49401,"n":"Matière grasse Primevere Bio à tartiner - 55% MG - 250g","p":2.11,"u":"8,44 €/KG","img":"https://fd13-photos.leclercdrive.fr/image.ashx?id=2928456&use=l&cat=p&typeid=i","cat":315229},{"id":49553,"n":"Bière Licorne Black 6%vol - 3x33cl","p":4.01,"u":"4,05 €/L","img":"https://fd13-photos.leclercdrive.fr/image.ashx?id=2853617&use=l&cat=p&typeid=i","cat":334852},{"id":49561,"n":"Gel Douche 5en1 Men Expert Pure carbon - 300ml","p":2.81,"u":"9,37 €/L","img":"https://fd13-photos.leclercdrive.fr/image.ashx?id=1603553&use=l&cat=p&typeid=i","cat":284619},{"id":49567,"n":"Diabolo grenadine Sprink's Bouteille - 1.5L","p":1.69,"u":"1,13 €/L","img":"https://fd13-photos.leclercdrive.fr/image.ashx?id=2901461&use=l&cat=p&typeid=i","cat":284532},{"id":49569,"n":"Boisson énergisante Monster Ultra zéro  - 50cl","p":1.64,"u":"3,28 €/L","img":"https://fd13-photos.leclercdrive.fr/image.ashx?id=2736697&use=l&cat=p&typeid=i","cat":284533},{"id":49575,"n":"Boisson énergisante Monster Energy Mixxd Punch - 50CL","p":2.06,"u":"4,12 €/L","img":"https://fd13-photos.leclercdrive.fr/image.ashx?id=2206172&use=l&cat=p&typeid=i","cat":284533},{"id":49596,"n":"Café dosettes Tassimo L'Or Espresso Décaféiné x16","p":4.88,"u":"46,04 €/KG","img":"https://fd13-photos.leclercdrive.fr/image.ashx?id=2662090&use=l&cat=p&typeid=i","cat":293240},{"id":49601,"n":"Cartouches d'encre HP Pack Noir / Couleurs 301","p":51.45,"u":"Dont 0,02 € d'éco-part.","img":"https://fd13-photos.leclercdrive.fr/image.ashx?id=1710266&use=l&cat=p&typeid=i","cat":316445},{"id":49602,"n":"Cartouches d'encre HP Pack noir/couleurs 364","p":65.0,"img":"https://fd13-photos.leclercdrive.fr/image.ashx?id=1710449&use=l&cat=p&typeid=i","cat":316445},{"id":49624,"n":"Vin Union Européenne rosé Champlure - BIB 5L","p":13.82,"u":"2,76 €/L","img":"https://fd13-photos.leclercdrive.fr/image.ashx?id=2552523&use=l&cat=p&typeid=i","cat":289560},{"id":49636,"n":"Biscuits Baiocchi Mulino Bianco Chocolat noisette Snack - 336g","p":2.69,"u":"8,01 €/KG","img":"https://fd13-photos.leclercdrive.fr/image.ashx?id=2787962&use=l&cat=p&typeid=i","cat":284488},{"id":49640,"n":"Bières blonde Bio Dremmwel 5% - 6x25cl","p":5.07,"u":"3,38 €/L","img":"https://fd13-photos.leclercdrive.fr/image.ashx?id=2678050&use=l&cat=p&typeid=i","cat":334873},{"id":49649,"n":"Sauce Tomate Cuisinée Heinz Ail & Oignon x2 - 210g","p":1.37,"u":"3,26 €/KG","img":"https://fd13-photos.leclercdrive.fr/image.ashx?id=2926990&use=l&cat=p&typeid=i","cat":288384},{"id":49653,"n":"Chapelure dorée Tipiak 250g","p":0.69,"u":"2,76 €/KG","img":"https://fd13-photos.leclercdrive.fr/image.ashx?id=2563490&use=l&cat=p&typeid=i","cat":288382},{"id":49656,"n":"Sauce burger Amora 448g","p":2.02,"u":"4,51 €/KG","img":"https://fd13-photos.leclercdrive.fr/image.ashx?id=3014656&use=l&cat=p&typeid=i","cat":318431},{"id":49664,"n":"Farine complète Francine Boîte - 1kg","p":1.7,"u":"1,70 €/KG","img":"https://fd13-photos.leclercdrive.fr/image.ashx?id=2018898&use=l&cat=p&typeid=i","cat":284503},{"id":49667,"n":"Sauceline Maïzena 250g","p":1.87,"u":"7,48 €/KG","img":"https://fd13-photos.leclercdrive.fr/image.ashx?id=2915673&use=l&cat=p&typeid=i","cat":288382},{"id":49674,"n":"Fécule de pomme de terre Tipiak Substitut de farine - 250g","p":0.81,"u":"3,24 €/KG","img":"https://fd13-photos.leclercdrive.fr/image.ashx?id=2563487&use=l&cat=p&typeid=i","cat":288382},{"id":49681,"n":"Yaourt La Laitière Nature - 4x125g","p":1.74,"u":"3,48 €/KG","img":"https://fd13-photos.leclercdrive.fr/image.ashx?id=3007978&use=l&cat=p&typeid=i","cat":284409},{"id":49682,"n":"Yaourt La Laitière Vanille - 4x125g","p":1.95,"u":"3,90 €/KG","img":"https://fd13-photos.leclercdrive.fr/image.ashx?id=2650393&use=l&cat=p&typeid=i","cat":286006},{"id":49684,"n":"Yaourts La Laitière Nature - 8x125g","p":2.82,"u":"22,56 €/KG","img":"https://fd13-photos.leclercdrive.fr/image.ashx?id=2679509&use=l&cat=p&typeid=i","cat":284409},{"id":49700,"n":"Matin Léger Bio de Lactel Sans lactose 1.2%mg - 6x1L","p":13.35,"u":"2,23 €/L","img":"https://fd13-photos.leclercdrive.fr/image.ashx?id=2883552&use=l&cat=p&typeid=i","cat":317169},{"id":49761,"n":"Déodorant masculin Williams Stick Ice blue - 75ml","p":2.43,"u":"32,40 €/L","img":"https://fd13-photos.leclercdrive.fr/image.ashx?id=2774742&use=l&cat=p&typeid=i","cat":284618},{"id":49798,"n":"Nectar Goyave Caraibos Sans alcool - 75cl","p":2.1,"u":"2,80 €/L","img":"https://fd13-photos.leclercdrive.fr/image.ashx?id=3011281&use=l&cat=p&typeid=i","cat":284916},{"id":49800,"n":"Chorizo doux César Moroni   200g","p":2.74,"u":"13,70 €/KG","img":"https://fd13-photos.leclercdrive.fr/image.ashx?id=2854420&use=l&cat=p&typeid=i","cat":316006},{"id":49805,"n":"Cocktail Piña colada Caraibos Sans alcool - 75cl","p":2.21,"u":"2,95 €/L","img":"https://fd13-photos.leclercdrive.fr/image.ashx?id=3011299&use=l&cat=p&typeid=i","cat":284549},{"id":49825,"n":"Croco Pik Haribo  Sachet bonbons acidulés - 275g","p":1.63,"u":"5,93 €/KG","img":"https://fd13-photos.leclercdrive.fr/image.ashx?id=2802350&use=l&cat=p&typeid=i","cat":304250},{"id":49828,"n":"Happy Life Haribo Sachet bonbons - 275g","p":1.49,"u":"5,42 €/KG","img":"https://fd13-photos.leclercdrive.fr/image.ashx?id=2803577&use=l&cat=p&typeid=i","cat":304250},{"id":49832,"n":"Dragibus Pik Haribo Sachet bonbons - 230g","p":1.79,"u":"7,78 €/KG","img":"https://fd13-photos.leclercdrive.fr/image.ashx?id=2984907&use=l&cat=p&typeid=i","cat":304250},{"id":49834,"n":"Bonbons LUTTI BestFizz Assortiment Piquant - 550g","p":3.09,"u":"5,62 €/KG","img":"https://fd13-photos.leclercdrive.fr/image.ashx?id=2815022&use=l&cat=p&typeid=i","cat":304250},{"id":49845,"n":"Jus multifruits Jafaden Brique, ABC - 2L","p":2.65,"u":"1,33 €/L","img":"https://fd13-photos.leclercdrive.fr/image.ashx?id=2759220&use=l&cat=p&typeid=i","cat":284917},{"id":49851,"n":"Limonade Sprink's 1.5L","p":0.95,"u":"0,63 €/L","img":"https://fd13-photos.leclercdrive.fr/image.ashx?id=2954103&use=l&cat=p&typeid=i","cat":284531},{"id":49857,"n":"Mortadella bologna IGP Tradizioni d'Italia - 150g","p":2.59,"u":"17,27 €/KG","img":"https://fd13-photos.leclercdrive.fr/image.ashx?id=2925222&use=l&cat=p&typeid=i","cat":316009},{"id":49865,"n":"Steak haché Authentique Charal Pur Bœuf 10% MG  8x125g - 1kg","p":17.24,"u":"17,24 €/KG","img":"https://fd13-photos.leclercdrive.fr/image.ashx?id=2741955&use=l&cat=p&typeid=i","cat":319778},{"id":49870,"n":"Protection Absorbante Tena Men  Médium - x10","p":4.53,"u":"0,45 €/P","img":"https://fd13-photos.leclercdrive.fr/image.ashx?id=2428573&use=l&cat=p&typeid=i","cat":291514},{"id":49872,"n":"Tampons Tampax Compak Pearl Super - x18","p":2.94,"u":"0,16 €/P","img":"https://fd13-photos.leclercdrive.fr/image.ashx?id=2956616&use=l&cat=p&typeid=i","cat":284626},{"id":49880,"n":"Boisson concentrée Frucci Menthe avec édulcorants - 75cl","p":2.39,"u":"3,19 €/L","img":"https://fd13-photos.leclercdrive.fr/image.ashx?id=2397660&use=l&cat=p&typeid=i","cat":295020},{"id":49881,"n":"Sirop Frucci Zero Grenadine avec edulcorants-75cl","p":2.49,"u":"3,32 €/L","img":"https://fd13-photos.leclercdrive.fr/image.ashx?id=2956110&use=l&cat=p&typeid=i","cat":295020},{"id":49882,"n":"Sirop Frucci Zero Pêche avec édulcorants - 75cl","p":2.35,"u":"3,13 €/L","img":"https://fd13-photos.leclercdrive.fr/image.ashx?id=2954100&use=l&cat=p&typeid=i","cat":295020},{"id":49883,"n":"Soda tonic Sprink's 1.5L","p":1.05,"u":"0,70 €/L","img":"https://fd13-photos.leclercdrive.fr/image.ashx?id=2147420&use=l&cat=p&typeid=i","cat":284531},{"id":49900,"n":"Feuilletés fromage fondu Eco+ 650g","p":1.7,"u":"2,62 €/KG","img":"https://fd13-photos.leclercdrive.fr/image.ashx?id=2079792&use=l&cat=p&typeid=i","cat":319776},{"id":49930,"n":"Yaourt douceur Le Petit Basque Brebis nature - 4x100g","p":2.81,"u":"7,03 €/KG","img":"https://fd13-photos.leclercdrive.fr/image.ashx?id=2248084&use=l&cat=p&typeid=i","cat":314998},{"id":49932,"n":"Fromage Pavé d'Affinois Original - 180g","p":2.67,"u":"14,83 €/KG","img":"https://fd13-photos.leclercdrive.fr/image.ashx?id=2644070&use=l&cat=p&typeid=i","cat":314030},{"id":49933,"n":"Fromage Pavé d'Affinois Mini Mix 5 variétés - 130g","p":2.59,"u":"19,92 €/KG","img":"https://fd13-photos.leclercdrive.fr/image.ashx?id=2644076&use=l&cat=p&typeid=i","cat":314030},{"id":49954,"n":"Limonade Sprink's 6x50cl","p":4.92,"u":"1,64 €/L","img":"https://fd13-photos.leclercdrive.fr/image.ashx?id=2913718&use=l&cat=p&typeid=i","cat":284531},{"id":49956,"n":"Soda à l'orange Orangina Sans Sucres - 1,5L","p":1.65,"u":"1,10 €/L","img":"https://fd13-photos.leclercdrive.fr/image.ashx?id=2946496&use=l&cat=p&typeid=i","cat":284532},{"id":49971,"n":"Frites Pom Bistro à la Graisse de Canard - 500g","p":4.02,"u":"8,04 €/KG","img":"https://fd13-photos.leclercdrive.fr/image.ashx?id=2866412&use=l&cat=p&typeid=i","cat":319791},{"id":49979,"n":"Soupe liquide Liebig  Potiron Chataîgne - Brique 1L","p":2.9,"u":"2,90 €/L","img":"https://fd13-photos.leclercdrive.fr/image.ashx?id=2785358&use=l&cat=p&typeid=i","cat":284462},{"id":49981,"n":"Velouté Liebig Légumes du soleil - 1L","p":2.8,"u":"2,80 €/L","img":"https://fd13-photos.leclercdrive.fr/image.ashx?id=2750991&use=l&cat=p&typeid=i","cat":284462},{"id":49984,"n":"Café dosettes Tassimo L'Or Espresso Delizioso x16","p":4.94,"u":"47,50 €/KG","img":"https://fd13-photos.leclercdrive.fr/image.ashx?id=2507329&use=l&cat=p&typeid=i","cat":293240},{"id":49991,"n":"Tortillas wrap Poco Loco  25cmx6 - 370g","p":2.48,"u":"6,70 €/KG","img":"https://fd13-photos.leclercdrive.fr/image.ashx?id=2672542&use=l&cat=p&typeid=i","cat":288993},{"id":49996,"n":"Boisson aux fruits Oasis Mini Pomme Cassis Framboise - 6x25cl","p":3.11,"u":"2,07 €/L","img":"https://fd13-photos.leclercdrive.fr/image.ashx?id=2692272&use=l&cat=p&typeid=i","cat":295018},{"id":49997,"n":"Boisson aux fruits Oasis Mini Tropical - 6x25cl","p":2.87,"u":"1,91 €/L","img":"https://fd13-photos.leclercdrive.fr/image.ashx?id=2684443&use=l&cat=p&typeid=i","cat":295018},{"id":50003,"n":"Café soluble Maxwell House Qualité Filtre - 20g","p":7.7,"u":"38,50 €/KG","img":"https://fd13-photos.leclercdrive.fr/image.ashx?id=1755025&use=l&cat=p&typeid=i","cat":284843},{"id":50004,"n":"Kit Crousti Fajitas Old El Paso extra doux - 521g","p":4.33,"u":"8,31 €/KG","img":"https://fd13-photos.leclercdrive.fr/image.ashx?id=2765402&use=l&cat=p&typeid=i","cat":288993},{"id":50029,"n":"Biscuit apéritif ancel Sticks Bretzels - 137g","p":1.44,"u":"10,51 €/KG","img":"https://fd13-photos.leclercdrive.fr/image.ashx?id=2895181&use=l&cat=p&typeid=i","cat":297000},{"id":50052,"n":"Lait bébé en poudre Galliagest croissance Dès 12 mois 900g","p":12.75,"u":"14,17 €/KG","img":"https://fd13-photos.leclercdrive.fr/image.ashx?id=2616844&use=l&cat=p&typeid=i","cat":290219},{"id":50053,"n":"Eau gazeuse minérale Salvetat pauvre en sodium - 6x50cl","p":2.85,"u":"0,95 €/L","img":"https://fd13-photos.leclercdrive.fr/image.ashx?id=2533469&use=l&cat=p&typeid=i","cat":284536},{"id":50054,"n":"Stylo-bille 4 couleurs Bic Rose - Shine - x1","p":2.38,"img":"https://fd13-photos.leclercdrive.fr/image.ashx?id=2972916&use=l&cat=p&typeid=i","cat":284696},{"id":50056,"n":"Feutres de coloriage Bic Kids co motif bulles - x18","p":2.93,"u":"0,16 €/P","img":"https://fd13-photos.leclercdrive.fr/image.ashx?id=2732788&use=l&cat=p&typeid=i","cat":284696},{"id":50058,"n":"Bloc correspondanc uni Esquisse 21x29cm - A4 - x50 feuilles","p":1.3,"img":"https://fd13-photos.leclercdrive.fr/image.ashx?id=1928746&use=l&cat=p&typeid=i","cat":284697},{"id":50068,"n":"Soupe liquide velouté Knorr Potiron crème fraîche - 500ml","p":1.7,"u":"3,40 €/L","img":"https://fd13-photos.leclercdrive.fr/image.ashx?id=2738035&use=l&cat=p&typeid=i","cat":284462},{"id":50070,"n":"Soupe velouté  Potiron - 30cl","p":1.37,"u":"4,57 €/L","img":"https://fd13-photos.leclercdrive.fr/image.ashx?id=2740898&use=l&cat=p&typeid=i","cat":284462},{"id":50071,"n":"Soupe Douceur Knorr 8 légumes - 30cl","p":1.24,"u":"4,13 €/L","img":"https://fd13-photos.leclercdrive.fr/image.ashx?id=2738026&use=l&cat=p&typeid=i","cat":284462},{"id":50072,"n":"Soupe Liquide Douceur Knorr 8 légumes à la crème - 50cl","p":1.56,"u":"3,12 €/L","img":"https://fd13-photos.leclercdrive.fr/image.ashx?id=2738023&use=l&cat=p&typeid=i","cat":284462},{"id":50082,"n":"Dessert fruits mixés Sojasun Myrtilles - 4x100g","p":1.7,"u":"4,25 €/KG","img":"https://fd13-photos.leclercdrive.fr/image.ashx?id=2355680&use=l&cat=p&typeid=i","cat":316071},{"id":50083,"n":"Taboulé aux tomates  Garbit - 730g","p":2.76,"u":"3,78 €/KG","img":"https://fd13-photos.leclercdrive.fr/image.ashx?id=2901905&use=l&cat=p&typeid=i","cat":325094},{"id":50088,"n":"Pulpe tomate basilic Jardin Bio Bio - 500g","p":2.24,"u":"4,48 €/KG","img":"https://fd13-photos.leclercdrive.fr/image.ashx?id=2535025&use=l&cat=p&typeid=i","cat":288384},{"id":50102,"n":"Sauce pâte olive Sacla'Italia 190g","p":2.19,"u":"11,53 €/KG","img":"https://fd13-photos.leclercdrive.fr/image.ashx?id=2160222&use=l&cat=p&typeid=i","cat":287599},{"id":50106,"n":"Nems au Porc Tables du Monde x4 - 280g","p":1.76,"u":"6,29 €/KG","img":"https://fd13-photos.leclercdrive.fr/image.ashx?id=2657957&use=l&cat=p&typeid=i","cat":333673},{"id":50123,"n":"Vinaigrette Puget  Ciboulette/échalotes - 33cl","p":1.94,"u":"5,88 €/L","img":"https://fd13-photos.leclercdrive.fr/image.ashx?id=2912146&use=l&cat=p&typeid=i","cat":284456},{"id":50126,"n":"Compotes Andros  Pomme/châtaigne - 785g","p":3.5,"u":"4,46 €/KG","img":"https://fd13-photos.leclercdrive.fr/image.ashx?id=2396381&use=l&cat=p&typeid=i","cat":284508},{"id":50132,"n":"Compotes Pom'Potes Gourdes  Multivariétés Inédits - 12x90g","p":5.15,"u":"4,77 €/KG","img":"https://fd13-photos.leclercdrive.fr/image.ashx?id=2870170&use=l&cat=p&typeid=i","cat":284508},{"id":50133,"n":"Dessert fruitier Andros Pomme, morceaux- 695g","p":2.46,"u":"3,54 €/KG","img":"https://fd13-photos.leclercdrive.fr/image.ashx?id=2397770&use=l&cat=p&typeid=i","cat":284508},{"id":50135,"n":"Lingettes Textil Anti-transfert - x40","p":3.71,"u":"0,09 €/P","img":"https://fd13-photos.leclercdrive.fr/image.ashx?id=2964574&use=l&cat=p&typeid=i","cat":290450},{"id":50191,"n":"Whisky The Glenlivet Founder's Scotch Single Malt 40% vol 70cl","p":27.0,"pp":24.5,"u":"35,00 €/L","img":"https://fd13-photos.leclercdrive.fr/image.ashx?id=2866019&use=l&cat=p&typeid=i","cat":284547},{"id":50203,"n":"Cidre Doux fermier Le Brun 3%vol. - 75cl","p":3.4,"u":"4,53 €/L","img":"https://fd13-photos.leclercdrive.fr/image.ashx?id=1593156&use=l&cat=p&typeid=i","cat":334880},{"id":50211,"n":"Pain Bruschetta La Boulangère 400g","p":1.88,"u":"4,70 €/KG","img":"https://fd13-photos.leclercdrive.fr/image.ashx?id=2912404&use=l&cat=p&typeid=i","cat":284985},{"id":50212,"n":"Pain suédois La Boulangère 180g","p":1.49,"u":"8,28 €/KG","img":"https://fd13-photos.leclercdrive.fr/image.ashx?id=2445376&use=l&cat=p&typeid=i","cat":284985},{"id":50213,"n":"Pain de mie Toastiligne  Toastiligne complet - 500g","p":1.27,"u":"2,54 €/KG","img":"https://fd13-photos.leclercdrive.fr/image.ashx?id=2916225&use=l&cat=p&typeid=i","cat":284477},{"id":50214,"n":"Laque  Fixation forte - 75ml","p":1.27,"u":"16,93 €/L","img":"https://fd13-photos.leclercdrive.fr/image.ashx?id=2934718&use=l&cat=p&typeid=i","cat":284609},{"id":50215,"n":"Huile sublime  Vitanove Cheveux sec - 150ml","p":3.99,"u":"26,60 €/L","img":"https://fd13-photos.leclercdrive.fr/image.ashx?id=2209720&use=l&cat=p&typeid=i","cat":284608},{"id":50216,"n":"Pains wraps La Boulangère x6 - 370g","p":2.43,"u":"6,57 €/KG","img":"https://fd13-photos.leclercdrive.fr/image.ashx?id=2900956&use=l&cat=p&typeid=i","cat":284985},{"id":50218,"n":"Tronches de Cake St Michel 175g","p":1.69,"u":"9,66 €/KG","img":"https://fd13-photos.leclercdrive.fr/image.ashx?id=2949946&use=l&cat=p&typeid=i","cat":284495},{"id":50225,"n":"Biscuits Choco suprême Milka Chocolat - 180g","p":2.35,"u":"13,06 €/KG","img":"https://fd13-photos.leclercdrive.fr/image.ashx?id=2990991&use=l&cat=p&typeid=i","cat":284488},{"id":50226,"n":"Biscuits sablés Granola Chocolat au lait - 3x200g","p":4.29,"u":"7,15 €/KG","img":"https://fd13-photos.leclercdrive.fr/image.ashx?id=3009125&use=l&cat=p&typeid=i","cat":284488},{"id":50227,"n":"Biscuits Granola Chocolat au lait - 200g","p":1.45,"u":"7,25 €/KG","img":"https://fd13-photos.leclercdrive.fr/image.ashx?id=2324282&use=l&cat=p&typeid=i","cat":284488},{"id":50229,"n":"Biscuits Florentin Kambly 125g","p":2.35,"u":"18,80 €/KG","img":"https://fd13-photos.leclercdrive.fr/image.ashx?id=2886337&use=l&cat=p&typeid=i","cat":284487},{"id":50235,"n":"Cookies Bonne Maman  Chocolat noisette - 225g","p":2.84,"u":"12,62 €/KG","img":"https://fd13-photos.leclercdrive.fr/image.ashx?id=2936164&use=l&cat=p&typeid=i","cat":325066},{"id":50253,"n":"Soda Sprink's Lemon - 1.5L","p":1.46,"u":"0,97 €/L","img":"https://fd13-photos.leclercdrive.fr/image.ashx?id=2956738&use=l&cat=p&typeid=i","cat":284532},{"id":50255,"n":"Soda Sprink's Citron - 1.5L","p":1.09,"u":"0,73 €/L","img":"https://fd13-photos.leclercdrive.fr/image.ashx?id=2913730&use=l&cat=p&typeid=i","cat":284532},{"id":50256,"n":"Soda Sprink's Lemon Lime - 1.5L","p":0.97,"u":"0,65 €/L","img":"https://fd13-photos.leclercdrive.fr/image.ashx?id=2913736&use=l&cat=p&typeid=i","cat":284532},{"id":50262,"n":"Kebab de poulet Fleury Michon Semoule à l'orientale - 280g","p":2.35,"u":"8,39 €/KG","img":"https://fd13-photos.leclercdrive.fr/image.ashx?id=2680167&use=l&cat=p&typeid=i","cat":333665},{"id":50280,"n":"Charbon de bois Grill O'bois  40L","p":12.5,"u":"0,31 €/L","img":"https://fd13-photos.leclercdrive.fr/image.ashx?id=2311627&use=l&cat=p&typeid=i","cat":335917},{"id":50359,"n":"Après rasage Mennen Green tonic - 125ml","p":3.81,"u":"30,48 €/L","img":"https://fd13-photos.leclercdrive.fr/image.ashx?id=2633872&use=l&cat=p&typeid=i","cat":288147},{"id":50360,"n":"Mousse à Raser Nivea Men Peaux Sensibles - 200 ml","p":2.4,"u":"12,00 €/L","img":"https://fd13-photos.leclercdrive.fr/image.ashx?id=3005212&use=l&cat=p&typeid=i","cat":284617},{"id":50365,"n":"Moelleux Pépites Choco GERBLE  sans sucre - 196g","p":3.32,"u":"16,94 €/KG","img":"https://fd13-photos.leclercdrive.fr/image.ashx?id=2812705&use=l&cat=p&typeid=i","cat":318653},{"id":50442,"n":"Haut de Cuisse Poulet Blanc Les Accessibles - 1kg","p":4.57,"u":"4,57 €/KG","img":"https://fd13-photos.leclercdrive.fr/image.ashx?id=2831975&use=l&cat=p&typeid=i","cat":284336},{"id":50443,"n":"Pilons de Poulet Blanc Les Accesssibles - 1kg","p":4.82,"u":"4,82 €/KG","img":"https://fd13-photos.leclercdrive.fr/image.ashx?id=2830237&use=l&cat=p&typeid=i","cat":284336},{"id":50458,"n":"Fromage Roucoulons Fromagerie Milleret- 220g","p":2.77,"u":"12,59 €/KG","img":"https://fd13-photos.leclercdrive.fr/image.ashx?id=2450922&use=l&cat=p&typeid=i","cat":329558},{"id":50459,"n":"Fromage à Tartiner St Môret  Nature - 150g","p":2.02,"u":"13,47 €/KG","img":"https://fd13-photos.leclercdrive.fr/image.ashx?id=2755468&use=l&cat=p&typeid=i","cat":314029},{"id":50485,"n":"Sirop Frucci Sans sucres - 75cl","p":2.39,"u":"3,19 €/L","img":"https://fd13-photos.leclercdrive.fr/image.ashx?id=2397669&use=l&cat=p&typeid=i","cat":295020},{"id":50490,"n":"Détacheur sang Dr Beckman 50ml","p":1.95,"u":"39,00 €/L","img":"https://fd13-photos.leclercdrive.fr/image.ashx?id=2973955&use=l&cat=p&typeid=i","cat":284651},{"id":50491,"n":"Bière blanche Hoegaarden 4,9% - 6x25cl","p":4.06,"u":"2,71 €/L","img":"https://fd13-photos.leclercdrive.fr/image.ashx?id=2963922&use=l&cat=p&typeid=i","cat":334878},{"id":50493,"n":"Détacheur graisse Dr Beckman 50ml","p":1.8,"u":"36,00 €/L","img":"https://fd13-photos.leclercdrive.fr/image.ashx?id=3011797&use=l&cat=p&typeid=i","cat":284651},{"id":50497,"n":"Détacheur fruits Dr Beckman 50ml","p":1.93,"u":"38,60 €/L","img":"https://fd13-photos.leclercdrive.fr/image.ashx?id=3012218&use=l&cat=p&typeid=i","cat":284651},{"id":50502,"n":"Détacheur herbe Dr Beckman 50ml","p":1.88,"u":"37,60 €/L","img":"https://fd13-photos.leclercdrive.fr/image.ashx?id=1790753&use=l&cat=p&typeid=i","cat":284651},{"id":50508,"n":"Soin yeux L'Oréal Paris  Revitalift anti-rides  - 15ml","p":13.95,"u":"930,00 €/L","img":"https://fd13-photos.leclercdrive.fr/image.ashx?id=2867524&use=l&cat=p&typeid=i","cat":325345},{"id":50524,"n":"Crème soin Nivea visage Sensitive soin de jour - 50ml","p":4.9,"u":"98,00 €/L","img":"https://fd13-photos.leclercdrive.fr/image.ashx?id=2221581&use=l&cat=p&typeid=i","cat":325345},{"id":50568,"n":"Eau aromatisée Cristaline Jus de pêche - 1.5L","p":1.17,"u":"0,78 €/L","img":"https://fd13-photos.leclercdrive.fr/image.ashx?id=2344615&use=l&cat=p&typeid=i","cat":284537},{"id":50569,"n":"Boisson aromatisée Cristaline Jus de fruits tropical - 1.5L","p":1.12,"u":"0,75 €/L","img":"https://fd13-photos.leclercdrive.fr/image.ashx?id=2344618&use=l&cat=p&typeid=i","cat":284537},{"id":50570,"n":"Eau aromatisée Cristaline Fraise - 1.5L","p":1.17,"u":"0,78 €/L","img":"https://fd13-photos.leclercdrive.fr/image.ashx?id=2417255&use=l&cat=p&typeid=i","cat":284537},{"id":50585,"n":"Haricots verts d'aucy  Extra-fins - 440g","p":1.76,"u":"4,00 €/KG","img":"https://fd13-photos.leclercdrive.fr/image.ashx?id=2527370&use=l&cat=p&typeid=i","cat":312606},{"id":50590,"n":"Lentilles préparées D'aucy  530g","p":1.64,"u":"3,09 €/KG","img":"https://fd13-photos.leclercdrive.fr/image.ashx?id=2560597&use=l&cat=p&typeid=i","cat":312609},{"id":50592,"n":"Pois chiches Sultanines 265g","p":0.93,"u":"3,51 €/KG","img":"https://fd13-photos.leclercdrive.fr/image.ashx?id=1920223&use=l&cat=p&typeid=i","cat":312609},{"id":50596,"n":"Dentifrice Bio Vademecum Protection complète - 75ml","p":2.42,"u":"32,27 €/L","img":"https://fd13-photos.leclercdrive.fr/image.ashx?id=2520102&use=l&cat=p&typeid=i","cat":284612},{"id":50599,"n":"Crème soyeuse Bio Lait d'anesse So'Bio Etic - 50 ml","p":9.3,"u":"186,00 €/L","img":"https://fd13-photos.leclercdrive.fr/image.ashx?id=2906463&use=l&cat=p&typeid=i","cat":325345},{"id":50600,"n":"Crème onctueuse lait d'anesse Bio - So'Bio Etic - 50 ml","p":9.98,"u":"199,60 €/L","img":"https://fd13-photos.leclercdrive.fr/image.ashx?id=2909062&use=l&cat=p&typeid=i","cat":325345},{"id":50604,"n":"Lotion micellaire So Bio Etic Aloe vera bio - 500 ml","p":5.72,"u":"11,44 €/L","img":"https://fd13-photos.leclercdrive.fr/image.ashx?id=2493508&use=l&cat=p&typeid=i","cat":284603},{"id":50609,"n":"Savon crème lait d'anesse SoBIO Distrinat bio - 100g","p":2.96,"u":"29,60 €/KG","img":"https://fd13-photos.leclercdrive.fr/image.ashx?id=2494728&use=l&cat=p&typeid=i","cat":284597},{"id":50626,"n":"AOC Saint-Émilion vin rouge Chantet Blanet - 37,5cl","p":4.79,"u":"12,77 €/L","img":"https://fd13-photos.leclercdrive.fr/image.ashx?id=2805981&use=l&cat=p&typeid=i","cat":289556},{"id":50640,"n":"IGP Méditerranée vin rosé Terres Ocrées 12.5% vol BIB 5L","p":12.99,"u":"2,60 €/L","img":"https://fd13-photos.leclercdrive.fr/image.ashx?id=2858842&use=l&cat=p&typeid=i","cat":289560},{"id":50662,"n":"Chocolat en poudre Nesquik Extra Choco - 600g","p":5.2,"u":"8,67 €/KG","img":"https://fd13-photos.leclercdrive.fr/image.ashx?id=3004438&use=l&cat=p&typeid=i","cat":293235},{"id":50672,"n":"Biscuits à la cuillère x30 Bonne Maman - 250g","p":4.56,"u":"18,24 €/KG","img":"https://fd13-photos.leclercdrive.fr/image.ashx?id=2936152&use=l&cat=p&typeid=i","cat":284487},{"id":50673,"n":"Financier amandes Bonne Maman 250g","p":2.94,"u":"11,76 €/KG","img":"https://fd13-photos.leclercdrive.fr/image.ashx?id=2936176&use=l&cat=p&typeid=i","cat":284492},{"id":50674,"n":"Quatre quarts Bonne Maman 500g","p":3.13,"u":"6,26 €/KG","img":"https://fd13-photos.leclercdrive.fr/image.ashx?id=2936158&use=l&cat=p&typeid=i","cat":294776},{"id":50675,"n":"Gâteau Bonne Maman  Marbré chocolat - 475g","p":3.29,"u":"6,93 €/KG","img":"https://fd13-photos.leclercdrive.fr/image.ashx?id=2936161&use=l&cat=p&typeid=i","cat":294776},{"id":50676,"n":"Madeleine coquille St Michel  Oeuf plein air x24 - 600g","p":3.5,"u":"5,83 €/KG","img":"https://fd13-photos.leclercdrive.fr/image.ashx?id=2936197&use=l&cat=p&typeid=i","cat":284492},{"id":50678,"n":"IGP Vinaigre balsamique Modène Maille - 75cl","p":4.71,"u":"6,28 €/L","img":"https://fd13-photos.leclercdrive.fr/image.ashx?id=2805666&use=l&cat=p&typeid=i","cat":298543},{"id":50680,"n":"Barre Chocolatée KINDER Country  Céréales chocolat x15 - 352,5g","p":4.78,"u":"13,58 €/KG","img":"https://fd13-photos.leclercdrive.fr/image.ashx?id=2231903&use=l&cat=p&typeid=i","cat":284498},{"id":50682,"n":"Gâteau Ker Cadélac Le Moelleux Original - 500g","p":2.18,"u":"4,36 €/KG","img":"https://fd13-photos.leclercdrive.fr/image.ashx?id=2955797&use=l&cat=p&typeid=i","cat":294776},{"id":50683,"n":"Barre marbré  Ker Cadélac  Cacao - 500g","p":1.95,"u":"3,90 €/KG","img":"https://fd13-photos.leclercdrive.fr/image.ashx?id=2939508&use=l&cat=p&typeid=i","cat":294776},{"id":50684,"n":"Madeleine Ker Cadélac  Pépites chocolat x24 - 600g","p":4.46,"u":"7,43 €/KG","img":"https://fd13-photos.leclercdrive.fr/image.ashx?id=2507991&use=l&cat=p&typeid=i","cat":284492},{"id":50688,"n":"Pains au chocolat Pasquier  x16 - 720g","p":4.4,"u":"6,11 €/KG","img":"https://fd13-photos.leclercdrive.fr/image.ashx?id=2686837&use=l&cat=p&typeid=i","cat":296366},{"id":50689,"n":"Croissants Pasquier x8 - 320g","p":1.94,"u":"6,06 €/KG","img":"https://fd13-photos.leclercdrive.fr/image.ashx?id=2853053&use=l&cat=p&typeid=i","cat":296366},{"id":50690,"n":"Brioche tressée Pasquier Tranchée nature - 500g","p":2.35,"u":"4,70 €/KG","img":"https://fd13-photos.leclercdrive.fr/image.ashx?id=2978706&use=l&cat=p&typeid=i","cat":284478},{"id":50698,"n":"Chocolat napolitain Villars Mignonnettes - 500g","p":12.66,"u":"25,32 €/KG","img":"https://fd13-photos.leclercdrive.fr/image.ashx?id=2464306&use=l&cat=p&typeid=i","cat":284499},{"id":50701,"n":"Sel de mer Gros La Baleine iodé- 1kg","p":0.61,"u":"0,61 €/KG","img":"https://fd13-photos.leclercdrive.fr/image.ashx?id=2681029&use=l&cat=p&typeid=i","cat":284457},{"id":50705,"n":"Toasts ronds nature Jacquet - 250g","p":1.48,"u":"5,92 €/KG","img":"https://fd13-photos.leclercdrive.fr/image.ashx?id=2979602&use=l&cat=p&typeid=i","cat":285454},{"id":50706,"n":"Toasts foie gras ronds Jacquet - 250g","p":1.43,"u":"5,72 €/KG","img":"https://fd13-photos.leclercdrive.fr/image.ashx?id=2979599&use=l&cat=p&typeid=i","cat":285454},{"id":50712,"n":"Biscuits Choco Pause Milka Chocolat au lait - 260g","p":1.56,"u":"6,00 €/KG","img":"https://fd13-photos.leclercdrive.fr/image.ashx?id=2192572&use=l&cat=p&typeid=i","cat":284488},{"id":50713,"n":"Biscuits Oreo Vanille / chocolat blanc - 246g","p":2.47,"u":"10,04 €/KG","img":"https://fd13-photos.leclercdrive.fr/image.ashx?id=2989447&use=l&cat=p&typeid=i","cat":284488},{"id":50714,"n":"Biscottes Heudebert  Goût brioché - 290g","p":1.62,"u":"5,59 €/KG","img":"https://fd13-photos.leclercdrive.fr/image.ashx?id=3001979&use=l&cat=p&typeid=i","cat":284479},{"id":50715,"n":"Biscottes Gourmande Pelletier Goût brioché - 260g","p":2.25,"u":"8,65 €/KG","img":"https://fd13-photos.leclercdrive.fr/image.ashx?id=2961825&use=l&cat=p&typeid=i","cat":284479},{"id":50717,"n":"Gâche tranchée La Fournée Dorée Pépites de chocolat - 500g","p":2.55,"u":"5,10 €/KG","img":"https://fd13-photos.leclercdrive.fr/image.ashx?id=2347035&use=l&cat=p&typeid=i","cat":284478},{"id":50734,"n":"Soda Sprink's Orange - 1.5L","p":0.92,"u":"0,61 €/L","img":"https://fd13-photos.leclercdrive.fr/image.ashx?id=2925979&use=l&cat=p&typeid=i","cat":284532},{"id":50744,"n":"Cervelas Eco+ 400g","p":1.67,"u":"4,18 €/KG","img":"https://fd13-photos.leclercdrive.fr/image.ashx?id=2404205&use=l&cat=p&typeid=i","cat":316012},{"id":50759,"n":"Biscuit croquant Bonne Maman  Noix de coco - 150g","p":1.46,"u":"9,73 €/KG","img":"https://fd13-photos.leclercdrive.fr/image.ashx?id=2936188&use=l&cat=p&typeid=i","cat":284487},{"id":50760,"n":"Sablés Bonne Maman  Tout Chocolat - 150g","p":1.33,"u":"8,87 €/KG","img":"https://fd13-photos.leclercdrive.fr/image.ashx?id=2923687&use=l&cat=p&typeid=i","cat":325066},{"id":50770,"n":"Pâtes serpentin Turini  Cuisson rapide - 500g","p":1.16,"u":"2,32 €/KG","img":"https://fd13-photos.leclercdrive.fr/image.ashx?id=2607560&use=l&cat=p&typeid=i","cat":284427},{"id":50773,"n":"Dés de jambon Eco+ 2x100G","p":1.77,"u":"8,85 €/KG","img":"https://fd13-photos.leclercdrive.fr/image.ashx?id=2930936&use=l&cat=p&typeid=i","cat":316011},{"id":50778,"n":"Jambon qualité choix Eco+ 10 tranches - 500g","p":4.4,"u":"8,80 €/KG","img":"https://fd13-photos.leclercdrive.fr/image.ashx?id=2715010&use=l&cat=p&typeid=i","cat":316009},{"id":50782,"n":"Saucisson cuit à l'ail Eco+ fumé - 400g","p":1.41,"u":"3,53 €/KG","img":"https://fd13-photos.leclercdrive.fr/image.ashx?id=2675792&use=l&cat=p&typeid=i","cat":316006},{"id":50810,"n":"Sauce Tomates Barilla Arrabbiata - 400g","p":1.75,"u":"4,38 €/KG","img":"https://fd13-photos.leclercdrive.fr/image.ashx?id=2832509&use=l&cat=p&typeid=i","cat":287599},{"id":50843,"n":"Pastis Ricard Anisé 45% vol - 2L","p":39.35,"u":"19,68 €/L","img":"https://fd13-photos.leclercdrive.fr/image.ashx?id=2919271&use=l&cat=p&typeid=i","cat":284548},{"id":50863,"n":"Savon verveine Petit Olivier 2x100g","p":2.01,"u":"10,05 €/KG","img":"https://fd13-photos.leclercdrive.fr/image.ashx?id=2144839&use=l&cat=p&typeid=i","cat":284597},{"id":50864,"n":"Savon Petit Olivier Fleur d'oranger - 2x100g","p":2.06,"u":"10,30 €/KG","img":"https://fd13-photos.leclercdrive.fr/image.ashx?id=2660862&use=l&cat=p&typeid=i","cat":284597},{"id":50865,"n":"Savon rose Le Petit Olivier Savonnette extra douce - 2x100g","p":2.02,"u":"10,10 €/KG","img":"https://fd13-photos.leclercdrive.fr/image.ashx?id=2660865&use=l&cat=p&typeid=i","cat":284597},{"id":50866,"n":"Savon doux karité Petit Olivier Surgras - 250g","p":2.35,"u":"9,40 €/KG","img":"https://fd13-photos.leclercdrive.fr/image.ashx?id=2144848&use=l&cat=p&typeid=i","cat":284597},{"id":50867,"n":"Petit Olivier savon Marseille Avec ou sans pompe -  300ml","p":2.49,"u":"8,30 €/L","img":"https://fd13-photos.leclercdrive.fr/image.ashx?id=2683793&use=l&cat=p&typeid=i","cat":284597},{"id":50899,"n":"Sandwich baguette Daunat XXL Poulet crudités - 230g","p":2.02,"u":"8,78 €/KG","img":"https://fd13-photos.leclercdrive.fr/image.ashx?id=2623229&use=l&cat=p&typeid=i","cat":333658},{"id":50906,"n":"Cubes allume-feu Eco+ x32","p":1.4,"u":"0,04 €/P","img":"https://fd13-photos.leclercdrive.fr/image.ashx?id=2645125&use=l&cat=p&typeid=i","cat":300578},{"id":50908,"n":"Gélule bien-être foie Juvamine Artichaut/Radis noir - x50","p":5.1,"img":"https://fd13-photos.leclercdrive.fr/image.ashx?id=2785850&use=l&cat=p&typeid=i","cat":313217},{"id":50915,"n":"Gnocchi à poêler Lustucru Fromage - 300g","p":1.7,"u":"5,67 €/KG","img":"https://fd13-photos.leclercdrive.fr/image.ashx?id=3014482&use=l&cat=p&typeid=i","cat":333682},{"id":50919,"n":"Emincés de boeuf Fleury Michon pommes de terre poivre - 280g","p":2.95,"u":"10,54 €/KG","img":"https://fd13-photos.leclercdrive.fr/image.ashx?id=3003299&use=l&cat=p&typeid=i","cat":333665},{"id":50927,"n":"Rillettes du Mans La Véritable Bordeau Chesnel - 400g","p":3.67,"u":"367,00 €/L","img":"https://fd13-photos.leclercdrive.fr/image.ashx?id=2763097&use=l&cat=p&typeid=i","cat":316008},{"id":50969,"n":"Calendrier de l'Avent Kinder Neige - 184g","p":8.87,"u":"48,21 €/KG","img":"https://fd13-photos.leclercdrive.fr/image.ashx?id=1984783&use=l&cat=p&typeid=i","cat":336112},{"id":50984,"n":"Soda zéro Sprink's Agrumes - 1,5L","p":0.76,"u":"0,51 €/L","img":"https://fd13-photos.leclercdrive.fr/image.ashx?id=2913724&use=l&cat=p&typeid=i","cat":284532},{"id":50990,"n":"Fruits au sirop St Mamet Ananas en morceaux - 345g","p":2.2,"u":"6,38 €/KG","img":"https://fd13-photos.leclercdrive.fr/image.ashx?id=2927309&use=l&cat=p&typeid=i","cat":284507},{"id":50991,"n":"Fruits au sirop St Mamet Ananas en tranches - 345g","p":2.96,"u":"8,58 €/KG","img":"https://fd13-photos.leclercdrive.fr/image.ashx?id=2630226&use=l&cat=p&typeid=i","cat":284507},{"id":51007,"n":"Eau gazeuse Plancoët Fines Bulles - 6x1,25L","p":3.41,"u":"0,45 €/L","img":"https://fd13-photos.leclercdrive.fr/image.ashx?id=2565290&use=l&cat=p&typeid=i","cat":284536},{"id":51046,"n":"Mouchoirs blancs 3 plis Eco+ x15","p":0.97,"u":"0,06 €/P","img":"https://fd13-photos.leclercdrive.fr/image.ashx?id=2824244&use=l&cat=p&typeid=i","cat":284638},{"id":51047,"n":"Biscuits Petit Brun extra 300g","p":1.32,"u":"4,40 €/KG","img":"https://fd13-photos.leclercdrive.fr/image.ashx?id=3002264&use=l&cat=p&typeid=i","cat":284487},{"id":51048,"n":"Lentilles Notre Jardin 3x130g","p":2.33,"u":"5,97 €/KG","img":"https://fd13-photos.leclercdrive.fr/image.ashx?id=2544982&use=l&cat=p&typeid=i","cat":312609},{"id":51050,"n":"Chips Pom'lisse Barbecue - 6x30g","p":1.99,"u":"11,06 €/KG","img":"https://fd13-photos.leclercdrive.fr/image.ashx?id=2809668&use=l&cat=p&typeid=i","cat":284447},{"id":51089,"n":"Soda Sprink's Aux agrumes - 1.5L","p":1.4,"u":"0,93 €/L","img":"https://fd13-photos.leclercdrive.fr/image.ashx?id=2913727&use=l&cat=p&typeid=i","cat":284532},{"id":51221,"n":"Détachant poudre Sanytol 450g","p":5.79,"u":"12,87 €/KG","img":"https://fd13-photos.leclercdrive.fr/image.ashx?id=2866316&use=l&cat=p&typeid=i","cat":284651},{"id":51227,"n":"Papier cuisson Alfapac Naturel 10M x 0.37","p":2.1,"img":"https://fd13-photos.leclercdrive.fr/image.ashx?id=2887734&use=l&cat=p&typeid=i","cat":334134},{"id":51248,"n":"Crème dessert La Laitière Caramel  - 4x100g","p":2.19,"u":"5,48 €/KG","img":"https://fd13-photos.leclercdrive.fr/image.ashx?id=2875990&use=l&cat=p&typeid=i","cat":285041},{"id":51249,"n":"Crème brûlée La Laitière saveur vanille - 4x100g","p":2.97,"u":"7,43 €/KG","img":"https://fd13-photos.leclercdrive.fr/image.ashx?id=2624116&use=l&cat=p&typeid=i","cat":284419},{"id":51250,"n":"Yaourt nature Activia bifidus 0%MG  - 8x125g","p":2.85,"u":"2,85 €/KG","img":"https://fd13-photos.leclercdrive.fr/image.ashx?id=2741688&use=l&cat=p&typeid=i","cat":315000},{"id":51268,"n":"Eau aromatisée O'Fresh Fraise - 1.5L","p":0.75,"u":"0,50 €/L","img":"https://fd13-photos.leclercdrive.fr/image.ashx?id=2450044&use=l&cat=p&typeid=i","cat":284537},{"id":51270,"n":"Tablette chocolat Côte d'Or Chocolat au lait - 3x100g","p":4.69,"u":"15,63 €/KG","img":"https://fd13-photos.leclercdrive.fr/image.ashx?id=2875561&use=l&cat=p&typeid=i","cat":284497},{"id":51271,"n":"Tablette chocolat Côte d'Or Noir extra - 3x100g","p":3.89,"u":"12,97 €/KG","img":"https://fd13-photos.leclercdrive.fr/image.ashx?id=2875564&use=l&cat=p&typeid=i","cat":284956},{"id":51274,"n":"Tablette chocolat Côte d'Or Chocolar lait/ Raisin - 180g","p":3.48,"u":"19,33 €/KG","img":"https://fd13-photos.leclercdrive.fr/image.ashx?id=2961272&use=l&cat=p&typeid=i","cat":284497},{"id":51275,"n":"Tablette chocolat Côte d'Or Chocolat lait/Noisettes - 180g","p":3.29,"u":"18,28 €/KG","img":"https://fd13-photos.leclercdrive.fr/image.ashx?id=2993140&use=l&cat=p&typeid=i","cat":284497},{"id":51276,"n":"Tablette chocolat Côte d'Or Chocolat noir/Noisettes - 180g","p":3.27,"u":"18,17 €/KG","img":"https://fd13-photos.leclercdrive.fr/image.ashx?id=2993143&use=l&cat=p&typeid=i","cat":284956},{"id":51289,"n":"Fromage Blanc Calin Nature - 0% extra - 850g","p":2.29,"u":"2,69 €/KG","img":"https://fd13-photos.leclercdrive.fr/image.ashx?id=2973724&use=l&cat=p&typeid=i","cat":315000},{"id":51291,"n":"Fromage blanc Soignon Nature lait de chèvre - 4x100g","p":2.55,"u":"6,38 €/KG","img":"https://fd13-photos.leclercdrive.fr/image.ashx?id=2539902&use=l&cat=p&typeid=i","cat":314998},{"id":51297,"n":"Compotes Andros Pomme nature - 8x100g","p":2.38,"u":"2,98 €/KG","img":"https://fd13-photos.leclercdrive.fr/image.ashx?id=2884006&use=l&cat=p&typeid=i","cat":284416},{"id":51298,"n":"Compotes Andros  Pomme nature - 16x100g","p":3.17,"u":"1,98 €/KG","img":"https://fd13-photos.leclercdrive.fr/image.ashx?id=2908195&use=l&cat=p&typeid=i","cat":284416},{"id":51300,"n":"Yaourt Nature Sucré Yoplait - 4x125g","p":1.15,"u":"2,30 €/KG","img":"https://fd13-photos.leclercdrive.fr/image.ashx?id=2799898&use=l&cat=p&typeid=i","cat":284409},{"id":51344,"n":"Riz au lait La Laitière Rhum raisin - 4x115g","p":1.96,"u":"4,26 €/KG","img":"https://fd13-photos.leclercdrive.fr/image.ashx?id=2490455&use=l&cat=p&typeid=i","cat":284418},{"id":51346,"n":"Dessert liégeois Viennois Vanille lit de caramel - 4x100g","p":1.7,"u":"4,25 €/KG","img":"https://fd13-photos.leclercdrive.fr/image.ashx?id=2692122&use=l&cat=p&typeid=i","cat":285042},{"id":51353,"n":"Fromage Cantal jeune NRT AOP  200g","p":3.19,"u":"15,95 €/KG","img":"https://fd13-photos.leclercdrive.fr/image.ashx?id=2934832&use=l&cat=p&typeid=i","cat":314034},{"id":51377,"n":"Camembert lait pasteurisé 23%MG Les Eleveurs de Bretagne - 250g","p":1.75,"u":"7,00 €/KG","img":"https://fd13-photos.leclercdrive.fr/image.ashx?id=1741616&use=l&cat=p&typeid=i","cat":314033},{"id":51392,"n":"Yaourts à la Grecque Délisse Lit de fruit jaunes - 4x150g","p":1.99,"u":"3,32 €/KG","img":"https://fd13-photos.leclercdrive.fr/image.ashx?id=2699699&use=l&cat=p&typeid=i","cat":314999},{"id":51395,"n":"Profiteroles Délisse 4x90g","p":2.49,"u":"6,92 €/KG","img":"https://fd13-photos.leclercdrive.fr/image.ashx?id=2844842&use=l&cat=p&typeid=i","cat":284419},{"id":51458,"n":"Feutres de coloriage Maped Color'peps - x14+4 offerts","p":3.5,"img":"https://fd13-photos.leclercdrive.fr/image.ashx?id=2384292&use=l&cat=p&typeid=i","cat":284696},{"id":51510,"n":"Stylo bille Esquisse 4 couleurs différentes - x4","p":1.75,"img":"https://fd13-photos.leclercdrive.fr/image.ashx?id=2131230&use=l&cat=p&typeid=i","cat":284696},{"id":51521,"n":"Classeur extra-large Exacompta Multicoloris - 24.2x29.7cm","p":3.0,"img":"https://fd13-photos.leclercdrive.fr/image.ashx?id=2795003&use=l&cat=p&typeid=i","cat":284745},{"id":51586,"n":"Nettoyant anti-calcaire Mapa Spray salle de bains - 500ml","p":2.84,"u":"5,68 €/L","img":"https://fd13-photos.leclercdrive.fr/image.ashx?id=2311852&use=l&cat=p&typeid=i","cat":325362},{"id":51607,"n":"Fromage enfant Kiri Goûter 8 portions barquettes - 280g","p":3.5,"u":"12,50 €/KG","img":"https://fd13-photos.leclercdrive.fr/image.ashx?id=2972886&use=l&cat=p&typeid=i","cat":314030},{"id":51635,"n":"Classeur extra-large Exacompta Vert - 24.2x29.7cm","p":3.0,"img":"https://fd13-photos.leclercdrive.fr/image.ashx?id=1690730&use=l&cat=p&typeid=i","cat":284745},{"id":51636,"n":"Classeur extra-large Exacompta Transparent - 24.2x29.7cm","p":3.0,"img":"https://fd13-photos.leclercdrive.fr/image.ashx?id=1690164&use=l&cat=p&typeid=i","cat":284745},{"id":51637,"n":"Classeur extra-large Exacompta Violet - 24.2x29.7cm","p":3.0,"img":"https://fd13-photos.leclercdrive.fr/image.ashx?id=1690733&use=l&cat=p&typeid=i","cat":284745},{"id":51638,"n":"Trieur Esquisse A4 Turquoise - 8 positions","p":2.79,"img":"https://fd13-photos.leclercdrive.fr/image.ashx?id=1698766&use=l&cat=p&typeid=i","cat":284745},{"id":51639,"n":"Trieur Esquisse A4  Anis - 8 positions","p":2.79,"img":"https://fd13-photos.leclercdrive.fr/image.ashx?id=1698769&use=l&cat=p&typeid=i","cat":284745},{"id":51744,"n":"Agrafeuse pocket Esquisse Multicoloris - x1","p":1.39,"img":"https://fd13-photos.leclercdrive.fr/image.ashx?id=2843896&use=l&cat=p&typeid=i","cat":334133},{"id":51750,"n":"Sel fin La Baleine Iodé - 500g","p":0.54,"u":"1,08 €/KG","img":"https://fd13-photos.leclercdrive.fr/image.ashx?id=1752100&use=l&cat=p&typeid=i","cat":284457},{"id":51751,"n":"Cacolac Chocolat Canettes Pack - 6x25cl","p":5.16,"u":"3,44 €/L","img":"https://fd13-photos.leclercdrive.fr/image.ashx?id=2554623&use=l&cat=p&typeid=i","cat":295246},{"id":51763,"n":"Trieur Esquisse A4 Noir - 8 positions","p":2.79,"img":"https://fd13-photos.leclercdrive.fr/image.ashx?id=1698772&use=l&cat=p&typeid=i","cat":284745},{"id":51764,"n":"Paire de ciseaux Esquisse Rose - Bout rond 13cm x1","p":0.79,"img":"https://fd13-photos.leclercdrive.fr/image.ashx?id=1698775&use=l&cat=p&typeid=i","cat":334133},{"id":51766,"n":"Paire de ciseaux Esquisse Turquoise - Bout rond 13cm - x1","p":0.79,"img":"https://fd13-photos.leclercdrive.fr/image.ashx?id=1698778&use=l&cat=p&typeid=i","cat":334133},{"id":51774,"n":"Chemise 3 rabats Esquisse Rouge/Noir/Bleu Polypro x3","p":3.5,"u":"1,17 €/P","img":"https://fd13-photos.leclercdrive.fr/image.ashx?id=1690176&use=l&cat=p&typeid=i","cat":284745},{"id":51775,"n":"Perforatrice 2 trous Esquisse Vert x1","p":2.8,"img":"https://fd13-photos.leclercdrive.fr/image.ashx?id=940759&use=l&cat=p&typeid=i","cat":334133},{"id":51777,"n":"Perforatrice 2 trous Esquisse Rouge - x1","p":2.8,"img":"https://fd13-photos.leclercdrive.fr/image.ashx?id=940751&use=l&cat=p&typeid=i","cat":334133},{"id":51797,"n":"Classeur à levier Esquisse Blanc - 5 cm","p":2.25,"img":"https://fd13-photos.leclercdrive.fr/image.ashx?id=1691186&use=l&cat=p&typeid=i","cat":284745},{"id":51798,"n":"Classeur à levier Esquisse Noir - 5 cm","p":2.25,"img":"https://fd13-photos.leclercdrive.fr/image.ashx?id=1691189&use=l&cat=p&typeid=i","cat":284745},{"id":51799,"n":"Classeur à levier Esquisse Violet - 5 cm","p":2.25,"img":"https://fd13-photos.leclercdrive.fr/image.ashx?id=1691192&use=l&cat=p&typeid=i","cat":284745},{"id":51801,"n":"Classeur à levier Esquisse Vert - Dos 5 cm","p":2.25,"img":"https://fd13-photos.leclercdrive.fr/image.ashx?id=1180677&use=l&cat=p&typeid=i","cat":284745},{"id":51822,"n":"Thé glacé Lipton Ice Tea Pêche - 4x50cl","p":3.89,"u":"1,95 €/L","img":"https://fd13-photos.leclercdrive.fr/image.ashx?id=2505471&use=l&cat=p&typeid=i","cat":295019},{"id":51831,"n":"Eau gazeuse Rozana 6x50cl","p":2.97,"u":"0,99 €/L","img":"https://fd13-photos.leclercdrive.fr/image.ashx?id=2870608&use=l&cat=p&typeid=i","cat":284536},{"id":51864,"n":"Bière blonde Kronenbourg 4,2° - 6x25cl","p":3.64,"u":"2,43 €/L","img":"https://fd13-photos.leclercdrive.fr/image.ashx?id=2992747&use=l&cat=p&typeid=i","cat":334873},{"id":51865,"n":"Bière blonde Kronenbourg 4,2° - 10x25cl","p":5.19,"u":"2,08 €/L","img":"https://fd13-photos.leclercdrive.fr/image.ashx?id=2992750&use=l&cat=p&typeid=i","cat":334873},{"id":51866,"n":"Lait Croissance Mots d'Enfants 12 à 36 mois - 6x1L","p":8.04,"u":"1,34 €/L","img":"https://fd13-photos.leclercdrive.fr/image.ashx?id=2770684&use=l&cat=p&typeid=i","cat":284728},{"id":51909,"n":"Agrafeuse pocket Esquisse Jaune x1","p":1.39,"img":"https://fd13-photos.leclercdrive.fr/image.ashx?id=950364&use=l&cat=p&typeid=i","cat":334133},{"id":51910,"n":"Agrafeuse pocket Esquisse Vert  x1","p":1.39,"img":"https://fd13-photos.leclercdrive.fr/image.ashx?id=950360&use=l&cat=p&typeid=i","cat":334133},{"id":51911,"n":"Agrafeuse pocket Esquisse  Rose - x1","p":1.39,"img":"https://fd13-photos.leclercdrive.fr/image.ashx?id=1690179&use=l&cat=p&typeid=i","cat":334133},{"id":51934,"n":"Goûter laitier Récré O'Lé Gourdes Chocolat - 12x85g","p":4.94,"u":"4,84 €/KG","img":"https://fd13-photos.leclercdrive.fr/image.ashx?id=2887035&use=l&cat=p&typeid=i","cat":284506},{"id":51954,"n":"Bougie Bien Air Vanille/ambre 40h x1","p":2.71,"img":"https://fd13-photos.leclercdrive.fr/image.ashx?id=2573406&use=l&cat=p&typeid=i","cat":284666},{"id":51957,"n":"Gel désodorisant Bien Air Marine - x1","p":1.35,"img":"https://fd13-photos.leclercdrive.fr/image.ashx?id=2466880&use=l&cat=p&typeid=i","cat":311628},{"id":51978,"n":"Boisson au soja Nat&Vie Chocolat - 1L","p":1.4,"u":"1,40 €/L","img":"https://fd13-photos.leclercdrive.fr/image.ashx?id=2886457&use=l&cat=p&typeid=i","cat":316067},{"id":51979,"n":"Boisson au soja Vanille Végé 1L Végé - 200g","p":1.35,"u":"1,35 €/L","img":"https://fd13-photos.leclercdrive.fr/image.ashx?id=2872703&use=l&cat=p&typeid=i","cat":316067},{"id":51980,"n":"Lait demi-écrémé Délisse UHT -  6x25cl","p":3.36,"u":"2,24 €/L","img":"https://fd13-photos.leclercdrive.fr/image.ashx?id=2971503&use=l&cat=p&typeid=i","cat":284377},{"id":51981,"n":"Lait demi-écrémé Délisse Bouteille - 25cl","p":0.58,"u":"2,32 €/L","img":"https://fd13-photos.leclercdrive.fr/image.ashx?id=2981879&use=l&cat=p&typeid=i","cat":284377},{"id":51989,"n":"Lait sans lactose Délisse UHT Bouteille -  6x50cl","p":5.64,"u":"1,88 €/L","img":"https://fd13-photos.leclercdrive.fr/image.ashx?id=2492267&use=l&cat=p&typeid=i","cat":317169},{"id":51990,"n":"Lait demi-écrémé Délisse Délactosé bouteille - 50cl","p":0.94,"u":"1,88 €/L","img":"https://fd13-photos.leclercdrive.fr/image.ashx?id=2610232&use=l&cat=p&typeid=i","cat":317169},{"id":51995,"n":"Spécialité laitière Délisse Epaisse - 7% MG - 50cl","p":1.43,"u":"2,86 €/L","img":"https://fd13-photos.leclercdrive.fr/image.ashx?id=2363802&use=l&cat=p&typeid=i","cat":284381},{"id":51997,"n":"Lait entier Délisse Bouteille - 6x50cl","p":5.44,"u":"1,81 €/L","img":"https://fd13-photos.leclercdrive.fr/image.ashx?id=2416535&use=l&cat=p&typeid=i","cat":285610},{"id":51999,"n":"Spécialité laitière Délisse Semi-épaisse 4%mg - 2x25cl","p":1.9,"u":"3,80 €/L","img":"https://fd13-photos.leclercdrive.fr/image.ashx?id=1790942&use=l&cat=p&typeid=i","cat":284381},{"id":52000,"n":"Spécialité laitière Délisse Epaisse - 7% MG - 20cl","p":0.95,"u":"4,75 €/L","img":"https://fd13-photos.leclercdrive.fr/image.ashx?id=2375583&use=l&cat=p&typeid=i","cat":284381},{"id":52001,"n":"Pâte à pizza fine Herta Rectangulaire - 390g","p":1.54,"u":"3,95 €/KG","img":"https://fd13-photos.leclercdrive.fr/image.ashx?id=2976110&use=l&cat=p&typeid=i","cat":333681},{"id":52002,"n":"HERTA Pâte à pizza fine & ronde 265g","p":1.24,"u":"4,68 €/KG","img":"https://fd13-photos.leclercdrive.fr/image.ashx?id=2975674&use=l&cat=p&typeid=i","cat":333681},{"id":52003,"n":"Eau aromatisée O'Fresh Fraise - 6x50cl","p":2.99,"u":"1,00 €/L","img":"https://fd13-photos.leclercdrive.fr/image.ashx?id=2441378&use=l&cat=p&typeid=i","cat":284537},{"id":52006,"n":"Blinis Ronde des Mers Medium x8 - 160g","p":1.69,"u":"10,56 €/KG","img":"https://fd13-photos.leclercdrive.fr/image.ashx?id=2981888&use=l&cat=p&typeid=i","cat":285191},{"id":52071,"n":"Tortillas Table du Monde De maïs - 320g","p":1.69,"u":"5,28 €/KG","img":"https://fd13-photos.leclercdrive.fr/image.ashx?id=2679759&use=l&cat=p&typeid=i","cat":288993},{"id":52077,"n":"IGP Côtes du Tarn Gamay  Rouge Vieux Carion 12% BIB 3L","p":7.99,"u":"2,66 €/L","img":"https://fd13-photos.leclercdrive.fr/image.ashx?id=2712303&use=l&cat=p&typeid=i","cat":289560},{"id":52080,"n":"Emmental fromage rapé Les Croisés - 1kg","p":7.97,"u":"7,97 €/KG","img":"https://fd13-photos.leclercdrive.fr/image.ashx?id=2832990&use=l&cat=p&typeid=i","cat":314035},{"id":52081,"n":"Boisson à base de vin rosé  saveur fraise Festalie - 75 cl","p":2.3,"u":"3,07 €/L","img":"https://fd13-photos.leclercdrive.fr/image.ashx?id=2774903&use=l&cat=p&typeid=i","cat":304569},{"id":52094,"n":"Poulet rôti purée Côté Table Barquette - 300g","p":2.38,"u":"7,93 €/KG","img":"https://fd13-photos.leclercdrive.fr/image.ashx?id=2624001&use=l&cat=p&typeid=i","cat":284953},{"id":52097,"n":"Salade Menu Fraîcheur Pâtes saumon - 300g","p":2.49,"u":"8,30 €/KG","img":"https://fd13-photos.leclercdrive.fr/image.ashx?id=2645960&use=l&cat=p&typeid=i","cat":333657},{"id":52112,"n":"Jambon sec Saint Azay  4 tranches - 100g","p":2.06,"u":"20,60 €/KG","img":"https://fd13-photos.leclercdrive.fr/image.ashx?id=2869275&use=l&cat=p&typeid=i","cat":316007},{"id":52122,"n":"Limonade Sprink's Zero - 1.5L","p":0.59,"u":"0,39 €/L","img":"https://fd13-photos.leclercdrive.fr/image.ashx?id=2913681&use=l&cat=p&typeid=i","cat":284531},{"id":52123,"n":"Salade pêcheur Menu Fraîcheur  300g","p":2.65,"u":"8,83 €/KG","img":"https://fd13-photos.leclercdrive.fr/image.ashx?id=2645969&use=l&cat=p&typeid=i","cat":333657},{"id":52124,"n":"Pâtes Tagliatelles Turini  Fraiches - 600g","p":1.89,"u":"3,15 €/KG","img":"https://fd13-photos.leclercdrive.fr/image.ashx?id=2823081&use=l&cat=p&typeid=i","cat":333682},{"id":52131,"n":"Filet de poulet Côté Table  Pomme de terre salardaise 300g","p":2.73,"u":"9,10 €/KG","img":"https://fd13-photos.leclercdrive.fr/image.ashx?id=2614476&use=l&cat=p&typeid=i","cat":333665},{"id":52135,"n":"Emmental -30% sel fromage râpé Les Croisés - 150g","p":1.99,"u":"13,27 €/KG","img":"https://fd13-photos.leclercdrive.fr/image.ashx?id=2832978&use=l&cat=p&typeid=i","cat":314035},{"id":52136,"n":"Mozzarella Pic'Express 250g","p":3.34,"u":"13,36 €/KG","img":"https://fd13-photos.leclercdrive.fr/image.ashx?id=2678800&use=l&cat=p&typeid=i","cat":319774},{"id":52141,"n":"Bâtonnets Dentastix Pedigree Moyen chien x7 - 180g","p":2.25,"u":"12,50 €/KG","img":"https://fd13-photos.leclercdrive.fr/image.ashx?id=2981301&use=l&cat=p&typeid=i","cat":294527},{"id":52142,"n":"Bâtonnets Dentastix Pedigree Grand chien x7 - 270g","p":3.13,"u":"11,59 €/KG","img":"https://fd13-photos.leclercdrive.fr/image.ashx?id=2877046&use=l&cat=p&typeid=i","cat":294527},{"id":52143,"n":"Bâtonnets Dentastix Pedigree Petit chien x7 - 110g","p":1.77,"u":"16,09 €/KG","img":"https://fd13-photos.leclercdrive.fr/image.ashx?id=2832338&use=l&cat=p&typeid=i","cat":294527},{"id":52148,"n":"Filet de poulet Fleury Michon pommes de terre - 300g","p":2.44,"u":"8,13 €/KG","img":"https://fd13-photos.leclercdrive.fr/image.ashx?id=2656754&use=l&cat=p&typeid=i","cat":333665},{"id":52170,"n":"Amandes effilées Vahiné 125g","p":3.44,"u":"27,52 €/KG","img":"https://fd13-photos.leclercdrive.fr/image.ashx?id=2490575&use=l&cat=p&typeid=i","cat":284504},{"id":52171,"n":"Noix de coco Vahiné  Râpée - 115g","p":1.68,"u":"14,61 €/KG","img":"https://fd13-photos.leclercdrive.fr/image.ashx?id=2559811&use=l&cat=p&typeid=i","cat":284504},{"id":52172,"n":"Noisettes en poudre Vahiné 100g","p":2.98,"u":"29,80 €/KG","img":"https://fd13-photos.leclercdrive.fr/image.ashx?id=2559823&use=l&cat=p&typeid=i","cat":284504},{"id":52174,"n":"Raisins blond Vahiné  125g","p":1.58,"u":"12,64 €/KG","img":"https://fd13-photos.leclercdrive.fr/image.ashx?id=2606253&use=l&cat=p&typeid=i","cat":284357},{"id":52175,"n":"Raisins secs Vahiné  125g","p":1.5,"u":"12,00 €/KG","img":"https://fd13-photos.leclercdrive.fr/image.ashx?id=2559820&use=l&cat=p&typeid=i","cat":284357},{"id":52176,"n":"Cerneaux de noix Vahiné 50g","p":1.59,"u":"31,80 €/KG","img":"https://fd13-photos.leclercdrive.fr/image.ashx?id=2606247&use=l&cat=p&typeid=i","cat":284504},{"id":52177,"n":"Pignons de pin Vahiné 50g","p":3.84,"u":"76,80 €/KG","img":"https://fd13-photos.leclercdrive.fr/image.ashx?id=2559799&use=l&cat=p&typeid=i","cat":284357},{"id":52246,"n":"Spray retouche L'Oréal Paris Magic Retouch Noir","p":9.54,"u":"127,20 €/L","img":"https://fd13-photos.leclercdrive.fr/image.ashx?id=2586420&use=l&cat=p&typeid=i","cat":288899},{"id":52247,"n":"Spray racine Magic Retouch 6 Chatain/acajou - 75ml","p":9.01,"u":"120,13 €/L","img":"https://fd13-photos.leclercdrive.fr/image.ashx?id=2618011&use=l&cat=p&typeid=i","cat":288899},{"id":52248,"n":"Spray racine Magic Retouch 5 Blond - 75ml","p":9.68,"u":"129,07 €/L","img":"https://fd13-photos.leclercdrive.fr/image.ashx?id=2597193&use=l&cat=p&typeid=i","cat":288899},{"id":52249,"n":"Spray retouche L'Oréal Paris Magic Retouch Blond foncé","p":9.68,"u":"129,07 €/L","img":"https://fd13-photos.leclercdrive.fr/image.ashx?id=2586429&use=l&cat=p&typeid=i","cat":288899},{"id":52250,"n":"Spray Coloration L'Oréal Paris Magic Retouch Châtain","p":9.46,"u":"126,13 €/L","img":"https://fd13-photos.leclercdrive.fr/image.ashx?id=2586426&use=l&cat=p&typeid=i","cat":288899},{"id":52251,"n":"Spray retouche L'Oréal Paris Magic Retouch Châtain Foncé","p":9.06,"u":"120,80 €/L","img":"https://fd13-photos.leclercdrive.fr/image.ashx?id=2586423&use=l&cat=p&typeid=i","cat":288899},{"id":52254,"n":"IGP Comté Tolosan vin blanc Bernard Cordelier - 75 cl","p":1.99,"u":"2,65 €/L","img":"https://fd13-photos.leclercdrive.fr/image.ashx?id=2905198&use=l&cat=p&typeid=i","cat":289557},{"id":52275,"n":"Emmental Eleveurs de Bretagne Râpé - 200g","p":1.86,"u":"9,30 €/KG","img":"https://fd13-photos.leclercdrive.fr/image.ashx?id=1730286&use=l&cat=p&typeid=i","cat":314035},{"id":52276,"n":"Emmental Eleveurs de Bretagne Râpé - 500g","p":4.62,"u":"9,24 €/KG","img":"https://fd13-photos.leclercdrive.fr/image.ashx?id=1730289&use=l&cat=p&typeid=i","cat":314035},{"id":52325,"n":"Steak hachée pur bœuf 5% MG Bio Les Éleveurs de Bretagne - 250g","p":6.15,"u":"24,60 €/KG","img":"https://fd13-photos.leclercdrive.fr/image.ashx?id=2406070&use=l&cat=p&typeid=i","cat":284332},{"id":52328,"n":"Thé glacé Breizh Thé Pêche - 1.5L","p":1.68,"u":"1,12 €/L","img":"https://fd13-photos.leclercdrive.fr/image.ashx?id=2220341&use=l&cat=p&typeid=i","cat":295019},{"id":52329,"n":"Limonade Breizh Lim' 1.5L","p":1.89,"u":"1,26 €/L","img":"https://fd13-photos.leclercdrive.fr/image.ashx?id=2184672&use=l&cat=p&typeid=i","cat":284531},{"id":52330,"n":"Soda Breizh  Agrumes - 1.5L","p":1.85,"u":"1,23 €/L","img":"https://fd13-photos.leclercdrive.fr/image.ashx?id=2183606&use=l&cat=p&typeid=i","cat":284532},{"id":52335,"n":"Sauce tomate cuisinée Panzani Tube légumes - 180g","p":0.99,"u":"5,50 €/KG","img":"https://fd13-photos.leclercdrive.fr/image.ashx?id=2984751&use=l&cat=p&typeid=i","cat":288384},{"id":52367,"n":"Whisky Ballantine's Finest Blended Scotch 40% vol - 1,5L","p":31.54,"u":"21,03 €/L","img":"https://fd13-photos.leclercdrive.fr/image.ashx?id=3000833&use=l&cat=p&typeid=i","cat":284547},{"id":52380,"n":"Porte mines jetables 0.7mm Esquisse 8+2","p":1.27,"img":"https://fd13-photos.leclercdrive.fr/image.ashx?id=1678724&use=l&cat=p&typeid=i","cat":284696},{"id":52381,"n":"Protège document A4 Esquisse Bleu - 200 vues","p":3.99,"img":"https://fd13-photos.leclercdrive.fr/image.ashx?id=1932810&use=l&cat=p&typeid=i","cat":284745},{"id":52388,"n":"Crème anti-âge So Bio Etic Plaisir d'argan bio - 50ml","p":8.73,"u":"174,60 €/L","img":"https://fd13-photos.leclercdrive.fr/image.ashx?id=2988587&use=l&cat=p&typeid=i","cat":325345},{"id":52389,"n":"Gelée nuit anti âge So Bio Etic Argan bio - 40ml","p":10.05,"u":"251,25 €/L","img":"https://fd13-photos.leclercdrive.fr/image.ashx?id=2494734&use=l&cat=p&typeid=i","cat":325345},{"id":52391,"n":"Lotion micellaire So Bio Etic Tonifiante bio - 500ml","p":5.7,"u":"11,40 €/L","img":"https://fd13-photos.leclercdrive.fr/image.ashx?id=2909065&use=l&cat=p&typeid=i","cat":284603},{"id":52392,"n":"Contour yeux lèvres So Bio Etic Anti-âge Argan bio - 15ml","p":11.09,"u":"739,33 €/L","img":"https://fd13-photos.leclercdrive.fr/image.ashx?id=2494740&use=l&cat=p&typeid=i","cat":325345},{"id":52404,"n":"Yaourt nature bifidus Activia 12x125g","p":3.96,"u":"2,64 €/KG","img":"https://fd13-photos.leclercdrive.fr/image.ashx?id=2741703&use=l&cat=p&typeid=i","cat":315000},{"id":52539,"n":"Pur jus de citron Jardin Bio Bio - 50cl","p":2.9,"u":"5,80 €/L","img":"https://fd13-photos.leclercdrive.fr/image.ashx?id=3014524&use=l&cat=p&typeid=i","cat":288383},{"id":52540,"n":"Pur jus de citron Jardin Bio Bio - 25cl","p":1.64,"u":"6,56 €/L","img":"https://fd13-photos.leclercdrive.fr/image.ashx?id=2673745&use=l&cat=p&typeid=i","cat":288383},{"id":52582,"n":"Sauce Bolognaise Panzani - 210G","p":1.37,"u":"6,52 €/KG","img":"https://fd13-photos.leclercdrive.fr/image.ashx?id=2977927&use=l&cat=p&typeid=i","cat":287599},{"id":52618,"n":"Crème brulée Rians  3x100g","p":3.21,"u":"10,70 €/KG","img":"https://fd13-photos.leclercdrive.fr/image.ashx?id=2396246&use=l&cat=p&typeid=i","cat":284419},{"id":52625,"n":"Sauce Pommes de Terre Bénédicta - 255g","p":1.48,"u":"5,69 €/KG","img":"https://fd13-photos.leclercdrive.fr/image.ashx?id=2689925&use=l&cat=p&typeid=i","cat":318430},{"id":52631,"n":"Sauce Béarnaise Bénédicta - 260g","p":1.22,"u":"4,69 €/KG","img":"https://fd13-photos.leclercdrive.fr/image.ashx?id=2689931&use=l&cat=p&typeid=i","cat":318430},{"id":52632,"n":"Sauce au Poivre Bénédicta - 260g","p":1.44,"u":"5,54 €/KG","img":"https://fd13-photos.leclercdrive.fr/image.ashx?id=2689937&use=l&cat=p&typeid=i","cat":318430},{"id":52633,"n":"Sauce Tartare Bénédicta - 260g","p":1.46,"u":"5,62 €/KG","img":"https://fd13-photos.leclercdrive.fr/image.ashx?id=2689940&use=l&cat=p&typeid=i","cat":318430},{"id":52634,"n":"Sauce Bourguignonne Bénédicta - 260g","p":1.36,"u":"5,04 €/KG","img":"https://fd13-photos.leclercdrive.fr/image.ashx?id=2689943&use=l&cat=p&typeid=i","cat":318430},{"id":52673,"n":"Fromage Burger cheddar/emmental Président - 12 tranches - 200g","p":1.55,"u":"7,75 €/KG","img":"https://fd13-photos.leclercdrive.fr/image.ashx?id=2445024&use=l&cat=p&typeid=i","cat":314028},{"id":52679,"n":"Fromage cabecou Rians 22%mg - 3x35g","p":2.29,"u":"21,81 €/KG","img":"https://fd13-photos.leclercdrive.fr/image.ashx?id=2668455&use=l&cat=p&typeid=i","cat":314031},{"id":52684,"n":"Cheddar fromage râpé  Les Croisés - 200g","p":2.39,"u":"11,95 €/KG","img":"https://fd13-photos.leclercdrive.fr/image.ashx?id=2044381&use=l&cat=p&typeid=i","cat":314035},{"id":52699,"n":"Comté Entremont Râpé - 2x70g","p":2.28,"u":"16,29 €/KG","img":"https://fd13-photos.leclercdrive.fr/image.ashx?id=2983162&use=l&cat=p&typeid=i","cat":314035},{"id":52701,"n":"Fromage Richesmonts Tartiflette - 450g","p":5.98,"u":"13,29 €/KG","img":"https://fd13-photos.leclercdrive.fr/image.ashx?id=3008182&use=l&cat=p&typeid=i","cat":314037},{"id":52705,"n":"Bonbon Fili-tubs fraise Lutti  - 200g","p":1.83,"u":"9,15 €/KG","img":"https://fd13-photos.leclercdrive.fr/image.ashx?id=1750952&use=l&cat=p&typeid=i","cat":304250},{"id":52757,"n":"Biscuits sablés Granola Chocolat au lait - 2x200g","p":2.76,"u":"6,90 €/KG","img":"https://fd13-photos.leclercdrive.fr/image.ashx?id=2347275&use=l&cat=p&typeid=i","cat":284488},{"id":52790,"n":"Fromage mi-chèvre Soignon 180g","p":1.91,"u":"10,61 €/KG","img":"https://fd13-photos.leclercdrive.fr/image.ashx?id=2734357&use=l&cat=p&typeid=i","cat":314031},{"id":52804,"n":"Fromage à Raclette RichesMonts  Classique 18 Tranches - 420g","p":5.24,"u":"12,48 €/KG","img":"https://fd13-photos.leclercdrive.fr/image.ashx?id=2953489&use=l&cat=p&typeid=i","cat":314037},{"id":52809,"n":"Fromage raclette Les Croisés 28%mg - 800g","p":7.39,"u":"9,24 €/KG","img":"https://fd13-photos.leclercdrive.fr/image.ashx?id=2793221&use=l&cat=p&typeid=i","cat":314037},{"id":52810,"n":"Fromage raclette XXL Tranché 26%mg - 480g","p":5.89,"u":"12,27 €/KG","img":"https://fd13-photos.leclercdrive.fr/image.ashx?id=2793224&use=l&cat=p&typeid=i","cat":314037},{"id":52811,"n":"Fromage raclette fumée Les Croisés 26%mg - 250g","p":2.99,"u":"11,96 €/KG","img":"https://fd13-photos.leclercdrive.fr/image.ashx?id=2793236&use=l&cat=p&typeid=i","cat":314037},{"id":52812,"n":"Yaourt nature bifidus Activia 16x125g","p":4.59,"u":"2,30 €/KG","img":"https://fd13-photos.leclercdrive.fr/image.ashx?id=2831675&use=l&cat=p&typeid=i","cat":315000},{"id":52816,"n":"yaourt nature bifidus Activia 8x125g","p":2.79,"u":"2,79 €/KG","img":"https://fd13-photos.leclercdrive.fr/image.ashx?id=2741709&use=l&cat=p&typeid=i","cat":315000},{"id":52910,"n":"Pâte à modeler Coffret - Dès 3 ans","p":9.9,"img":"https://fd13-photos.leclercdrive.fr/image.ashx?id=1727286&use=l&cat=p&typeid=i","cat":334381},{"id":52914,"n":"Fiches bristol Exacompta 14.8x21- Blanches - x50","p":2.22,"img":"https://fd13-photos.leclercdrive.fr/image.ashx?id=2677780&use=l&cat=p&typeid=i","cat":284697},{"id":52951,"n":"Café dosettes Tassimo Thé vert menthe x16","p":4.86,"u":"121,50 €/KG","img":"https://fd13-photos.leclercdrive.fr/image.ashx?id=2100368&use=l&cat=p&typeid=i","cat":293233},{"id":52958,"n":"Café dosettes Tassimo L'Or Espresso Classique x16","p":4.46,"u":"42,88 €/KG","img":"https://fd13-photos.leclercdrive.fr/image.ashx?id=2507335&use=l&cat=p&typeid=i","cat":293240},{"id":52962,"n":"Biscuits fourrés Prince Chocolat - 300g","p":1.35,"u":"4,50 €/KG","img":"https://fd13-photos.leclercdrive.fr/image.ashx?id=3014638&use=l&cat=p&typeid=i","cat":284488},{"id":52964,"n":"Essuie-tout blanc Mimosa Super absorbant - x4 compacts","p":4.95,"u":"1,24 €/P","img":"https://fd13-photos.leclercdrive.fr/image.ashx?id=2752628&use=l&cat=p&typeid=i","cat":284635},{"id":52979,"n":"Truite fumée de Bretagne NRT x4 - 120g","p":5.39,"u":"44,92 €/KG","img":"https://fd13-photos.leclercdrive.fr/image.ashx?id=2663851&use=l&cat=p&typeid=i","cat":285188},{"id":53006,"n":"Vin d'Espagne Merlot rouge Adrien Champaud - BIB 10L","p":18.99,"u":"1,90 €/L","img":"https://fd13-photos.leclercdrive.fr/image.ashx?id=2959614&use=l&cat=p&typeid=i","cat":289560},{"id":53032,"n":"Essuie-tout décoré Mimosa x3 compacts","p":3.79,"u":"1,26 €/P","img":"https://fd13-photos.leclercdrive.fr/image.ashx?id=2752634&use=l&cat=p&typeid=i","cat":284635},{"id":53064,"n":"Eponges grattantes Mamison  Vaisselle délicate - x2","p":1.26,"u":"0,63 €/P","img":"https://fd13-photos.leclercdrive.fr/image.ashx?id=2202440&use=l&cat=p&typeid=i","cat":284667},{"id":53065,"n":"Eponges grattantes Mamison  Récurage difficile - x2","p":1.27,"u":"0,64 €/P","img":"https://fd13-photos.leclercdrive.fr/image.ashx?id=2207733&use=l&cat=p&typeid=i","cat":284667},{"id":53066,"n":"Diffuseur mini spray Bien Air Floral  - 15ml","p":1.69,"u":"112,67 €/L","img":"https://fd13-photos.leclercdrive.fr/image.ashx?id=2375699&use=l&cat=p&typeid=i","cat":311629},{"id":53067,"n":"Recharge désodorisant Bien Air  Floral - 15ml","p":1.55,"u":"103,33 €/L","img":"https://fd13-photos.leclercdrive.fr/image.ashx?id=2467655&use=l&cat=p&typeid=i","cat":311629},{"id":53069,"n":"Recharge désodorisant Bien Air  Muguet - 15ml","p":1.5,"u":"100,00 €/L","img":"https://fd13-photos.leclercdrive.fr/image.ashx?id=2467658&use=l&cat=p&typeid=i","cat":311629},{"id":53111,"n":"Marqueur Bic 2300 noir x1","p":1.18,"img":"https://fd13-photos.leclercdrive.fr/image.ashx?id=2645489&use=l&cat=p&typeid=i","cat":284696},{"id":53112,"n":"Surligneurs Brite liner Bic  Couleurs assortis - x5","p":2.55,"u":"0,51 €/P","img":"https://fd13-photos.leclercdrive.fr/image.ashx?id=2972406&use=l&cat=p&typeid=i","cat":284696},{"id":53116,"n":"Rhum blanc agricole Damoiseau 50%vol - 1L","p":18.8,"u":"18,80 €/L","img":"https://fd13-photos.leclercdrive.fr/image.ashx?id=2021214&use=l&cat=p&typeid=i","cat":284550},{"id":53135,"n":"Crozets de Savoie NRT Nature - 400g","p":2.35,"u":"5,88 €/KG","img":"https://fd13-photos.leclercdrive.fr/image.ashx?id=2856226&use=l&cat=p&typeid=i","cat":284427},{"id":53150,"n":"Barquette chat Sheba  Volaille en sauce - 12x85g","p":7.13,"u":"6,99 €/KG","img":"https://fd13-photos.leclercdrive.fr/image.ashx?id=2759640&use=l&cat=p&typeid=i","cat":285286},{"id":53168,"n":"Snacks chats Tous mes amis Hygiène dentaire mini - 40g","p":0.99,"u":"24,75 €/KG","img":"https://fd13-photos.leclercdrive.fr/image.ashx?id=1946868&use=l&cat=p&typeid=i","cat":285285},{"id":53170,"n":"Dés fromage de Brebis Herbes de Provence Les Croisés - 300g","p":2.83,"u":"9,43 €/KG","img":"https://fd13-photos.leclercdrive.fr/image.ashx?id=2900531&use=l&cat=p&typeid=i","cat":314027},{"id":53174,"n":"Chocolat noir Equador Caramel salé - 100g","p":1.59,"u":"15,90 €/KG","img":"https://fd13-photos.leclercdrive.fr/image.ashx?id=2553339&use=l&cat=p&typeid=i","cat":284956},{"id":53289,"n":"Gel Douche Cottage Monoi - 560ml","p":3.07,"u":"5,48 €/L","img":"https://fd13-photos.leclercdrive.fr/image.ashx?id=2063416&use=l&cat=p&typeid=i","cat":284594},{"id":53293,"n":"Gel douche Cottage Huile Argan - 560 ml","p":3.05,"u":"5,45 €/L","img":"https://fd13-photos.leclercdrive.fr/image.ashx?id=2315931&use=l&cat=p&typeid=i","cat":284594},{"id":53396,"n":"Yaourt nature bifidus Activia 4x125g","p":1.39,"u":"2,78 €/KG","img":"https://fd13-photos.leclercdrive.fr/image.ashx?id=2885944&use=l&cat=p&typeid=i","cat":315000},{"id":53416,"n":"AOP Bourgogne Chardonnay L'Aurore - 75cl","p":7.5,"u":"10,00 €/L","img":"https://fd13-photos.leclercdrive.fr/image.ashx?id=1734034&use=l&cat=p&typeid=i","cat":289557},{"id":53434,"n":"Salade d'Alaska Menu Fraîcheur 300g","p":2.59,"u":"8,63 €/KG","img":"https://fd13-photos.leclercdrive.fr/image.ashx?id=2727638&use=l&cat=p&typeid=i","cat":333657},{"id":53465,"n":"Biscuit petit beurre P'tit Déli Chocolat lait 48% - 125g","p":1.75,"u":"14,00 €/KG","img":"https://fd13-photos.leclercdrive.fr/image.ashx?id=2414985&use=l&cat=p&typeid=i","cat":284488},{"id":53479,"n":"AOP Côtes du Rhône rouge Vieille Vignes - 75cl","p":3.69,"u":"4,92 €/L","img":"https://fd13-photos.leclercdrive.fr/image.ashx?id=2722396&use=l&cat=p&typeid=i","cat":289556},{"id":53508,"n":"Fine chapelure de pain Tipiak 275g","p":0.61,"u":"2,22 €/KG","img":"https://fd13-photos.leclercdrive.fr/image.ashx?id=2594124&use=l&cat=p&typeid=i","cat":288382},{"id":53531,"n":"Compotes Pom'Potes Gourdes Multivariétés Inédits - 20x90g","p":8.79,"u":"4,88 €/KG","img":"https://fd13-photos.leclercdrive.fr/image.ashx?id=2949829&use=l&cat=p&typeid=i","cat":284508},{"id":53537,"n":"Pâté Hénaff 2x260g","p":6.2,"u":"11,92 €/KG","img":"https://fd13-photos.leclercdrive.fr/image.ashx?id=2662415&use=l&cat=p&typeid=i","cat":305149},{"id":53600,"n":"Recharge spray Bien Air Automatique japon - 250ml","p":2.39,"u":"9,56 €/L","img":"https://fd13-photos.leclercdrive.fr/image.ashx?id=2974963&use=l&cat=p&typeid=i","cat":311629},{"id":53601,"n":"Recharge spray Bien Air Vanille ambré automatique 250ml","p":2.39,"u":"9,56 €/L","img":"https://fd13-photos.leclercdrive.fr/image.ashx?id=2991136&use=l&cat=p&typeid=i","cat":311629},{"id":53606,"n":"Salade Mexicaine Côté Snack Au thon - 250g","p":1.89,"u":"7,56 €/KG","img":"https://fd13-photos.leclercdrive.fr/image.ashx?id=2884255&use=l&cat=p&typeid=i","cat":284437},{"id":53607,"n":"Salade Piémontaise Côté Snack Thon - 250g","p":1.9,"u":"7,60 €/KG","img":"https://fd13-photos.leclercdrive.fr/image.ashx?id=2868319&use=l&cat=p&typeid=i","cat":284437},{"id":53628,"n":"Soda Breizh Cola Zéro Bouteille - 6x33cl","p":3.12,"u":"1,58 €/L","img":"https://fd13-photos.leclercdrive.fr/image.ashx?id=2432663&use=l&cat=p&typeid=i","cat":284530},{"id":53663,"n":"Dés d'épaule Fleury Michon - 2x75g","p":1.51,"u":"10,07 €/KG","img":"https://fd13-photos.leclercdrive.fr/image.ashx?id=2650429&use=l&cat=p&typeid=i","cat":316011},{"id":53669,"n":"Assortiment Justin Bridou  4 charcuteries - 260g","p":5.19,"u":"19,96 €/KG","img":"https://fd13-photos.leclercdrive.fr/image.ashx?id=2770783&use=l&cat=p&typeid=i","cat":316007},{"id":53679,"n":"Dissolvant Diadermine Douceur - 125ml","p":2.11,"u":"16,88 €/L","img":"https://fd13-photos.leclercdrive.fr/image.ashx?id=2334926&use=l&cat=p&typeid=i","cat":325347},{"id":53776,"n":"Brioche tressée Pasquier Nature - 630g","p":2.78,"u":"4,41 €/KG","img":"https://fd13-photos.leclercdrive.fr/image.ashx?id=2850946&use=l&cat=p&typeid=i","cat":284478},{"id":53777,"n":"Brioche tressée Pasquier  Pépites - 630g","p":2.67,"u":"4,24 €/KG","img":"https://fd13-photos.leclercdrive.fr/image.ashx?id=2848809&use=l&cat=p&typeid=i","cat":284478},{"id":53783,"n":"Lait de coco Suzi Wan 200ml","p":1.24,"u":"6,20 €/L","img":"https://fd13-photos.leclercdrive.fr/image.ashx?id=3002177&use=l&cat=p&typeid=i","cat":288992},{"id":53816,"n":"Chocolats Ferrero Collection Assortiments x32- 359g","p":12.42,"u":"34,60 €/KG","img":"https://fd13-photos.leclercdrive.fr/image.ashx?id=2940507&use=l&cat=p&typeid=i","cat":327595},{"id":53855,"n":"Crêpes gourmandes froment x12 Les Délices de Landeleau - 360g","p":3.42,"u":"9,50 €/KG","img":"https://fd13-photos.leclercdrive.fr/image.ashx?id=2528937&use=l&cat=p&typeid=i","cat":284494},{"id":53899,"n":"Eau minérale gazeuse Perrier  Naturelle - 6x1L","p":3.95,"u":"0,66 €/L","img":"https://fd13-photos.leclercdrive.fr/image.ashx?id=2454463&use=l&cat=p&typeid=i","cat":284536},{"id":53902,"n":"Eau minérale gazeuse Perrier  Fines bulles - 6x1L","p":3.66,"u":"0,61 €/L","img":"https://fd13-photos.leclercdrive.fr/image.ashx?id=2830924&use=l&cat=p&typeid=i","cat":284536},{"id":53904,"n":"Barre de chocolat Toblerone Noir - 360g","p":7.9,"u":"21,94 €/KG","img":"https://fd13-photos.leclercdrive.fr/image.ashx?id=2428687&use=l&cat=p&typeid=i","cat":327595},{"id":53936,"n":"Dés de fromage salade Boursin Echalote ciboulette - 120g","p":2.23,"u":"18,58 €/KG","img":"https://fd13-photos.leclercdrive.fr/image.ashx?id=2865671&use=l&cat=p&typeid=i","cat":314027},{"id":53941,"n":"Fromage apéritif Boursin Echalote ciboulette 20 roulés","p":3.26,"u":"32,60 €/KG","img":"https://fd13-photos.leclercdrive.fr/image.ashx?id=2918595&use=l&cat=p&typeid=i","cat":314027},{"id":53944,"n":"Fromage à tartiner Boursin Ail et fines herbes - 250g","p":3.44,"u":"13,76 €/KG","img":"https://fd13-photos.leclercdrive.fr/image.ashx?id=2999853&use=l&cat=p&typeid=i","cat":314029},{"id":54112,"n":"Absolut Vodka 40%vol - 1L","p":25.95,"u":"25,95 €/L","img":"https://fd13-photos.leclercdrive.fr/image.ashx?id=2550261&use=l&cat=p&typeid=i","cat":284550},{"id":54131,"n":"Rasoirs jetables Bic Flex3 Comfort - x8","p":7.0,"u":"0,88 €/P","img":"https://fd13-photos.leclercdrive.fr/image.ashx?id=2273071&use=l&cat=p&typeid=i","cat":284616},{"id":54170,"n":"Beurre moulé Paysan Breton La pointe de sel - 81%mg - 250g","p":3.09,"u":"12,36 €/KG","img":"https://fd13-photos.leclercdrive.fr/image.ashx?id=2277497&use=l&cat=p&typeid=i","cat":284379},{"id":54177,"n":"AOP Champagne Bio Canard Duchêne - Extra Brut - 75cl","p":29.56,"u":"39,41 €/L","img":"https://fd13-photos.leclercdrive.fr/image.ashx?id=2753611&use=l&cat=p&typeid=i","cat":284542},{"id":54184,"n":"Pétillant AOC Jaillance Clairette Bio, 7%vol - 75cl","p":6.9,"u":"9,20 €/L","img":"https://fd13-photos.leclercdrive.fr/image.ashx?id=2867455&use=l&cat=p&typeid=i","cat":284544},{"id":54185,"n":"Vin de France blanc Bio  Autrement - BIB 3L - 12,5%","p":16.55,"u":"5,52 €/L","img":"https://fd13-photos.leclercdrive.fr/image.ashx?id=2765225&use=l&cat=p&typeid=i","cat":289560},{"id":54248,"n":"Mister Cocktail sans alcool Cerise - 75cl","p":3.81,"u":"5,08 €/L","img":"https://fd13-photos.leclercdrive.fr/image.ashx?id=2962221&use=l&cat=p&typeid=i","cat":284549},{"id":54272,"n":"Beurre Tendre Président Demi-sel - 80% MG - 125g","p":2.08,"u":"16,64 €/KG","img":"https://fd13-photos.leclercdrive.fr/image.ashx?id=2653495&use=l&cat=p&typeid=i","cat":284379},{"id":54296,"n":"Recharge mini spray Bien Air Marine - 15ml","p":1.5,"u":"100,00 €/L","img":"https://fd13-photos.leclercdrive.fr/image.ashx?id=2467646&use=l&cat=p&typeid=i","cat":311629},{"id":54297,"n":"Désodorisant Bien Air Mèches actives, lavande - 375ml","p":1.65,"u":"4,40 €/L","img":"https://fd13-photos.leclercdrive.fr/image.ashx?id=2934721&use=l&cat=p&typeid=i","cat":311628},{"id":54298,"n":"Désodorisant Bien Air Mèche active muguet - 375ml","p":1.65,"u":"4,40 €/L","img":"https://fd13-photos.leclercdrive.fr/image.ashx?id=2777803&use=l&cat=p&typeid=i","cat":311628},{"id":54299,"n":"Désodorisant Bien Air Mèche active Fruit rouge 375ml","p":1.65,"u":"4,40 €/L","img":"https://fd13-photos.leclercdrive.fr/image.ashx?id=2777806&use=l&cat=p&typeid=i","cat":311628},{"id":54300,"n":"Désodorisant Bien Air Mèche active agrume 375ml","p":1.65,"u":"4,40 €/L","img":"https://fd13-photos.leclercdrive.fr/image.ashx?id=2777809&use=l&cat=p&typeid=i","cat":311628},{"id":54301,"n":"Recharge mini spray Bien Air Agrume - 15ml","p":1.5,"u":"100,00 €/L","img":"https://fd13-photos.leclercdrive.fr/image.ashx?id=2467652&use=l&cat=p&typeid=i","cat":311629},{"id":54305,"n":"Crème Hydratante Nivea Men Visage Corps Mains - 150ml","p":3.26,"u":"21,73 €/L","img":"https://fd13-photos.leclercdrive.fr/image.ashx?id=3014596&use=l&cat=p&typeid=i","cat":284622},{"id":54311,"n":"Bière blonde Bio Jade 4.5%vol - 6x25cl","p":5.69,"u":"3,79 €/L","img":"https://fd13-photos.leclercdrive.fr/image.ashx?id=2511282&use=l&cat=p&typeid=i","cat":334873},{"id":54312,"n":"Bière Sans gluten Jade Bio - 4.5%vol - 6x25cl","p":5.95,"u":"3,97 €/L","img":"https://fd13-photos.leclercdrive.fr/image.ashx?id=2672161&use=l&cat=p&typeid=i","cat":334873},{"id":54316,"n":"AOC Coteaux du Layon vin blanc Les Caractères - 75cl","p":6.99,"u":"9,32 €/L","img":"https://fd13-photos.leclercdrive.fr/image.ashx?id=2800273&use=l&cat=p&typeid=i","cat":289557},{"id":54344,"n":"Tablette chocolat Côte d'Or Chocolat lait/Amandes - 180g","p":4.19,"u":"23,28 €/KG","img":"https://fd13-photos.leclercdrive.fr/image.ashx?id=3009143&use=l&cat=p&typeid=i","cat":284497},{"id":54346,"n":"Barre Chocolatée KINDER Country  Céréales chocolat x10 - 235g","p":3.64,"u":"15,49 €/KG","img":"https://fd13-photos.leclercdrive.fr/image.ashx?id=2231942&use=l&cat=p&typeid=i","cat":284498},{"id":54351,"n":"Crème dessert Délisse Chocolat noisette - 4x125g","p":1.14,"u":"2,28 €/KG","img":"https://fd13-photos.leclercdrive.fr/image.ashx?id=2760810&use=l&cat=p&typeid=i","cat":285041},{"id":54385,"n":"Coupelles Ananas DDV Sirop léger - 4x70g","p":2.59,"u":"9,25 €/KG","img":"https://fd13-photos.leclercdrive.fr/image.ashx?id=2100793&use=l&cat=p&typeid=i","cat":284507},{"id":54386,"n":"Gâteau multicouche P'tit Déli Genoise fourré chocolat - 175g","p":1.27,"u":"7,26 €/KG","img":"https://fd13-photos.leclercdrive.fr/image.ashx?id=2416538&use=l&cat=p&typeid=i","cat":284495},{"id":54387,"n":"Pains Hot Dog Epi d'Or x4 - 250g","p":1.41,"u":"5,64 €/KG","img":"https://fd13-photos.leclercdrive.fr/image.ashx?id=2147414&use=l&cat=p&typeid=i","cat":284985},{"id":54393,"n":"Spécialité de saucisse St Azay Sèche - 200g","p":3.05,"u":"15,25 €/KG","img":"https://fd13-photos.leclercdrive.fr/image.ashx?id=2982622&use=l&cat=p&typeid=i","cat":316006},{"id":54396,"n":"Salade Catalane Côté Snack Thon à la catalane - 250g","p":2.17,"u":"8,68 €/KG","img":"https://fd13-photos.leclercdrive.fr/image.ashx?id=2910589&use=l&cat=p&typeid=i","cat":284437},{"id":54398,"n":"Serviette Tissaia Gris cintrée 50x100cm","p":5.45,"img":"https://fd13-photos.leclercdrive.fr/image.ashx?id=2207754&use=l&cat=p&typeid=i","cat":286694},{"id":54404,"n":"Sauce Tomacouli Panzani - 3X200G","p":1.61,"u":"2,68 €/KG","img":"https://fd13-photos.leclercdrive.fr/image.ashx?id=2744623&use=l&cat=p&typeid=i","cat":288384},{"id":54405,"n":"Sauce Tomacouli Panzani - 700G","p":1.55,"u":"2,21 €/KG","img":"https://fd13-photos.leclercdrive.fr/image.ashx?id=2744632&use=l&cat=p&typeid=i","cat":288384},{"id":54415,"n":"Bâtonnet à mâcher Dentalife  Petit chien - x21 - 345g","p":3.05,"u":"8,84 €/KG","img":"https://fd13-photos.leclercdrive.fr/image.ashx?id=2897339&use=l&cat=p&typeid=i","cat":294527},{"id":54416,"n":"Bâtonnet à macher Dentalife Chien moyen - 345g","p":3.05,"u":"8,84 €/KG","img":"https://fd13-photos.leclercdrive.fr/image.ashx?id=2896426&use=l&cat=p&typeid=i","cat":294527},{"id":54417,"n":"Barre chocolat lait P'tit Déli x5 - 130g","p":1.5,"u":"11,54 €/KG","img":"https://fd13-photos.leclercdrive.fr/image.ashx?id=2568936&use=l&cat=p&typeid=i","cat":284488},{"id":54418,"n":"Bâtonnet à mâche Dentalife Grand chien x12 - 426g","p":3.05,"u":"7,16 €/KG","img":"https://fd13-photos.leclercdrive.fr/image.ashx?id=2897342&use=l&cat=p&typeid=i","cat":294527},{"id":54420,"n":"Gel à raser Carré Homme Pour barbe difficile - 200ml","p":1.89,"u":"9,45 €/L","img":"https://fd13-photos.leclercdrive.fr/image.ashx?id=2704723&use=l&cat=p&typeid=i","cat":284617},{"id":54422,"n":"Spray automatique Bien Air + recharge - 250ml","p":5.98,"u":"23,92 €/L","img":"https://fd13-photos.leclercdrive.fr/image.ashx?id=2330493&use=l&cat=p&typeid=i","cat":311629},{"id":54423,"n":"Gel à raser Carré Homme Fraicheur - 200ml","p":1.69,"u":"8,45 €/L","img":"https://fd13-photos.leclercdrive.fr/image.ashx?id=2704726&use=l&cat=p&typeid=i","cat":284617},{"id":54425,"n":"Batônnets Surimi Pêche Océan MSC - x48 - 800g","p":4.34,"u":"5,43 €/KG","img":"https://fd13-photos.leclercdrive.fr/image.ashx?id=2953245&use=l&cat=p&typeid=i","cat":285189},{"id":54430,"n":"Salade Italienne Côté Snack Au thon - 250g","p":2.19,"u":"8,76 €/KG","img":"https://fd13-photos.leclercdrive.fr/image.ashx?id=2927910&use=l&cat=p&typeid=i","cat":284437},{"id":54447,"n":"Mister Cocktail sans alcool Fruits passion - 75cl","p":3.99,"u":"5,32 €/L","img":"https://fd13-photos.leclercdrive.fr/image.ashx?id=3003161&use=l&cat=p&typeid=i","cat":284549},{"id":54473,"n":"Madeleines longues Le Ster Nature  - 250g","p":1.35,"u":"5,40 €/KG","img":"https://fd13-photos.leclercdrive.fr/image.ashx?id=2962545&use=l&cat=p&typeid=i","cat":284492},{"id":54492,"n":"Tortillas chips Bio village Bio Nature - 150g","p":1.72,"u":"11,47 €/KG","img":"https://fd13-photos.leclercdrive.fr/image.ashx?id=2538385&use=l&cat=p&typeid=i","cat":287899},{"id":54494,"n":"Biscuits Petit Ecolier LU Chocolat au lait - 2x150g","p":3.33,"u":"11,10 €/KG","img":"https://fd13-photos.leclercdrive.fr/image.ashx?id=3009122&use=l&cat=p&typeid=i","cat":284488},{"id":54496,"n":"Gâteaux fourrés Milka Chocolat - 175g","p":1.66,"u":"9,49 €/KG","img":"https://fd13-photos.leclercdrive.fr/image.ashx?id=3005338&use=l&cat=p&typeid=i","cat":284495},{"id":54503,"n":"Sandwich Club triple Poulet, crudités - 230g","p":1.59,"u":"6,91 €/KG","img":"https://fd13-photos.leclercdrive.fr/image.ashx?id=2302543&use=l&cat=p&typeid=i","cat":333658},{"id":54504,"n":"Sandwich Club triple Jambon emmental - 230g","p":1.99,"u":"8,65 €/KG","img":"https://fd13-photos.leclercdrive.fr/image.ashx?id=2302546&use=l&cat=p&typeid=i","cat":333658},{"id":54518,"n":"Couscous royale Côté Table 800g","p":4.79,"u":"5,99 €/KG","img":"https://fd13-photos.leclercdrive.fr/image.ashx?id=2607945&use=l&cat=p&typeid=i","cat":333666},{"id":54520,"n":"Pâte a pizza Tablier Blanc Rectangle - 385g","p":1.3,"u":"3,38 €/KG","img":"https://fd13-photos.leclercdrive.fr/image.ashx?id=2635925&use=l&cat=p&typeid=i","cat":333681},{"id":54525,"n":"Paëlla Royale Côté Table 800g","p":5.78,"u":"7,23 €/KG","img":"https://fd13-photos.leclercdrive.fr/image.ashx?id=2614488&use=l&cat=p&typeid=i","cat":333666},{"id":54532,"n":"Liqueur de Whisky Jack Daniel's Fire 70cL","p":19.95,"pp":17.95,"u":"25,64 €/L","img":"https://fd13-photos.leclercdrive.fr/image.ashx?id=3001473&use=l&cat=p&typeid=i","cat":286032},{"id":54537,"n":"Crêpe A La Petite Bretonne Au froment faite main - 360g","p":4.28,"u":"11,89 €/KG","img":"https://fd13-photos.leclercdrive.fr/image.ashx?id=2180301&use=l&cat=p&typeid=i","cat":284494},{"id":54540,"n":"AOC Crémant Limoux Aguila Brut - 75cl","p":6.97,"u":"9,29 €/L","img":"https://fd13-photos.leclercdrive.fr/image.ashx?id=2792243&use=l&cat=p&typeid=i","cat":284544},{"id":54542,"n":"Boisson sans alcool D'Artigny Cassis - 75cl","p":3.59,"u":"4,79 €/L","img":"https://fd13-photos.leclercdrive.fr/image.ashx?id=2854399&use=l&cat=p&typeid=i","cat":289460},{"id":54612,"n":"Corn Flakes bio Bio Village Nature - 375g","p":2.59,"u":"6,91 €/KG","img":"https://fd13-photos.leclercdrive.fr/image.ashx?id=2835226&use=l&cat=p&typeid=i","cat":309513},{"id":54786,"n":"Drap de douche Tissaia Gris cintré 68x140cm","p":12.85,"img":"https://fd13-photos.leclercdrive.fr/image.ashx?id=2207757&use=l&cat=p&typeid=i","cat":286694},{"id":54799,"n":"Drap de bain Tissaia Gris - 90x150cm","p":16.95,"img":"https://fd13-photos.leclercdrive.fr/image.ashx?id=2207766&use=l&cat=p&typeid=i","cat":286694},{"id":54804,"n":"Gant de toilette Tissaïa Gris - 16x20cm - x2","p":2.9,"u":"1,45 €/P","img":"https://fd13-photos.leclercdrive.fr/image.ashx?id=2207760&use=l&cat=p&typeid=i","cat":286694},{"id":54853,"n":"Mini choux Tokapi  Saumon/aneth - 60g","p":0.92,"u":"15,33 €/KG","img":"https://fd13-photos.leclercdrive.fr/image.ashx?id=2063338&use=l&cat=p&typeid=i","cat":297000},{"id":54856,"n":"Mini choux Tokapi  Bleu-/noix60g","p":1.36,"u":"22,67 €/KG","img":"https://fd13-photos.leclercdrive.fr/image.ashx?id=2068019&use=l&cat=p&typeid=i","cat":297000},{"id":54926,"n":"Mousse liégeoise Viennois  Café - 4x90g","p":1.81,"u":"5,03 €/KG","img":"https://fd13-photos.leclercdrive.fr/image.ashx?id=2729788&use=l&cat=p&typeid=i","cat":284417},{"id":54958,"n":"Cône Extrême Nestle Menthe chocolat - 6x71g","p":3.55,"u":"8,33 €/KG","img":"https://fd13-photos.leclercdrive.fr/image.ashx?id=2737048&use=l&cat=p&typeid=i","cat":284264},{"id":55000,"n":"Protège-slips Vania Protect Aloe Vera - Large - x36","p":3.24,"u":"0,09 €/P","img":"https://fd13-photos.leclercdrive.fr/image.ashx?id=2735206&use=l&cat=p&typeid=i","cat":284625},{"id":55033,"n":"Fromage à Tartiner Tartare Ail et Fines Herbes 16P - 250g","p":3.42,"u":"13,68 €/KG","img":"https://fd13-photos.leclercdrive.fr/image.ashx?id=2732887&use=l&cat=p&typeid=i","cat":314029},{"id":55065,"n":"AOP Champagne Tsarine Brut Cuvée Premium - 75cl","p":24.9,"u":"33,20 €/L","img":"https://fd13-photos.leclercdrive.fr/image.ashx?id=2757749&use=l&cat=p&typeid=i","cat":284542},{"id":55069,"n":"Bière La Rousse aux 3 malts 6.5%vol - 75cl","p":4.93,"u":"6,57 €/L","img":"https://fd13-photos.leclercdrive.fr/image.ashx?id=2432964&use=l&cat=p&typeid=i","cat":334872},{"id":55073,"n":"Bière La Blanche légère 4.7%vol - 75cl","p":4.86,"u":"6,48 €/L","img":"https://fd13-photos.leclercdrive.fr/image.ashx?id=2432961&use=l&cat=p&typeid=i","cat":334872},{"id":55085,"n":"Fine chapelure de pain Tipiak  500g","p":1.2,"u":"2,40 €/KG","img":"https://fd13-photos.leclercdrive.fr/image.ashx?id=2648277&use=l&cat=p&typeid=i","cat":288382},{"id":55088,"n":"AOP Saint Estephe Vin rouge Marquis de St Estephe - 75cl","p":11.5,"u":"15,33 €/L","img":"https://fd13-photos.leclercdrive.fr/image.ashx?id=1758421&use=l&cat=p&typeid=i","cat":289556},{"id":55102,"n":"Dentifrice expert Bionaïa Menthe Bio - 75ml","p":1.76,"u":"23,47 €/L","img":"https://fd13-photos.leclercdrive.fr/image.ashx?id=2529540&use=l&cat=p&typeid=i","cat":284612},{"id":55104,"n":"Recharge brosse à dents Dentamyl - Double zone - x2","p":6.99,"u":"3,50 €/P","img":"https://fd13-photos.leclercdrive.fr/image.ashx?id=1195313&use=l&cat=p&typeid=i","cat":297133},{"id":55109,"n":"Recharge brosse à dents Dentamyl Sensitive x2","p":6.99,"u":"3,50 €/P","img":"https://fd13-photos.leclercdrive.fr/image.ashx?id=1062133&use=l&cat=p&typeid=i","cat":297133},{"id":55115,"n":"Lingettes Mots d'Enfants Pockets - x20","p":1.18,"u":"0,06 €/P","img":"https://fd13-photos.leclercdrive.fr/image.ashx?id=2856549&use=l&cat=p&typeid=i","cat":284738},{"id":55144,"n":"Emincés de poulet Fleury Michon Rôti sans nitrite 2x75g","p":2.44,"u":"16,27 €/KG","img":"https://fd13-photos.leclercdrive.fr/image.ashx?id=2649804&use=l&cat=p&typeid=i","cat":316011},{"id":55146,"n":"Jambon à poêler Fleury Michon 2x80g","p":2.78,"u":"17,38 €/KG","img":"https://fd13-photos.leclercdrive.fr/image.ashx?id=2975155&use=l&cat=p&typeid=i","cat":316009},{"id":55160,"n":"Brioche tréssée Pasquier Tranchée Pépite chocolat - 500g","p":2.35,"u":"4,70 €/KG","img":"https://fd13-photos.leclercdrive.fr/image.ashx?id=2971969&use=l&cat=p&typeid=i","cat":284478},{"id":55183,"n":"AOP Bourgogne Hautes Côtes de Nuits Rouge 75cl","p":10.65,"u":"14,20 €/L","img":"https://fd13-photos.leclercdrive.fr/image.ashx?id=2210506&use=l&cat=p&typeid=i","cat":289556},{"id":55197,"n":"Plat bébé soir Blédiner 12 mois Macaroni ratatouille - 2x200g","p":2.44,"u":"6,10 €/KG","img":"https://fd13-photos.leclercdrive.fr/image.ashx?id=2845826&use=l&cat=p&typeid=i","cat":312239},{"id":55199,"n":"AOP Mâcon vin rouge L'Aurore - 75cl","p":6.15,"u":"8,20 €/L","img":"https://fd13-photos.leclercdrive.fr/image.ashx?id=1758385&use=l&cat=p&typeid=i","cat":289556},{"id":55206,"n":"Plat bébé Blédina 12 mois Pâtes tomate jambon - 2x200g","p":2.66,"u":"6,65 €/KG","img":"https://fd13-photos.leclercdrive.fr/image.ashx?id=2975071&use=l&cat=p&typeid=i","cat":312237},{"id":55208,"n":"AOC  Buzet  vin rouge Domaine de La Croix - 75cl","p":4.7,"u":"6,27 €/L","img":"https://fd13-photos.leclercdrive.fr/image.ashx?id=2861536&use=l&cat=p&typeid=i","cat":289556},{"id":55214,"n":"Plat bébé soir Blédiner 12 mois Boulghour potiron panais-2x200g","p":2.71,"u":"6,78 €/KG","img":"https://fd13-photos.leclercdrive.fr/image.ashx?id=2921064&use=l&cat=p&typeid=i","cat":312239},{"id":55242,"n":"Crêpe fourrée Chocolat Paysan Breton - 6x180g","p":2.24,"u":"12,44 €/KG","img":"https://fd13-photos.leclercdrive.fr/image.ashx?id=2773631&use=l&cat=p&typeid=i","cat":284494},{"id":55243,"n":"Crêpe fourrée Fraise Paysan Breton - 6x180g","p":2.26,"u":"12,56 €/KG","img":"https://fd13-photos.leclercdrive.fr/image.ashx?id=2607086&use=l&cat=p&typeid=i","cat":284494},{"id":55272,"n":"AOC Bergerac vin rouge Bernard Cordelier - 75 cl","p":1.99,"u":"2,65 €/L","img":"https://fd13-photos.leclercdrive.fr/image.ashx?id=2726682&use=l&cat=p&typeid=i","cat":289556},{"id":55275,"n":"Bougie Bien Air Soirée d'hiver 30heures - x1","p":2.34,"img":"https://fd13-photos.leclercdrive.fr/image.ashx?id=2399755&use=l&cat=p&typeid=i","cat":284666},{"id":55319,"n":"Steak haché 5%mg Charal Façon bouchère Bio x2 - 240g","p":6.29,"u":"26,21 €/KG","img":"https://fd13-photos.leclercdrive.fr/image.ashx?id=1919783&use=l&cat=p&typeid=i","cat":284332},{"id":55343,"n":"Biscuits à thé Delacre Tea Time Assortiment Boîte Métal - 1kg","p":12.38,"u":"12,38 €/KG","img":"https://fd13-photos.leclercdrive.fr/image.ashx?id=2867969&use=l&cat=p&typeid=i","cat":284490},{"id":55364,"n":"Vin mousseux Kriter Demi-sec - 3x20cl","p":5.12,"u":"8,53 €/L","img":"https://fd13-photos.leclercdrive.fr/image.ashx?id=2538506&use=l&cat=p&typeid=i","cat":284544},{"id":55377,"n":"Bougie Bien Air Fruits rouges 30heures - x1","p":2.19,"img":"https://fd13-photos.leclercdrive.fr/image.ashx?id=2939073&use=l&cat=p&typeid=i","cat":284666},{"id":55381,"n":"Cacahuètes Tokapi  Grillées à sec - 120g","p":0.47,"u":"3,92 €/KG","img":"https://fd13-photos.leclercdrive.fr/image.ashx?id=2799778&use=l&cat=p&typeid=i","cat":284448},{"id":55415,"n":"Bougie Bien Air Anti-tabac 30h - x1","p":1.85,"img":"https://fd13-photos.leclercdrive.fr/image.ashx?id=2999613&use=l&cat=p&typeid=i","cat":284666},{"id":55429,"n":"Crème Chantilly UHT Président Aérosol sucré aromatisé - 250g","p":2.75,"u":"11,00 €/KG","img":"https://fd13-photos.leclercdrive.fr/image.ashx?id=2860169&use=l&cat=p&typeid=i","cat":284382},{"id":55435,"n":"Sardines à l'huile d'olive  Connétable - 3x55g","p":3.81,"u":"23,09 €/KG","img":"https://fd13-photos.leclercdrive.fr/image.ashx?id=2139052&use=l&cat=p&typeid=i","cat":305146},{"id":55439,"n":"Salade Niçoise Côté Snack Au thon - 250g","p":1.77,"u":"7,08 €/KG","img":"https://fd13-photos.leclercdrive.fr/image.ashx?id=2868316&use=l&cat=p&typeid=i","cat":284437},{"id":55442,"n":"Salade Parisienne Côté Snack Au thon - 250g","p":2.49,"u":"9,96 €/KG","img":"https://fd13-photos.leclercdrive.fr/image.ashx?id=2905919&use=l&cat=p&typeid=i","cat":284437},{"id":55469,"n":"Pain brioché Schar Sans gluten - 370g","p":4.49,"u":"12,14 €/KG","img":"https://fd13-photos.leclercdrive.fr/image.ashx?id=2137057&use=l&cat=p&typeid=i","cat":318654},{"id":55527,"n":"Vin d'Espagne blanc François D'Aubigné - 150 cl","p":1.99,"u":"1,33 €/L","img":"https://fd13-photos.leclercdrive.fr/image.ashx?id=2905201&use=l&cat=p&typeid=i","cat":289557},{"id":55528,"n":"Vin d'Espagne rosé François D'Aubigné - 150 cl","p":1.99,"u":"1,33 €/L","img":"https://fd13-photos.leclercdrive.fr/image.ashx?id=2905204&use=l&cat=p&typeid=i","cat":289558},{"id":55529,"n":"Vin d'Espagne rouge François D'Aubigné - 150 cl","p":1.99,"u":"1,33 €/L","img":"https://fd13-photos.leclercdrive.fr/image.ashx?id=3007019&use=l&cat=p&typeid=i","cat":289556},{"id":55534,"n":"AOC Côtes de Bergerac vin blanc Bernard Cordelier - 75 cl","p":2.49,"u":"3,32 €/L","img":"https://fd13-photos.leclercdrive.fr/image.ashx?id=2695346&use=l&cat=p&typeid=i","cat":289557},{"id":55573,"n":"Soda Coca-Cola Original Bouteille - 1L","p":1.55,"u":"1,55 €/L","img":"https://fd13-photos.leclercdrive.fr/image.ashx?id=2194409&use=l&cat=p&typeid=i","cat":284530},{"id":55619,"n":"Lait Bio entier Lactel UHT Bouteille - 6x50cl","p":8.46,"u":"2,82 €/L","img":"https://fd13-photos.leclercdrive.fr/image.ashx?id=2892760&use=l&cat=p&typeid=i","cat":285610},{"id":55639,"n":"Copies doubles Clairefontaine 21x29.7cm - x300","p":2.8,"img":"https://fd13-photos.leclercdrive.fr/image.ashx?id=2055963&use=l&cat=p&typeid=i","cat":284697},{"id":55640,"n":"Feuilles simples Clairefontaine 21x29.7cm","p":2.8,"img":"https://fd13-photos.leclercdrive.fr/image.ashx?id=2055966&use=l&cat=p&typeid=i","cat":284697},{"id":55647,"n":"Stylo bille Esquisse Bleu - x4","p":0.9,"img":"https://fd13-photos.leclercdrive.fr/image.ashx?id=1678751&use=l&cat=p&typeid=i","cat":284696},{"id":55658,"n":"Compas Maped Stop système gris","p":3.09,"img":"https://fd13-photos.leclercdrive.fr/image.ashx?id=2509358&use=l&cat=p&typeid=i","cat":334133},{"id":55663,"n":"Ruban correcteur Tipp-Ex Bic x4","p":2.77,"u":"0,69 €/P","img":"https://fd13-photos.leclercdrive.fr/image.ashx?id=2250429&use=l&cat=p&typeid=i","cat":334133},{"id":55666,"n":"Etiquettes blanches Esquisse 24x35mm - x48","p":0.35,"img":"https://fd13-photos.leclercdrive.fr/image.ashx?id=2943259&use=l&cat=p&typeid=i","cat":334133},{"id":55668,"n":"Tube de colle stylo UHU Transparente Xlarge - 50ml","p":2.86,"u":"57,20 €/L","img":"https://fd13-photos.leclercdrive.fr/image.ashx?id=1560307&use=l&cat=p&typeid=i","cat":334133},{"id":55669,"n":"Bâton de colle Esquisse 5x10g","p":1.55,"u":"31,00 €/KG","img":"https://fd13-photos.leclercdrive.fr/image.ashx?id=2943253&use=l&cat=p&typeid=i","cat":334133},{"id":55671,"n":"Dry & Clean Roller UHU 8.5mx6.5mm - 1 pièce","p":3.25,"img":"https://fd13-photos.leclercdrive.fr/image.ashx?id=2057662&use=l&cat=p&typeid=i","cat":334133},{"id":55686,"n":"Intercalaires Esquisse  x12 - A4","p":1.1,"img":"https://fd13-photos.leclercdrive.fr/image.ashx?id=2943244&use=l&cat=p&typeid=i","cat":284745},{"id":55687,"n":"Intercalaires Esquisse A4 - x6","p":0.75,"u":"0,13 €/P","img":"https://fd13-photos.leclercdrive.fr/image.ashx?id=2943241&use=l&cat=p&typeid=i","cat":284745},{"id":55689,"n":"Recharges Pilot FriXion Ball x6 - Bleu + Gomme","p":7.31,"img":"https://fd13-photos.leclercdrive.fr/image.ashx?id=2526746&use=l&cat=p&typeid=i","cat":284696},{"id":55690,"n":"Recharges Pilot FriXion Ball x6 - Noir + Gomme","p":7.31,"img":"https://fd13-photos.leclercdrive.fr/image.ashx?id=2546380&use=l&cat=p&typeid=i","cat":284696},{"id":55700,"n":"Haricots Verts Cassegrain Extra Fins Ceuillis main 110g","p":1.32,"u":"12,00 €/KG","img":"https://fd13-photos.leclercdrive.fr/image.ashx?id=2913034&use=l&cat=p&typeid=i","cat":312606},{"id":55723,"n":"Surligneurs stylos Maped x4 + 2 minis","p":3.51,"img":"https://fd13-photos.leclercdrive.fr/image.ashx?id=2539767&use=l&cat=p&typeid=i","cat":284696},{"id":55766,"n":"AOP Crémant de Loire Brut - Lacheteau - 75cL","p":5.99,"u":"7,99 €/L","img":"https://fd13-photos.leclercdrive.fr/image.ashx?id=2431911&use=l&cat=p&typeid=i","cat":284545},{"id":55770,"n":"Déboucheur Ouragan Chrono 5min - 1L","p":3.68,"u":"3,68 €/L","img":"https://fd13-photos.leclercdrive.fr/image.ashx?id=2792552&use=l&cat=p&typeid=i","cat":284908},{"id":55786,"n":"Crêpe fourrée Whaou Chocolat / Noisette x8 - 256g","p":2.34,"u":"9,14 €/KG","img":"https://fd13-photos.leclercdrive.fr/image.ashx?id=2962857&use=l&cat=p&typeid=i","cat":284494},{"id":55816,"n":"Lingettes désinfectantes 2en1 x10 lingettes","p":1.18,"img":"https://fd13-photos.leclercdrive.fr/image.ashx?id=2832981&use=l&cat=p&typeid=i","cat":284630},{"id":55840,"n":"Biscuits Cookies P'tit Déli Noix de coco/chocolat  - 8x200g","p":10.75,"u":"6,72 €/KG","img":"https://fd13-photos.leclercdrive.fr/image.ashx?id=1069301&use=l&cat=p&typeid=i","cat":325066},{"id":55887,"n":"Bougie Bien Air Vanille Caramel 30h - x1","p":1.89,"img":"https://fd13-photos.leclercdrive.fr/image.ashx?id=2399761&use=l&cat=p&typeid=i","cat":284666},{"id":56106,"n":"Stylo-bille 4 couleurs Bic Violet - Shine -x1","p":2.38,"img":"https://fd13-photos.leclercdrive.fr/image.ashx?id=2727743&use=l&cat=p&typeid=i","cat":284696},{"id":56107,"n":"Stylo-bille 4 couleurs Bic Rose - shine -x1","p":2.38,"img":"https://fd13-photos.leclercdrive.fr/image.ashx?id=1187788&use=l&cat=p&typeid=i","cat":284696},{"id":56108,"n":"Stylo-bille 4 couleurs Bic Bleu - shine -x1","p":2.38,"img":"https://fd13-photos.leclercdrive.fr/image.ashx?id=2727746&use=l&cat=p&typeid=i","cat":284696},{"id":56110,"n":"Règle plate Twist'n'Flex Maped Rose - 30cm","p":1.09,"img":"https://fd13-photos.leclercdrive.fr/image.ashx?id=1189233&use=l&cat=p&typeid=i","cat":334133},{"id":56111,"n":"Règle plate Twist'n'Flex Maped Bleu - 30cm","p":1.09,"img":"https://fd13-photos.leclercdrive.fr/image.ashx?id=1189236&use=l&cat=p&typeid=i","cat":334133},{"id":56112,"n":"Equerre 60°  Maped Bleu - Incassable et Flex- 21cm","p":1.1,"img":"https://fd13-photos.leclercdrive.fr/image.ashx?id=1189239&use=l&cat=p&typeid=i","cat":334133},{"id":56113,"n":"Règle double décimètre Maped Bleu - incassable - flexible","p":1.21,"img":"https://fd13-photos.leclercdrive.fr/image.ashx?id=1189242&use=l&cat=p&typeid=i","cat":334133},{"id":56114,"n":"Rapporteur 180°  Maped Bleu - 12cm","p":1.11,"img":"https://fd13-photos.leclercdrive.fr/image.ashx?id=1189245&use=l&cat=p&typeid=i","cat":334133},{"id":56141,"n":"Paire de ciseaux Esquisse Rose - Bout rond 16cm - x1","p":0.99,"img":"https://fd13-photos.leclercdrive.fr/image.ashx?id=1694263&use=l&cat=p&typeid=i","cat":334133},{"id":56143,"n":"Paire de ciseaux Esquisse Bleu - Bout rond 16cm - x1","p":0.99,"img":"https://fd13-photos.leclercdrive.fr/image.ashx?id=1694266&use=l&cat=p&typeid=i","cat":334133},{"id":56144,"n":"Gomme Maped Zenoa Vert - avec étui","p":1.7,"img":"https://fd13-photos.leclercdrive.fr/image.ashx?id=1189284&use=l&cat=p&typeid=i","cat":334133},{"id":56145,"n":"Gomme Maped Zenoa Violet - avec étui","p":1.7,"img":"https://fd13-photos.leclercdrive.fr/image.ashx?id=1189287&use=l&cat=p&typeid=i","cat":334133},{"id":56152,"n":"Calculatrice Esquisse Blanche","p":2.75,"u":"Dont 0,19 € d'éco-part.","img":"https://fd13-photos.leclercdrive.fr/image.ashx?id=1189948&use=l&cat=p&typeid=i","cat":334133},{"id":56153,"n":"Calculatrice poche Esquisse Rose","p":2.75,"u":"Dont 0,19 € d'éco-part.","img":"https://fd13-photos.leclercdrive.fr/image.ashx?id=2943355&use=l&cat=p&typeid=i","cat":334133},{"id":56154,"n":"Calculatrice poche Esquisse Bleu","p":2.75,"u":"Dont 0,19 € d'éco-part.","img":"https://fd13-photos.leclercdrive.fr/image.ashx?id=2943358&use=l&cat=p&typeid=i","cat":334133},{"id":56158,"n":"Jambon du Périgord NRT x4 - 100g","p":3.53,"u":"35,30 €/KG","img":"https://fd13-photos.leclercdrive.fr/image.ashx?id=2670455&use=l&cat=p&typeid=i","cat":316007},{"id":56162,"n":"Lait concentré sucré Nestlé 1kg","p":4.09,"u":"4,09 €/KG","img":"https://fd13-photos.leclercdrive.fr/image.ashx?id=2906067&use=l&cat=p&typeid=i","cat":299162},{"id":56164,"n":"Protège-document Esquisse x1 Violet - A4 - 80 vues","p":2.59,"img":"https://fd13-photos.leclercdrive.fr/image.ashx?id=1196159&use=l&cat=p&typeid=i","cat":284745},{"id":56182,"n":"Protège cahier Exacompta  Rouge - 24x32cm","p":1.95,"img":"https://fd13-photos.leclercdrive.fr/image.ashx?id=1690760&use=l&cat=p&typeid=i","cat":284697},{"id":56184,"n":"Protège cahier Exacompta  Noir - 24x32cm","p":1.95,"img":"https://fd13-photos.leclercdrive.fr/image.ashx?id=1690763&use=l&cat=p&typeid=i","cat":284697},{"id":56185,"n":"Protège cahier Exacompta  Vert - 24x32cm","p":1.95,"img":"https://fd13-photos.leclercdrive.fr/image.ashx?id=1690766&use=l&cat=p&typeid=i","cat":284697},{"id":56187,"n":"Protège cahier Exacompta  Bleu - 24x32cm","p":1.95,"img":"https://fd13-photos.leclercdrive.fr/image.ashx?id=1690772&use=l&cat=p&typeid=i","cat":284697},{"id":56188,"n":"Protège cahier Exacompta  Jaune - 24x32cm","p":1.95,"img":"https://fd13-photos.leclercdrive.fr/image.ashx?id=1690775&use=l&cat=p&typeid=i","cat":284697},{"id":56189,"n":"Protège cahier Exacompta  Violet - 24x32cm","p":1.95,"img":"https://fd13-photos.leclercdrive.fr/image.ashx?id=1690778&use=l&cat=p&typeid=i","cat":284697},{"id":56213,"n":"Assiette Italienne 130g","p":5.84,"u":"44,92 €/KG","img":"https://fd13-photos.leclercdrive.fr/image.ashx?id=2025173&use=l&cat=p&typeid=i","cat":316007},{"id":56228,"n":"Classeur 4 anneaux Esquisse Rouge - 21x29.7cm","p":1.99,"img":"https://fd13-photos.leclercdrive.fr/image.ashx?id=1703812&use=l&cat=p&typeid=i","cat":284745},{"id":56229,"n":"Classeur 4 anneaux Esquisse Bleu - 21x29.7cm","p":1.99,"img":"https://fd13-photos.leclercdrive.fr/image.ashx?id=1703815&use=l&cat=p&typeid=i","cat":284745},{"id":56230,"n":"Classeur 4 anneaux Esquisse Noir - 21x29.7cm","p":1.99,"img":"https://fd13-photos.leclercdrive.fr/image.ashx?id=1703818&use=l&cat=p&typeid=i","cat":284745},{"id":56246,"n":"Protège document A4 Esquisse Rouge 200 vues","p":3.99,"img":"https://fd13-photos.leclercdrive.fr/image.ashx?id=1186173&use=l&cat=p&typeid=i","cat":284745},{"id":56291,"n":"Kit traçage incassable Maped Bleu - 4 instruments","p":3.78,"u":"0,95 €/P","img":"https://fd13-photos.leclercdrive.fr/image.ashx?id=1189299&use=l&cat=p&typeid=i","cat":334133},{"id":56392,"n":"Chemise à élastiques Exacompta Rouge - 3 rabats 24x32cm","p":1.23,"img":"https://fd13-photos.leclercdrive.fr/image.ashx?id=1185741&use=l&cat=p&typeid=i","cat":284745},{"id":56393,"n":"Chemise à élastiques Exacompta Orange - 3 rabats 24x32cm","p":1.23,"img":"https://fd13-photos.leclercdrive.fr/image.ashx?id=1185744&use=l&cat=p&typeid=i","cat":284745},{"id":56394,"n":"Chemise à élastiques Exacompta Rose - 3 rabats 24x32cm","p":1.23,"img":"https://fd13-photos.leclercdrive.fr/image.ashx?id=1185747&use=l&cat=p&typeid=i","cat":284745},{"id":56395,"n":"Chemise à élastiques Exacompta Jaune - 3 rabats 24x32cm","p":1.23,"img":"https://fd13-photos.leclercdrive.fr/image.ashx?id=1185750&use=l&cat=p&typeid=i","cat":284745},{"id":56396,"n":"Chemise à élastiques Exacompta Vert clair - 3 rabats 24x32cm","p":1.23,"img":"https://fd13-photos.leclercdrive.fr/image.ashx?id=1185753&use=l&cat=p&typeid=i","cat":284745},{"id":56397,"n":"Chemise à élastiques Exacompta Vert - 3 rabats 24x32cm","p":1.23,"img":"https://fd13-photos.leclercdrive.fr/image.ashx?id=1185756&use=l&cat=p&typeid=i","cat":284745},{"id":56400,"n":"Chemise à élastiques Exacompta Violet - 3 rabats 24x32cm","p":1.23,"img":"https://fd13-photos.leclercdrive.fr/image.ashx?id=1185759&use=l&cat=p&typeid=i","cat":284745},{"id":56401,"n":"Chemise à élastiques Exacompta Bleu - 3 rabats 24x32cm","p":1.23,"img":"https://fd13-photos.leclercdrive.fr/image.ashx?id=1185762&use=l&cat=p&typeid=i","cat":284745},{"id":56402,"n":"Chemise à élastiques Exacompta Bleu ciel - 3 rabats 24x32cm","p":1.23,"img":"https://fd13-photos.leclercdrive.fr/image.ashx?id=1185765&use=l&cat=p&typeid=i","cat":284745},{"id":56418,"n":"Vinaigre de cidre Bio Village Bio 75cl","p":2.09,"u":"2,79 €/L","img":"https://fd13-photos.leclercdrive.fr/image.ashx?id=1069902&use=l&cat=p&typeid=i","cat":298543},{"id":56435,"n":"Bouillon Kub Or Maggi  Déshydraté dégraissé - 128g","p":1.62,"u":"12,66 €/KG","img":"https://fd13-photos.leclercdrive.fr/image.ashx?id=2953977&use=l&cat=p&typeid=i","cat":288379},{"id":56440,"n":"Biscuit Citron Yuzu GERBLE  sans sucre 6 132g","p":1.95,"u":"14,77 €/KG","img":"https://fd13-photos.leclercdrive.fr/image.ashx?id=2664016&use=l&cat=p&typeid=i","cat":318653},{"id":56444,"n":"Biscuits chocolat amande GERBLE  - 4x4, 200g","p":1.84,"u":"9,20 €/KG","img":"https://fd13-photos.leclercdrive.fr/image.ashx?id=2967004&use=l&cat=p&typeid=i","cat":318651},{"id":56452,"n":"Cookie Cacao GERBLE  sans sucres - 130g","p":2.35,"u":"18,08 €/KG","img":"https://fd13-photos.leclercdrive.fr/image.ashx?id=2575057&use=l&cat=p&typeid=i","cat":318653},{"id":56456,"n":"Biscuit Coco GERBLE  sans sucre - 132g","p":1.93,"u":"14,62 €/KG","img":"https://fd13-photos.leclercdrive.fr/image.ashx?id=2662826&use=l&cat=p&typeid=i","cat":318653},{"id":56457,"n":"Biscuit Sésame Vanille GERBLE  sans sucres - 132g","p":1.97,"u":"14,92 €/KG","img":"https://fd13-photos.leclercdrive.fr/image.ashx?id=2664013&use=l&cat=p&typeid=i","cat":318653},{"id":56464,"n":"Biscuit fourré cacao GERBLE   sans sucre 6 185g","p":2.73,"u":"14,76 €/KG","img":"https://fd13-photos.leclercdrive.fr/image.ashx?id=2662832&use=l&cat=p&typeid=i","cat":318653},{"id":56517,"n":"Eau minérale naturelle Contrex 6x1.5L","p":3.0,"u":"0,33 €/L","img":"https://fd13-photos.leclercdrive.fr/image.ashx?id=2758773&use=l&cat=p&typeid=i","cat":284535},{"id":56547,"n":"Flocons d'avoine bio Bio Village - 500g","p":1.49,"u":"2,98 €/KG","img":"https://fd13-photos.leclercdrive.fr/image.ashx?id=2688243&use=l&cat=p&typeid=i","cat":309512},{"id":56558,"n":"Croquettes chat Tous mes amis Boeuf/poulet/légumes - 7.5kg","p":10.46,"u":"1,39 €/KG","img":"https://fd13-photos.leclercdrive.fr/image.ashx?id=2319118&use=l&cat=p&typeid=i","cat":284680},{"id":56571,"n":"Tomates entières pelées bio Bio Village - 240g","p":1.04,"u":"4,33 €/KG","img":"https://fd13-photos.leclercdrive.fr/image.ashx?id=2302982&use=l&cat=p&typeid=i","cat":312608},{"id":56574,"n":"Sel Fin de Table Rustica Boîte verseuse 500g","p":0.46,"u":"0,92 €/KG","img":"https://fd13-photos.leclercdrive.fr/image.ashx?id=2050681&use=l&cat=p&typeid=i","cat":284457},{"id":56609,"n":"Fromage à tartiner Madame Loïk Fouetté Nature - 320g","p":3.1,"u":"9,69 €/KG","img":"https://fd13-photos.leclercdrive.fr/image.ashx?id=2967798&use=l&cat=p&typeid=i","cat":314029},{"id":56610,"n":"Fromage à tartiner Madame Loïk Fouetté Nature - 180g","p":1.93,"u":"10,72 €/KG","img":"https://fd13-photos.leclercdrive.fr/image.ashx?id=2948015&use=l&cat=p&typeid=i","cat":314029},{"id":56683,"n":"Pur jus d'ananas Bio Village  Bio - 1L","p":3.81,"u":"3,81 €/L","img":"https://fd13-photos.leclercdrive.fr/image.ashx?id=2901539&use=l&cat=p&typeid=i","cat":284916},{"id":56741,"n":"Fromage raclette Entremont  Sans croûte - 350g","p":4.65,"u":"13,29 €/KG","img":"https://fd13-photos.leclercdrive.fr/image.ashx?id=2980902&use=l&cat=p&typeid=i","cat":314037},{"id":56744,"n":"Lait Matin Léger Bio de Lactel Sans lactose 1.2% mg - 6x50cl","p":9.45,"u":"3,15 €/L","img":"https://fd13-photos.leclercdrive.fr/image.ashx?id=2883540&use=l&cat=p&typeid=i","cat":317169},{"id":56767,"n":"Vinaigre balsamique Rustica De Modène - 25cl","p":1.27,"u":"5,08 €/L","img":"https://fd13-photos.leclercdrive.fr/image.ashx?id=2777812&use=l&cat=p&typeid=i","cat":298543},{"id":56789,"n":"Whisky Talisker Storm 45.8%vol - 70cL","p":36.95,"u":"52,79 €/L","img":"https://fd13-photos.leclercdrive.fr/image.ashx?id=2160039&use=l&cat=p&typeid=i","cat":284547},{"id":56859,"n":"Pistaches Vico  230g","p":4.37,"u":"19,00 €/KG","img":"https://fd13-photos.leclercdrive.fr/image.ashx?id=2280149&use=l&cat=p&typeid=i","cat":284448},{"id":56860,"n":"Flûtes Tokapi Chèvre/romarin -  - 100g","p":1.99,"u":"19,90 €/KG","img":"https://fd13-photos.leclercdrive.fr/image.ashx?id=2374055&use=l&cat=p&typeid=i","cat":297000},{"id":56861,"n":"Mini-flûtes Tokapi Tomate/olive/origan - 100g","p":1.59,"u":"15,90 €/KG","img":"https://fd13-photos.leclercdrive.fr/image.ashx?id=2374058&use=l&cat=p&typeid=i","cat":297000},{"id":56862,"n":"Couscous Comptoir du Grain  Fin - 1kg","p":2.2,"u":"2,20 €/KG","img":"https://fd13-photos.leclercdrive.fr/image.ashx?id=3012854&use=l&cat=p&typeid=i","cat":284429},{"id":56873,"n":"Hachis parmentier Côté Table 350g","p":2.53,"u":"7,23 €/KG","img":"https://fd13-photos.leclercdrive.fr/image.ashx?id=2393893&use=l&cat=p&typeid=i","cat":284953},{"id":56874,"n":"Lasagnes bolognaise Côté Table Barquette - 350g","p":2.39,"u":"6,83 €/KG","img":"https://fd13-photos.leclercdrive.fr/image.ashx?id=2476164&use=l&cat=p&typeid=i","cat":284953},{"id":56881,"n":"Bavettes marinées Socopa Fondue echalotes - x2 - 300g","p":6.65,"u":"22,17 €/KG","img":"https://fd13-photos.leclercdrive.fr/image.ashx?id=2414606&use=l&cat=p&typeid=i","cat":284328},{"id":56885,"n":"Gel coiffant Vitanove Effet invisible - 300ml","p":1.88,"u":"6,27 €/L","img":"https://fd13-photos.leclercdrive.fr/image.ashx?id=2275418&use=l&cat=p&typeid=i","cat":284609},{"id":56886,"n":"Gel coiffant Vitanove Effet mouillé - 300ml","p":1.99,"u":"6,63 €/L","img":"https://fd13-photos.leclercdrive.fr/image.ashx?id=2273361&use=l&cat=p&typeid=i","cat":284609},{"id":56889,"n":"Gel soin visage charbon Garnier Anti-Points Noirs - 150ml","p":3.87,"u":"25,80 €/L","img":"https://fd13-photos.leclercdrive.fr/image.ashx?id=2634190&use=l&cat=p&typeid=i","cat":284603},{"id":56919,"n":"Bière blonde Pelforth 5.8%vol - 20x25cl","p":11.37,"u":"2,27 €/L","img":"https://fd13-photos.leclercdrive.fr/image.ashx?id=2764523&use=l&cat=p&typeid=i","cat":334873},{"id":56935,"n":"Pâte à tartiner Nutella 400g","p":3.33,"u":"8,33 €/KG","img":"https://fd13-photos.leclercdrive.fr/image.ashx?id=2935645&use=l&cat=p&typeid=i","cat":284481},{"id":56953,"n":"Cordons bleus Côté Croc Au poulet x2 - 200g","p":1.59,"u":"7,95 €/KG","img":"https://fd13-photos.leclercdrive.fr/image.ashx?id=2801046&use=l&cat=p&typeid=i","cat":333683},{"id":56956,"n":"AOP Crémant de Loire Gold Demi-Sec - Lacheteau - 75cL","p":6.06,"u":"8,08 €/L","img":"https://fd13-photos.leclercdrive.fr/image.ashx?id=1650530&use=l&cat=p&typeid=i","cat":284545},{"id":56967,"n":"Biscuits déli Matin P'tit Deli Pepites chocolat -  600g","p":3.3,"u":"5,50 €/KG","img":"https://fd13-photos.leclercdrive.fr/image.ashx?id=2999514&use=l&cat=p&typeid=i","cat":284491},{"id":56968,"n":"Rhum ambré Trois Rivières 40% vol - 70cl","p":15.62,"u":"22,31 €/L","img":"https://fd13-photos.leclercdrive.fr/image.ashx?id=2973670&use=l&cat=p&typeid=i","cat":284550},{"id":56980,"n":"Laque Vitanove  Maximum - 400ml","p":2.58,"u":"6,45 €/L","img":"https://fd13-photos.leclercdrive.fr/image.ashx?id=2490043&use=l&cat=p&typeid=i","cat":284609},{"id":56983,"n":"Laque Vitanove Ultra protect - 400ml","p":2.65,"u":"6,63 €/L","img":"https://fd13-photos.leclercdrive.fr/image.ashx?id=2490046&use=l&cat=p&typeid=i","cat":284609},{"id":56984,"n":"Eponge grattante Mamison Vert ou rose Synthétique - x2","p":1.1,"u":"0,55 €/P","img":"https://fd13-photos.leclercdrive.fr/image.ashx?id=2287254&use=l&cat=p&typeid=i","cat":284667},{"id":56991,"n":"Eau de javel Clair Citron - 3x250ml","p":1.3,"u":"1,73 €/L","img":"https://fd13-photos.leclercdrive.fr/image.ashx?id=2949203&use=l&cat=p&typeid=i","cat":284661},{"id":56995,"n":"Jus de fruit Jafaden  Grenade - 1L","p":2.7,"u":"2,70 €/L","img":"https://fd13-photos.leclercdrive.fr/image.ashx?id=2591412&use=l&cat=p&typeid=i","cat":284915},{"id":56996,"n":"Jus de fruit Jafaden  Pur jus multifruits - 2L","p":2.69,"u":"1,35 €/L","img":"https://fd13-photos.leclercdrive.fr/image.ashx?id=2920196&use=l&cat=p&typeid=i","cat":284917},{"id":57017,"n":"Friandises chat Catisfactions Poulet - 60g","p":1.16,"u":"19,33 €/KG","img":"https://fd13-photos.leclercdrive.fr/image.ashx?id=2914762&use=l&cat=p&typeid=i","cat":285285},{"id":57040,"n":"Bière blanche 1664 Blanc 5° - 6x25cl","p":4.7,"u":"3,13 €/L","img":"https://fd13-photos.leclercdrive.fr/image.ashx?id=2886699&use=l&cat=p&typeid=i","cat":334878},{"id":57041,"n":"Bière blonde 1664 5,5° - 6x33cl canettes","p":4.99,"pp":3.29,"u":"1,66 €/L","img":"https://fd13-photos.leclercdrive.fr/image.ashx?id=2887566&use=l&cat=p&typeid=i","cat":334853},{"id":57044,"n":"Bière blonde Kronenbourg 4,2° - 12x33cl canettes","p":7.47,"u":"1,89 €/L","img":"https://fd13-photos.leclercdrive.fr/image.ashx?id=2854366&use=l&cat=p&typeid=i","cat":334853},{"id":57045,"n":"Bière blonde Kronenbourg 4,2° - 6x33cl canettes","p":3.78,"u":"1,91 €/L","img":"https://fd13-photos.leclercdrive.fr/image.ashx?id=2212581&use=l&cat=p&typeid=i","cat":334853},{"id":57080,"n":"Fromage frais nature Bio Bio village - 4x100g","p":1.85,"u":"4,63 €/KG","img":"https://fd13-photos.leclercdrive.fr/image.ashx?id=2839947&use=l&cat=p&typeid=i","cat":284409},{"id":57119,"n":"Super décapant cuisine Briochin Ecocert - 1L","p":3.92,"u":"3,92 €/L","img":"https://fd13-photos.leclercdrive.fr/image.ashx?id=3011401&use=l&cat=p&typeid=i","cat":325357},{"id":57120,"n":"Vinaigre ménager Briochin 750ml","p":3.37,"u":"4,49 €/L","img":"https://fd13-photos.leclercdrive.fr/image.ashx?id=2315218&use=l&cat=p&typeid=i","cat":325365},{"id":57121,"n":"Nettoyant salle de bain 3en1 Briochin - Ecocert - 750mL","p":3.33,"u":"4,44 €/L","img":"https://fd13-photos.leclercdrive.fr/image.ashx?id=3011398&use=l&cat=p&typeid=i","cat":325357},{"id":57151,"n":"Mousse Délisse Chocolat au lait - 8x60g","p":2.25,"u":"4,69 €/KG","img":"https://fd13-photos.leclercdrive.fr/image.ashx?id=3009517&use=l&cat=p&typeid=i","cat":284417},{"id":57155,"n":"Yaourts à la Grecque Delisse Lit de miel - 4x150g","p":2.89,"u":"4,82 €/KG","img":"https://fd13-photos.leclercdrive.fr/image.ashx?id=2699702&use=l&cat=p&typeid=i","cat":314999},{"id":57162,"n":"Yaourt brassé fraise 4x125g","p":1.41,"u":"2,82 €/KG","img":"https://fd13-photos.leclercdrive.fr/image.ashx?id=2796532&use=l&cat=p&typeid=i","cat":284410},{"id":57163,"n":"Yaourts aux fruits quartiers 16x125g","p":4.39,"u":"2,20 €/KG","img":"https://fd13-photos.leclercdrive.fr/image.ashx?id=2482890&use=l&cat=p&typeid=i","cat":284410},{"id":57182,"n":"AOP Corse Terra Nostra rouge Niellucciu - 75cl","p":6.5,"u":"8,67 €/L","img":"https://fd13-photos.leclercdrive.fr/image.ashx?id=2422965&use=l&cat=p&typeid=i","cat":289556},{"id":57252,"n":"Crème fraîche Bridélice 18%mg Semi-épaisse 3x20cl+20cl offert","p":2.6,"u":"3,25 €/L","img":"https://fd13-photos.leclercdrive.fr/image.ashx?id=2663950&use=l&cat=p&typeid=i","cat":284381},{"id":57274,"n":"Boisson aux fruits Oasis Goût Pomme Cassis Framboise 1L","p":1.57,"u":"1,57 €/L","img":"https://fd13-photos.leclercdrive.fr/image.ashx?id=3011083&use=l&cat=p&typeid=i","cat":295018},{"id":57275,"n":"Boisson aux fruits Oasis Tropical - 1L","p":1.42,"u":"1,42 €/L","img":"https://fd13-photos.leclercdrive.fr/image.ashx?id=2666638&use=l&cat=p&typeid=i","cat":295018},{"id":57284,"n":"AOC Prosecco Riccadonna Extra Dry - 11° - 75cl","p":6.25,"u":"8,33 €/L","img":"https://fd13-photos.leclercdrive.fr/image.ashx?id=2666303&use=l&cat=p&typeid=i","cat":289461},{"id":57307,"n":"Pur jus Jafaden Orange, raisin, clémentine, pamplemousse - 1L","p":2.29,"u":"2,29 €/L","img":"https://fd13-photos.leclercdrive.fr/image.ashx?id=2869799&use=l&cat=p&typeid=i","cat":284917},{"id":57314,"n":"Risotto Fleury Michon Poulet et cèpes - 280g","p":2.45,"u":"8,75 €/KG","img":"https://fd13-photos.leclercdrive.fr/image.ashx?id=3003281&use=l&cat=p&typeid=i","cat":333665},{"id":57329,"n":"Ramette Clairefontaine Format A4 - 80g - x400","p":6.91,"img":"https://fd13-photos.leclercdrive.fr/image.ashx?id=1854593&use=l&cat=p&typeid=i","cat":284697},{"id":57352,"n":"Vin de France rosé Autrement Bio Grenade Cinsault - 3L","p":16.55,"u":"5,52 €/L","img":"https://fd13-photos.leclercdrive.fr/image.ashx?id=2956445&use=l&cat=p&typeid=i","cat":289560},{"id":57353,"n":"Bière Bio Dremmwel Blonde, 5%vol - 75cl","p":3.03,"u":"4,04 €/L","img":"https://fd13-photos.leclercdrive.fr/image.ashx?id=2678119&use=l&cat=p&typeid=i","cat":334873},{"id":57354,"n":"Duo de Sel & Poivre La Baleine Sel 50G - Poivre 18G","p":2.51,"u":"36,91 €/KG","img":"https://fd13-photos.leclercdrive.fr/image.ashx?id=1752097&use=l&cat=p&typeid=i","cat":284457},{"id":57355,"n":"Soda Breizh Cola zéro 1.5L","p":1.4,"u":"0,93 €/L","img":"https://fd13-photos.leclercdrive.fr/image.ashx?id=2458661&use=l&cat=p&typeid=i","cat":284530},{"id":57356,"n":"Bière Morgane Lancelot Bio Blonde - 3x33cl","p":4.25,"u":"4,29 €/L","img":"https://fd13-photos.leclercdrive.fr/image.ashx?id=2225018&use=l&cat=p&typeid=i","cat":334872},{"id":57391,"n":"Salade Garden Sodebo Caesar Poulet - 240g","p":3.66,"u":"15,25 €/KG","img":"https://fd13-photos.leclercdrive.fr/image.ashx?id=2939496&use=l&cat=p&typeid=i","cat":333657},{"id":57435,"n":"Fromage blanc Bio Vrai Lait de brebis - 400g","p":2.29,"u":"5,73 €/KG","img":"https://fd13-photos.leclercdrive.fr/image.ashx?id=2517495&use=l&cat=p&typeid=i","cat":314998},{"id":57520,"n":"Vin mousseux de France Kriter  Rosé brut - 75cl","p":4.71,"u":"6,28 €/L","img":"https://fd13-photos.leclercdrive.fr/image.ashx?id=2875342&use=l&cat=p&typeid=i","cat":284544},{"id":57521,"n":"Vin mousseux Kriter Rosé - 3x20cl","p":5.25,"u":"8,75 €/L","img":"https://fd13-photos.leclercdrive.fr/image.ashx?id=2538512&use=l&cat=p&typeid=i","cat":284544},{"id":57653,"n":"Bière dorée Dremmwel bio Blonde - 6x25cl","p":5.36,"u":"3,57 €/L","img":"https://fd13-photos.leclercdrive.fr/image.ashx?id=2870767&use=l&cat=p&typeid=i","cat":334873},{"id":57657,"n":"Bière blonde Dremmwel bio 12x25cl","p":9.86,"u":"3,29 €/L","img":"https://fd13-photos.leclercdrive.fr/image.ashx?id=2678077&use=l&cat=p&typeid=i","cat":334873},{"id":57706,"n":"Salades Bonduelle Tortis, concombres, saumon 300g","p":2.82,"u":"9,40 €/KG","img":"https://fd13-photos.leclercdrive.fr/image.ashx?id=2905303&use=l&cat=p&typeid=i","cat":333657},{"id":57707,"n":"Piémontaise Bonduelle Poulet rôti - 320g","p":2.83,"u":"8,84 €/KG","img":"https://fd13-photos.leclercdrive.fr/image.ashx?id=2904697&use=l&cat=p&typeid=i","cat":333657},{"id":57712,"n":"Vin de l'Union Européenne rosé Caves Vernaux Champlure - 75 cl","p":2.01,"u":"2,68 €/L","img":"https://fd13-photos.leclercdrive.fr/image.ashx?id=2964950&use=l&cat=p&typeid=i","cat":289558},{"id":57713,"n":"Vin Union européenne blanc Lichette Alouettes - 5L","p":13.92,"u":"2,78 €/L","img":"https://fd13-photos.leclercdrive.fr/image.ashx?id=2859194&use=l&cat=p&typeid=i","cat":289557},{"id":57742,"n":"Lait croissance Guigoz Gest 3e âge - dès 12 mois - 800g","p":12.69,"u":"15,86 €/KG","img":"https://fd13-photos.leclercdrive.fr/image.ashx?id=2895023&use=l&cat=p&typeid=i","cat":290219},{"id":57746,"n":"Petits pots bébé NATURNES Potiron Canard 8M+ - 2x200g","p":2.44,"u":"6,10 €/KG","img":"https://fd13-photos.leclercdrive.fr/image.ashx?id=2737027&use=l&cat=p&typeid=i","cat":312236},{"id":57763,"n":"Pâtes Serpentini Panzani 3 Minutes - 500g","p":1.3,"u":"2,60 €/KG","img":"https://fd13-photos.leclercdrive.fr/image.ashx?id=2896078&use=l&cat=p&typeid=i","cat":284427},{"id":57764,"n":"Pâtes Farfalle Panzani  3 Minutes - 500G","p":1.22,"u":"2,44 €/KG","img":"https://fd13-photos.leclercdrive.fr/image.ashx?id=2896090&use=l&cat=p&typeid=i","cat":284427},{"id":57767,"n":"Tablette de chocolat noir Lindt Framboise intense - 100g","p":2.29,"u":"22,90 €/KG","img":"https://fd13-photos.leclercdrive.fr/image.ashx?id=2689484&use=l&cat=p&typeid=i","cat":318654},{"id":57768,"n":"Tablette de chocolat noir Lindt Sésame grillé - 100g","p":2.25,"u":"22,50 €/KG","img":"https://fd13-photos.leclercdrive.fr/image.ashx?id=2689490&use=l&cat=p&typeid=i","cat":284956},{"id":57772,"n":"Chocolat noir Lindt Création Menthe frappée - 150g","p":3.09,"u":"20,60 €/KG","img":"https://fd13-photos.leclercdrive.fr/image.ashx?id=2685817&use=l&cat=p&typeid=i","cat":284956},{"id":57775,"n":"Chocolat au lait Eco+ Noisette - 4x100g","p":3.51,"u":"8,78 €/KG","img":"https://fd13-photos.leclercdrive.fr/image.ashx?id=2625053&use=l&cat=p&typeid=i","cat":284497},{"id":57779,"n":"Capsules café Plantation Espresso n°5 - x16 - 92g","p":2.69,"u":"29,24 €/KG","img":"https://fd13-photos.leclercdrive.fr/image.ashx?id=2649729&use=l&cat=p&typeid=i","cat":293239},{"id":57782,"n":"Capsules café Plantation Cappuccino - 2x8 - 166g","p":3.45,"u":"20,78 €/KG","img":"https://fd13-photos.leclercdrive.fr/image.ashx?id=2856558&use=l&cat=p&typeid=i","cat":293239},{"id":57783,"n":"Capsules café Plantation Espresso forte n°7 - x16 - 105g","p":2.99,"u":"28,48 €/KG","img":"https://fd13-photos.leclercdrive.fr/image.ashx?id=2649732&use=l&cat=p&typeid=i","cat":293239},{"id":57785,"n":"Capsules café Plantation Lungo n°6 - x16 - 99.2g","p":2.69,"u":"27,17 €/KG","img":"https://fd13-photos.leclercdrive.fr/image.ashx?id=2649735&use=l&cat=p&typeid=i","cat":293239},{"id":57786,"n":"Capsules café Plantation Gigante n°5 - x16 - 112g","p":2.99,"u":"26,70 €/KG","img":"https://fd13-photos.leclercdrive.fr/image.ashx?id=2649738&use=l&cat=p&typeid=i","cat":293239},{"id":57804,"n":"Tomato Ketchup Heinz - 570g","p":2.25,"u":"3,95 €/KG","img":"https://fd13-photos.leclercdrive.fr/image.ashx?id=2924944&use=l&cat=p&typeid=i","cat":284455},{"id":57814,"n":"Petits pots bébé P'TITE RECETTE Hachis Parmentier 8M+ - 2x200g","p":2.03,"u":"5,08 €/KG","img":"https://fd13-photos.leclercdrive.fr/image.ashx?id=2629689&use=l&cat=p&typeid=i","cat":312236},{"id":57815,"n":"Petits pots bébé P'TITE RECETTE Spaghetti bolognaise 8m -2x200g","p":1.84,"u":"4,60 €/KG","img":"https://fd13-photos.leclercdrive.fr/image.ashx?id=2629683&use=l&cat=p&typeid=i","cat":312236},{"id":57816,"n":"Petits pots bébé P'TITE RECETTE Pot au feu 8M+ - 2x200g","p":2.19,"u":"5,48 €/KG","img":"https://fd13-photos.leclercdrive.fr/image.ashx?id=2518415&use=l&cat=p&typeid=i","cat":312236},{"id":57821,"n":"Petits pots bébé PTIT SOUPER pâtes courgettes 6M+ - 2x200g","p":1.96,"u":"4,90 €/KG","img":"https://fd13-photos.leclercdrive.fr/image.ashx?id=2526523&use=l&cat=p&typeid=i","cat":312239},{"id":57823,"n":"Petits pots bébé P'TIT SOUPER Carottes semoule 6M+ - 2x200g","p":1.8,"u":"4,50 €/KG","img":"https://fd13-photos.leclercdrive.fr/image.ashx?id=2527109&use=l&cat=p&typeid=i","cat":312239},{"id":57824,"n":"Petits pots bébé P'TIT SOUPER Risotto carottes 12M+ - 2x200g","p":2.18,"u":"5,45 €/KG","img":"https://fd13-photos.leclercdrive.fr/image.ashx?id=2526526&use=l&cat=p&typeid=i","cat":312239},{"id":57883,"n":"Petits pots bébé P'TITE RECETTE  riz dinde 12M+ - 2x200g","p":1.84,"u":"4,60 €/KG","img":"https://fd13-photos.leclercdrive.fr/image.ashx?id=2629686&use=l&cat=p&typeid=i","cat":312237},{"id":57953,"n":"Papier cuisson Albal x16 feuilles","p":2.53,"img":"https://fd13-photos.leclercdrive.fr/image.ashx?id=2551447&use=l&cat=p&typeid=i","cat":334134},{"id":57956,"n":"Serviettes fuites urinaires  TENA Discreet - Mini - x20","p":3.67,"u":"0,18 €/P","img":"https://fd13-photos.leclercdrive.fr/image.ashx?id=2597241&use=l&cat=p&typeid=i","cat":284628},{"id":57957,"n":"Serviette Tena Lady Discreet - Normal - x12","p":3.53,"u":"0,29 €/P","img":"https://fd13-photos.leclercdrive.fr/image.ashx?id=2597235&use=l&cat=p&typeid=i","cat":284628},{"id":57958,"n":"Eau de toilette Alix De Faure Nature de feu - 100ml","p":4.55,"u":"45,50 €/L","img":"https://fd13-photos.leclercdrive.fr/image.ashx?id=2741300&use=l&cat=p&typeid=i","cat":287740},{"id":57959,"n":"Eau de toilette Alix de Faure Nature boisée - 100ml","p":4.55,"u":"45,50 €/L","img":"https://fd13-photos.leclercdrive.fr/image.ashx?id=2741297&use=l&cat=p&typeid=i","cat":287740},{"id":57960,"n":"Eau de toilette Alix de Faure Seville - 100ml","p":4.99,"u":"49,90 €/L","img":"https://fd13-photos.leclercdrive.fr/image.ashx?id=2645260&use=l&cat=p&typeid=i","cat":291525},{"id":57961,"n":"Eau de toilette Alix de Faure Nature sport - 100ml","p":4.55,"u":"45,50 €/L","img":"https://fd13-photos.leclercdrive.fr/image.ashx?id=2251528&use=l&cat=p&typeid=i","cat":287740},{"id":57962,"n":"Eau de toilette Alix de Faure Sao Paulo - 100ml","p":4.99,"u":"49,90 €/L","img":"https://fd13-photos.leclercdrive.fr/image.ashx?id=2645263&use=l&cat=p&typeid=i","cat":291525},{"id":57963,"n":"Eau de toilette Alix de Faure Budapest - 100ml","p":4.15,"u":"41,50 €/L","img":"https://fd13-photos.leclercdrive.fr/image.ashx?id=2645257&use=l&cat=p&typeid=i","cat":291525},{"id":57984,"n":"Râpe Électrique 2 en 1 Exfoliante et Lissante Pieds","p":27.85,"u":"Dont 0,10 € d'éco-part.","img":"https://fd13-photos.leclercdrive.fr/image.ashx?id=2457473&use=l&cat=p&typeid=i","cat":325354},{"id":57986,"n":"Gel à raser Protect Williams  Anti irritations - 200ml","p":2.54,"u":"12,70 €/L","img":"https://fd13-photos.leclercdrive.fr/image.ashx?id=2792366&use=l&cat=p&typeid=i","cat":284617},{"id":58118,"n":"Palets pur beurre Le Glazik 200g","p":1.6,"u":"8,00 €/KG","img":"https://fd13-photos.leclercdrive.fr/image.ashx?id=2509379&use=l&cat=p&typeid=i","cat":284487},{"id":58119,"n":"Madeleines longue pépites sucre Le Ster x20 - 250g","p":1.66,"u":"6,64 €/KG","img":"https://fd13-photos.leclercdrive.fr/image.ashx?id=2962566&use=l&cat=p&typeid=i","cat":284492},{"id":58125,"n":"flan dany chocolat 4x100g","p":1.5,"u":"3,75 €/KG","img":"https://fd13-photos.leclercdrive.fr/image.ashx?id=2132316&use=l&cat=p&typeid=i","cat":284414},{"id":58141,"n":"Lentilles corail Bio Village Bio - 450g","p":1.97,"u":"4,38 €/KG","img":"https://fd13-photos.leclercdrive.fr/image.ashx?id=3002665&use=l&cat=p&typeid=i","cat":284430},{"id":58142,"n":"Confiture extra bio Bio Village Cassis - 370g","p":2.58,"u":"6,97 €/KG","img":"https://fd13-photos.leclercdrive.fr/image.ashx?id=2459587&use=l&cat=p&typeid=i","cat":284480},{"id":58143,"n":"Soin de jour L'Oréal Paris Age Perfect anti-âge - 50ml","p":11.97,"pp":7.9,"u":"158,00 €/L","img":"https://fd13-photos.leclercdrive.fr/image.ashx?id=2769744&use=l&cat=p&typeid=i","cat":325345},{"id":58148,"n":"Film étirable Alfapac Dérouleur - 35m","p":7.27,"u":"0,21 €/MT","img":"https://fd13-photos.leclercdrive.fr/image.ashx?id=2918274&use=l&cat=p&typeid=i","cat":334134},{"id":58201,"n":"Désodorisant Bien Air  Senteur muguet - 300ml","p":1.09,"u":"3,63 €/L","img":"https://fd13-photos.leclercdrive.fr/image.ashx?id=2607942&use=l&cat=p&typeid=i","cat":311626},{"id":58202,"n":"Désodorisant Bien Air Floral - 300ml","p":1.09,"u":"3,63 €/L","img":"https://fd13-photos.leclercdrive.fr/image.ashx?id=2614573&use=l&cat=p&typeid=i","cat":311626},{"id":58203,"n":"Désodorisant Bien Air  Fruits rouges - 300ml","p":1.35,"u":"4,50 €/L","img":"https://fd13-photos.leclercdrive.fr/image.ashx?id=2613723&use=l&cat=p&typeid=i","cat":311626},{"id":58205,"n":"Désodorisant Bien Air Vanille - 300ml","p":1.09,"u":"3,63 €/L","img":"https://fd13-photos.leclercdrive.fr/image.ashx?id=2613726&use=l&cat=p&typeid=i","cat":311626},{"id":58206,"n":"Désodorisant Bien Air Agrume, anti-tabac - 300ml","p":1.16,"u":"3,87 €/L","img":"https://fd13-photos.leclercdrive.fr/image.ashx?id=2613729&use=l&cat=p&typeid=i","cat":311626},{"id":58214,"n":"Carré gourmand Garden Gourmet Tomates et mozzarella 160g","p":2.33,"u":"14,56 €/KG","img":"https://fd13-photos.leclercdrive.fr/image.ashx?id=3009107&use=l&cat=p&typeid=i","cat":316036},{"id":58219,"n":"Bavoir plastique Mots d'Enfants Taupe","p":2.5,"img":"https://fd13-photos.leclercdrive.fr/image.ashx?id=2693413&use=l&cat=p&typeid=i","cat":289435},{"id":58221,"n":"Feuilles de filo Tablier Blanc 250g","p":1.91,"u":"7,64 €/KG","img":"https://fd13-photos.leclercdrive.fr/image.ashx?id=1938591&use=l&cat=p&typeid=i","cat":333681},{"id":58222,"n":"Nuggets Côté Croc Fromage - 180g","p":1.84,"u":"10,22 €/KG","img":"https://fd13-photos.leclercdrive.fr/image.ashx?id=2462260&use=l&cat=p&typeid=i","cat":333684},{"id":58365,"n":"Tartelettes Chocolat P'tit Déli Fourrées au lait - 225g","p":1.39,"u":"6,18 €/KG","img":"https://fd13-photos.leclercdrive.fr/image.ashx?id=2523715&use=l&cat=p&typeid=i","cat":284488},{"id":58428,"n":"Sachet fraicheur chat Sheba Boeuf poulet en sauce - 6x50g","p":2.6,"u":"8,67 €/KG","img":"https://fd13-photos.leclercdrive.fr/image.ashx?id=2895927&use=l&cat=p&typeid=i","cat":285286},{"id":58435,"n":"Bouillon Cube Maggi Poule au pot - 150g","p":1.71,"u":"11,40 €/KG","img":"https://fd13-photos.leclercdrive.fr/image.ashx?id=2737054&use=l&cat=p&typeid=i","cat":288379},{"id":58444,"n":"Cacahuètes Benenuts-Twinuts Nature format familial - 260g","p":1.8,"u":"6,92 €/KG","img":"https://fd13-photos.leclercdrive.fr/image.ashx?id=2967744&use=l&cat=p&typeid=i","cat":284448},{"id":58449,"n":"Tomates pelées entières D'aucy 238g","p":1.05,"u":"4,41 €/KG","img":"https://fd13-photos.leclercdrive.fr/image.ashx?id=2503425&use=l&cat=p&typeid=i","cat":312608},{"id":58450,"n":"Tomates pelées entières D'aucy 476g","p":1.65,"u":"3,47 €/KG","img":"https://fd13-photos.leclercdrive.fr/image.ashx?id=2751996&use=l&cat=p&typeid=i","cat":312608},{"id":58451,"n":"Sachets repas chats Gourmet Mon Petit - Poisson - 6x50g","p":2.39,"u":"7,97 €/KG","img":"https://fd13-photos.leclercdrive.fr/image.ashx?id=2899686&use=l&cat=p&typeid=i","cat":285286},{"id":58453,"n":"Sachets repas chats Gourmet Mon Petit - Volaille - 6x50g","p":2.34,"u":"7,80 €/KG","img":"https://fd13-photos.leclercdrive.fr/image.ashx?id=2899689&use=l&cat=p&typeid=i","cat":285286},{"id":58457,"n":"Sachet repas chats Gourmet 12x85g","p":6.53,"u":"6,40 €/KG","img":"https://fd13-photos.leclercdrive.fr/image.ashx?id=2901124&use=l&cat=p&typeid=i","cat":285286},{"id":58459,"n":"Croquettes chat Purina One Adulte - Boeuf/Céréales - 1.5Kg","p":6.38,"u":"4,25 €/KG","img":"https://fd13-photos.leclercdrive.fr/image.ashx?id=2433548&use=l&cat=p&typeid=i","cat":284680},{"id":58460,"n":"Croquettes chat Purina One Boules de poils - Poulet -1.5Kg","p":7.52,"u":"5,01 €/KG","img":"https://fd13-photos.leclercdrive.fr/image.ashx?id=2868527&use=l&cat=p&typeid=i","cat":284680},{"id":58463,"n":"Gâche tranchée La Fournée Dorée 500g","p":2.13,"u":"4,26 €/KG","img":"https://fd13-photos.leclercdrive.fr/image.ashx?id=2277956&use=l&cat=p&typeid=i","cat":284478},{"id":58464,"n":"Cake au chorizo et poivron  rouge Guyader - 260g","p":5.0,"u":"19,23 €/KG","img":"https://fd13-photos.leclercdrive.fr/image.ashx?id=2491499&use=l&cat=p&typeid=i","cat":316003},{"id":58487,"n":"Croquettes chat Purina One Poulet - 11 ans et + - 1,5Kg","p":7.38,"u":"4,92 €/KG","img":"https://fd13-photos.leclercdrive.fr/image.ashx?id=2433575&use=l&cat=p&typeid=i","cat":284680},{"id":58488,"n":"Boîte chat Whiskas Sauce carte du boucher - 4x400g","p":5.23,"u":"3,27 €/KG","img":"https://fd13-photos.leclercdrive.fr/image.ashx?id=2619986&use=l&cat=p&typeid=i","cat":285601},{"id":58490,"n":"Sauce Béchamel Maggi 350ml","p":1.58,"u":"4,51 €/L","img":"https://fd13-photos.leclercdrive.fr/image.ashx?id=2977726&use=l&cat=p&typeid=i","cat":288381},{"id":58491,"n":"Briochettes Navettes La Fournée dorée x8 - 400g","p":2.11,"u":"5,28 €/KG","img":"https://fd13-photos.leclercdrive.fr/image.ashx?id=2842777&use=l&cat=p&typeid=i","cat":284478},{"id":58496,"n":"Bière blonde Heineken 6x33cl","p":6.34,"u":"3,20 €/L","img":"https://fd13-photos.leclercdrive.fr/image.ashx?id=3008107&use=l&cat=p&typeid=i","cat":334873},{"id":58502,"n":"Croquettes chat Purina One Stérilisé Adulte-Dinde/Blé -3kg","p":14.6,"u":"4,87 €/KG","img":"https://fd13-photos.leclercdrive.fr/image.ashx?id=2488055&use=l&cat=p&typeid=i","cat":284680},{"id":58505,"n":"Bière blonde Heineken Sans alcool - 6x25cl","p":4.1,"u":"2,73 €/L","img":"https://fd13-photos.leclercdrive.fr/image.ashx?id=2948528&use=l&cat=p&typeid=i","cat":334877},{"id":58512,"n":"Quiche Lorraine Eco+ 400g","p":1.79,"u":"4,48 €/KG","img":"https://fd13-photos.leclercdrive.fr/image.ashx?id=2843575&use=l&cat=p&typeid=i","cat":333680},{"id":58522,"n":"Sandwich polaire Côté Snack Saumon fumé - 135g","p":1.89,"u":"14,00 €/KG","img":"https://fd13-photos.leclercdrive.fr/image.ashx?id=2296985&use=l&cat=p&typeid=i","cat":333658},{"id":58525,"n":"Salade choux rouge  Menu fraîcheur - 300g","p":1.81,"u":"6,03 €/KG","img":"https://fd13-photos.leclercdrive.fr/image.ashx?id=2901458&use=l&cat=p&typeid=i","cat":333657},{"id":58526,"n":"Salade cervelas Menu fraîcheur 300g","p":2.57,"u":"8,57 €/KG","img":"https://fd13-photos.leclercdrive.fr/image.ashx?id=2645957&use=l&cat=p&typeid=i","cat":333657},{"id":58548,"n":"Sachets repas chats Purina One Sauce boeuf poulet x4 - 340g","p":1.9,"u":"5,59 €/KG","img":"https://fd13-photos.leclercdrive.fr/image.ashx?id=2468239&use=l&cat=p&typeid=i","cat":285286},{"id":58570,"n":"Friandises chien Pedigree  Récompense bœuf volaille - 155g","p":1.76,"u":"11,35 €/KG","img":"https://fd13-photos.leclercdrive.fr/image.ashx?id=2924779&use=l&cat=p&typeid=i","cat":294527},{"id":58577,"n":"Dessert bébé lacté Blédina 6m Abricot - 6x55g","p":2.32,"u":"7,03 €/KG","img":"https://fd13-photos.leclercdrive.fr/image.ashx?id=2952448&use=l&cat=p&typeid=i","cat":312392},{"id":58578,"n":"Dessert bébé lacté Blédina 6m Fraise - 6x55g","p":2.31,"u":"7,00 €/KG","img":"https://fd13-photos.leclercdrive.fr/image.ashx?id=2952451&use=l&cat=p&typeid=i","cat":312392},{"id":58582,"n":"Dessert bébé lacté Blédina 6m Poire - 6x55g","p":2.14,"u":"6,48 €/KG","img":"https://fd13-photos.leclercdrive.fr/image.ashx?id=2310680&use=l&cat=p&typeid=i","cat":312392},{"id":58625,"n":"Cœurs de palmiers Géant Vert - 220g","p":3.37,"u":"15,32 €/KG","img":"https://fd13-photos.leclercdrive.fr/image.ashx?id=2840560&use=l&cat=p&typeid=i","cat":312611},{"id":58626,"n":"Coeurs d'artichauts Géant Vert - 240g","p":2.93,"u":"12,21 €/KG","img":"https://fd13-photos.leclercdrive.fr/image.ashx?id=2840566&use=l&cat=p&typeid=i","cat":312611},{"id":58634,"n":"Soupe 12 légumes Knorr Fromage frais  - 1L","p":2.74,"u":"2,74 €/L","img":"https://fd13-photos.leclercdrive.fr/image.ashx?id=2656249&use=l&cat=p&typeid=i","cat":284462},{"id":58636,"n":"Soupe Douceur potiron Knorr Chataigne - 1L","p":3.0,"u":"3,00 €/L","img":"https://fd13-photos.leclercdrive.fr/image.ashx?id=2420033&use=l&cat=p&typeid=i","cat":284462},{"id":58651,"n":"Pizza bords fourrés au fromage  Turini 3 fromages - 450g","p":4.53,"u":"10,07 €/KG","img":"https://fd13-photos.leclercdrive.fr/image.ashx?id=2816582&use=l&cat=p&typeid=i","cat":284256},{"id":58655,"n":"Poêlée fermière Notre Jardin 750g","p":3.49,"u":"4,65 €/KG","img":"https://fd13-photos.leclercdrive.fr/image.ashx?id=2878597&use=l&cat=p&typeid=i","cat":319823},{"id":58685,"n":"Jambon Speck Saint Azay 100g","p":2.39,"u":"23,90 €/KG","img":"https://fd13-photos.leclercdrive.fr/image.ashx?id=2856739&use=l&cat=p&typeid=i","cat":316007},{"id":58716,"n":"Duo de Courgettes Notre Jardin Tomates - 900g","p":2.43,"u":"2,70 €/KG","img":"https://fd13-photos.leclercdrive.fr/image.ashx?id=2404290&use=l&cat=p&typeid=i","cat":319823},{"id":58803,"n":"Duo mousse Canard Foie 2x50g","p":1.06,"u":"21,20 €/KG","img":"https://fd13-photos.leclercdrive.fr/image.ashx?id=2974870&use=l&cat=p&typeid=i","cat":316008},{"id":58853,"n":"Sacs poubelle Haute 50L Alfapac Origine végétale - x10","p":3.12,"u":"0,31 €/P","img":"https://fd13-photos.leclercdrive.fr/image.ashx?id=2526875&use=l&cat=p&typeid=i","cat":284707},{"id":58939,"n":"Yaourt à boire Actimel fraise - 12x100g","p":3.9,"u":"3,25 €/KG","img":"https://fd13-photos.leclercdrive.fr/image.ashx?id=2996458&use=l&cat=p&typeid=i","cat":284415},{"id":58944,"n":"Yaourts à boire Actimel Nature - 12x100g","p":3.83,"u":"3,19 €/KG","img":"https://fd13-photos.leclercdrive.fr/image.ashx?id=2996461&use=l&cat=p&typeid=i","cat":284415},{"id":58946,"n":"Yaourts à boire Actimel Multifruits - 8x100g","p":3.35,"u":"4,19 €/KG","img":"https://fd13-photos.leclercdrive.fr/image.ashx?id=2996464&use=l&cat=p&typeid=i","cat":284415},{"id":58950,"n":"Yaourts à boire Actimel nature 0%mg - 8x100g","p":3.49,"u":"4,36 €/KG","img":"https://fd13-photos.leclercdrive.fr/image.ashx?id=2996470&use=l&cat=p&typeid=i","cat":284415},{"id":58987,"n":"Salade César Mix Buffet 250g","p":3.49,"u":"13,96 €/KG","img":"https://fd13-photos.leclercdrive.fr/image.ashx?id=2735569&use=l&cat=p&typeid=i","cat":333657},{"id":59025,"n":"Pur beurre cacahuète Jardin Bio Bio - 350g","p":3.89,"u":"11,11 €/KG","img":"https://fd13-photos.leclercdrive.fr/image.ashx?id=3000312&use=l&cat=p&typeid=i","cat":284481},{"id":59027,"n":"Dessert fruitier bio Jardin Bio Pomme nature - 680g","p":3.35,"u":"4,93 €/KG","img":"https://fd13-photos.leclercdrive.fr/image.ashx?id=2999297&use=l&cat=p&typeid=i","cat":284508},{"id":59038,"n":"Café moulu L'Or Intense 100% Arabica - 2x250g","p":8.7,"u":"17,40 €/KG","img":"https://fd13-photos.leclercdrive.fr/image.ashx?id=2020062&use=l&cat=p&typeid=i","cat":284750},{"id":59041,"n":"Céréales Extra Kellogg's Chocolat au lait - 800g","p":4.66,"u":"5,83 €/KG","img":"https://fd13-photos.leclercdrive.fr/image.ashx?id=2694941&use=l&cat=p&typeid=i","cat":309512},{"id":59043,"n":"Lait en poudre Régilait Entier - 300g","p":2.44,"u":"8,13 €/KG","img":"https://fd13-photos.leclercdrive.fr/image.ashx?id=2110074&use=l&cat=p&typeid=i","cat":293236},{"id":59091,"n":"Gousse vanille Vahiné Papouasie - 3g","p":4.69,"img":"https://fd13-photos.leclercdrive.fr/image.ashx?id=2559877&use=l&cat=p&typeid=i","cat":284504},{"id":59235,"n":"Café dosettes Tassimo L'Or Café Long Classique x24","p":6.68,"u":"42,82 €/KG","img":"https://fd13-photos.leclercdrive.fr/image.ashx?id=2100356&use=l&cat=p&typeid=i","cat":293240},{"id":59249,"n":"Huile de coco Jardin Bio Bio - 200ml","p":3.5,"u":"17,50 €/L","img":"https://fd13-photos.leclercdrive.fr/image.ashx?id=2790135&use=l&cat=p&typeid=i","cat":284453},{"id":59251,"n":"Ravioli Jardin Bio  Bio légumes - 250g","p":2.35,"u":"9,40 €/KG","img":"https://fd13-photos.leclercdrive.fr/image.ashx?id=2535568&use=l&cat=p&typeid=i","cat":287600},{"id":59252,"n":"Café dosettes Tassimo Maxwell House - caramel x8","p":6.04,"u":"22,54 €/KG","img":"https://fd13-photos.leclercdrive.fr/image.ashx?id=2100254&use=l&cat=p&typeid=i","cat":293240},{"id":59253,"n":"Café dosettes Tassimo L'Or Petit Déjeuner Classique x24","p":7.12,"u":"35,78 €/KG","img":"https://fd13-photos.leclercdrive.fr/image.ashx?id=2100365&use=l&cat=p&typeid=i","cat":293240},{"id":59257,"n":"Café dosettes Tassimo Grand-mère - petit déjeuner x16","p":3.51,"u":"26,39 €/KG","img":"https://fd13-photos.leclercdrive.fr/image.ashx?id=2100359&use=l&cat=p&typeid=i","cat":293240},{"id":59271,"n":"Sauce tomate cuisinée Panzani Ail et oignon - 500g","p":1.32,"u":"2,64 €/KG","img":"https://fd13-photos.leclercdrive.fr/image.ashx?id=2884303&use=l&cat=p&typeid=i","cat":288384},{"id":59277,"n":"Bonbons acidulés têtes brûlées Fraise/framboise-kitache-135g","p":2.02,"u":"14,96 €/KG","img":"https://fd13-photos.leclercdrive.fr/image.ashx?id=3008650&use=l&cat=p&typeid=i","cat":304250},{"id":59284,"n":"Maoam Mixx Haribo Sachet bonbons - 250g","p":1.88,"u":"7,52 €/KG","img":"https://fd13-photos.leclercdrive.fr/image.ashx?id=2876956&use=l&cat=p&typeid=i","cat":304250},{"id":59287,"n":"Cornichons Rustica 6 épices - 360g","p":2.29,"u":"6,36 €/KG","img":"https://fd13-photos.leclercdrive.fr/image.ashx?id=2916710&use=l&cat=p&typeid=i","cat":284458},{"id":59291,"n":"Sauce bolognaise Bio Village  Bio - 350g","p":1.69,"u":"4,83 €/KG","img":"https://fd13-photos.leclercdrive.fr/image.ashx?id=2753381&use=l&cat=p&typeid=i","cat":287599},{"id":59292,"n":"Œufs au plat Haribo Sachet bonbons - 300g","p":1.54,"u":"5,13 €/KG","img":"https://fd13-photos.leclercdrive.fr/image.ashx?id=2984892&use=l&cat=p&typeid=i","cat":304250},{"id":59293,"n":"Sauce provençale Bio Village  Bio - 350g","p":1.63,"u":"4,66 €/KG","img":"https://fd13-photos.leclercdrive.fr/image.ashx?id=2712995&use=l&cat=p&typeid=i","cat":287599},{"id":59296,"n":"Sauce tomate Bio Village  Basilic bio - 350g","p":1.63,"u":"4,66 €/KG","img":"https://fd13-photos.leclercdrive.fr/image.ashx?id=2696289&use=l&cat=p&typeid=i","cat":287599},{"id":59299,"n":"Bonbons KINDER Schoko-Bons Chocolat au lait - 225G","p":3.64,"u":"16,18 €/KG","img":"https://fd13-photos.leclercdrive.fr/image.ashx?id=2679633&use=l&cat=p&typeid=i","cat":304238},{"id":59305,"n":"Sauce American Burger Heinz - 230g","p":1.75,"u":"7,61 €/KG","img":"https://fd13-photos.leclercdrive.fr/image.ashx?id=2973354&use=l&cat=p&typeid=i","cat":318431},{"id":59307,"n":"Miami Pik Haribo Sachet bonbons acidulés - 200g","p":1.32,"u":"6,60 €/KG","img":"https://fd13-photos.leclercdrive.fr/image.ashx?id=2984895&use=l&cat=p&typeid=i","cat":304250},{"id":59311,"n":"Olives Apéro Tramier  À l'Ail 150g","p":2.39,"u":"15,93 €/KG","img":"https://fd13-photos.leclercdrive.fr/image.ashx?id=2639299&use=l&cat=p&typeid=i","cat":284458},{"id":59314,"n":"Huile d'Olive Tramier  Vierge Extra Biologique 75cl","p":10.69,"u":"14,25 €/L","img":"https://fd13-photos.leclercdrive.fr/image.ashx?id=2803916&use=l&cat=p&typeid=i","cat":284453},{"id":59331,"n":"Barquette chien Cesar  Recette campagne sauce - 8x150g","p":7.55,"u":"6,29 €/KG","img":"https://fd13-photos.leclercdrive.fr/image.ashx?id=2796222&use=l&cat=p&typeid=i","cat":284673},{"id":59336,"n":"Barquette chien Cesar Terrine poulet - 300g","p":1.53,"u":"5,10 €/KG","img":"https://fd13-photos.leclercdrive.fr/image.ashx?id=2091323&use=l&cat=p&typeid=i","cat":284673},{"id":59339,"n":"Barquette chien sénior Cesar Terrine en gelée - 4x150g","p":3.77,"u":"6,28 €/KG","img":"https://fd13-photos.leclercdrive.fr/image.ashx?id=2091320&use=l&cat=p&typeid=i","cat":284673},{"id":59340,"n":"Barquette chien Cesar Terrine cœur légumes - 4x150g","p":3.75,"u":"6,25 €/KG","img":"https://fd13-photos.leclercdrive.fr/image.ashx?id=2091317&use=l&cat=p&typeid=i","cat":284673},{"id":59341,"n":"Barquette chien Cesar Terrine du jardin - 4x150g","p":3.66,"u":"6,10 €/KG","img":"https://fd13-photos.leclercdrive.fr/image.ashx?id=2091314&use=l&cat=p&typeid=i","cat":284673},{"id":59342,"n":"Barquette chien Cesar  Recette campagne sauce - 4x150g","p":3.67,"u":"6,12 €/KG","img":"https://fd13-photos.leclercdrive.fr/image.ashx?id=2752849&use=l&cat=p&typeid=i","cat":284673},{"id":59344,"n":"Barquette chien Cesar Terrine du jardin - 4x300g","p":6.82,"u":"5,68 €/KG","img":"https://fd13-photos.leclercdrive.fr/image.ashx?id=2091308&use=l&cat=p&typeid=i","cat":284673},{"id":59398,"n":"Café moulu L'Or Intense 100% Arabica - 3x250g","p":13.9,"u":"18,53 €/KG","img":"https://fd13-photos.leclercdrive.fr/image.ashx?id=2802377&use=l&cat=p&typeid=i","cat":284750},{"id":59401,"n":"Cake St-Jacques  A la Bretonne - 260g","p":5.45,"pp":3.81,"u":"14,65 €/KG","img":"https://fd13-photos.leclercdrive.fr/image.ashx?id=2273478&use=l&cat=p&typeid=i","cat":327280},{"id":59407,"n":"Biscuits Choc&Choc Milka  175g","p":1.66,"u":"9,49 €/KG","img":"https://fd13-photos.leclercdrive.fr/image.ashx?id=2314599&use=l&cat=p&typeid=i","cat":284495},{"id":59426,"n":"Biscuits petit déjeuner Belvita Chocolat noisettes - 253g","p":2.31,"u":"9,13 €/KG","img":"https://fd13-photos.leclercdrive.fr/image.ashx?id=2346681&use=l&cat=p&typeid=i","cat":284491},{"id":59440,"n":"Haricot Vert Plat Cassegrain à la Provençale 375g","p":3.13,"u":"8,35 €/KG","img":"https://fd13-photos.leclercdrive.fr/image.ashx?id=2962080&use=l&cat=p&typeid=i","cat":312606},{"id":59539,"n":"Pêches Douceur du Verger Sirop léger - 230 g","p":1.26,"u":"5,48 €/KG","img":"https://fd13-photos.leclercdrive.fr/image.ashx?id=2666468&use=l&cat=p&typeid=i","cat":284507},{"id":59553,"n":"Croustilles  Belin  Emmental - 138g","p":1.15,"u":"8,33 €/KG","img":"https://fd13-photos.leclercdrive.fr/image.ashx?id=3002267&use=l&cat=p&typeid=i","cat":284449},{"id":59556,"n":"Croustilles Belin Cacahuète - 138g","p":1.26,"u":"9,13 €/KG","img":"https://fd13-photos.leclercdrive.fr/image.ashx?id=3002270&use=l&cat=p&typeid=i","cat":284449},{"id":59563,"n":"Galette de maïs GERBLE Chocolat au lait - 124g","p":1.71,"u":"13,79 €/KG","img":"https://fd13-photos.leclercdrive.fr/image.ashx?id=2664034&use=l&cat=p&typeid=i","cat":318651},{"id":59565,"n":"Pâte à tartiner Nustikao 1kg","p":4.25,"u":"4,25 €/KG","img":"https://fd13-photos.leclercdrive.fr/image.ashx?id=3012860&use=l&cat=p&typeid=i","cat":284481},{"id":59589,"n":"Boisson base vodka Eristoff Red 18° - 70cl","p":12.95,"u":"18,50 €/L","img":"https://fd13-photos.leclercdrive.fr/image.ashx?id=2858258&use=l&cat=p&typeid=i","cat":284550},{"id":59591,"n":"Boisson base vodka Eristoff Black 18° - 70cl","p":13.49,"u":"19,27 €/L","img":"https://fd13-photos.leclercdrive.fr/image.ashx?id=2842882&use=l&cat=p&typeid=i","cat":284550},{"id":59601,"n":"Bière blonde 3 Monts 6x33cl","p":8.04,"u":"4,06 €/L","img":"https://fd13-photos.leclercdrive.fr/image.ashx?id=2548189&use=l&cat=p&typeid=i","cat":334852},{"id":59618,"n":"Soupe Knorr Tomates/mozza - 1L","p":2.45,"u":"2,45 €/L","img":"https://fd13-photos.leclercdrive.fr/image.ashx?id=2408258&use=l&cat=p&typeid=i","cat":284462},{"id":59655,"n":"Dentifrice Email Diamant Rouge - 75ml","p":3.6,"u":"48,00 €/L","img":"https://fd13-photos.leclercdrive.fr/image.ashx?id=1781297&use=l&cat=p&typeid=i","cat":284612},{"id":59678,"n":"Sardines Saupiquet  Entières au piment  - 120g","p":1.29,"u":"10,75 €/KG","img":"https://fd13-photos.leclercdrive.fr/image.ashx?id=2332216&use=l&cat=p&typeid=i","cat":305146},{"id":59687,"n":"Sardines Connetable Olive/citron - 135g","p":3.23,"u":"23,93 €/KG","img":"https://fd13-photos.leclercdrive.fr/image.ashx?id=2618951&use=l&cat=p&typeid=i","cat":305146},{"id":59695,"n":"Yaourt à la grecque YAOS Vanille - 4x125g","p":2.71,"u":"5,42 €/KG","img":"https://fd13-photos.leclercdrive.fr/image.ashx?id=3007972&use=l&cat=p&typeid=i","cat":314999},{"id":59698,"n":"Sandwich Maxi Club Sodebo  Simple&Bon Jambon Beurre - 190g","p":2.17,"u":"11,42 €/KG","img":"https://fd13-photos.leclercdrive.fr/image.ashx?id=2814542&use=l&cat=p&typeid=i","cat":333658},{"id":59713,"n":"Gros cornichons Rustica  Aigre doux - 850g","p":2.69,"u":"3,16 €/KG","img":"https://fd13-photos.leclercdrive.fr/image.ashx?id=2916707&use=l&cat=p&typeid=i","cat":284458},{"id":59714,"n":"Cacahuètes Tokapi  Grillées à sec - 200g","p":0.78,"u":"3,90 €/KG","img":"https://fd13-photos.leclercdrive.fr/image.ashx?id=2799781&use=l&cat=p&typeid=i","cat":284448},{"id":59715,"n":"Double concentré de tomates Tube - 200g","p":1.35,"u":"6,75 €/KG","img":"https://fd13-photos.leclercdrive.fr/image.ashx?id=2072728&use=l&cat=p&typeid=i","cat":288384},{"id":59718,"n":"Saumon tagliatelles D'Aucy Micro-ondes - 300g","p":2.83,"u":"9,43 €/KG","img":"https://fd13-photos.leclercdrive.fr/image.ashx?id=2117168&use=l&cat=p&typeid=i","cat":284953},{"id":59722,"n":"Crème légère semi-épaisse  Bridélice 18%mg - 3x20cl","p":2.47,"u":"4,12 €/L","img":"https://fd13-photos.leclercdrive.fr/image.ashx?id=2904733&use=l&cat=p&typeid=i","cat":284381},{"id":59729,"n":"Bâtonnets Suprêmes Coraya x18 - 280g","p":3.84,"u":"13,71 €/KG","img":"https://fd13-photos.leclercdrive.fr/image.ashx?id=2268909&use=l&cat=p&typeid=i","cat":285189},{"id":59731,"n":"Bâtonnets surimi Fleury Michon délice chair de crabe x18 -300g","p":3.39,"u":"11,30 €/KG","img":"https://fd13-photos.leclercdrive.fr/image.ashx?id=2936938&use=l&cat=p&typeid=i","cat":285189},{"id":59732,"n":"Bâtonnets surimi Fleury Michon -25% sel  x14 - 230g","p":2.67,"u":"267,00 €/L","img":"https://fd13-photos.leclercdrive.fr/image.ashx?id=2936941&use=l&cat=p&typeid=i","cat":285189},{"id":59735,"n":"Bâtonnets surimi Ciepe Arôme Crabe x12 - 200g","p":1.53,"u":"7,65 €/KG","img":"https://fd13-photos.leclercdrive.fr/image.ashx?id=2973126&use=l&cat=p&typeid=i","cat":285189},{"id":59740,"n":"Tarama Blini Aux oeufs de cabillaud - 250g","p":2.8,"u":"11,20 €/KG","img":"https://fd13-photos.leclercdrive.fr/image.ashx?id=2960873&use=l&cat=p&typeid=i","cat":315999},{"id":59751,"n":"Rollmops au vinaigre  MSC Ronde des mers - 400g","p":2.29,"u":"5,73 €/KG","img":"https://fd13-photos.leclercdrive.fr/image.ashx?id=2686470&use=l&cat=p&typeid=i","cat":285190},{"id":59761,"n":"Lingettes Lotus Baby Peau nette - x64","p":1.9,"u":"0,03 €/P","img":"https://fd13-photos.leclercdrive.fr/image.ashx?id=2904431&use=l&cat=p&typeid=i","cat":284738},{"id":59774,"n":"Sérum physiologique Biolane 30x5ml","p":3.74,"u":"24,93 €/L","img":"https://fd13-photos.leclercdrive.fr/image.ashx?id=2733232&use=l&cat=p&typeid=i","cat":284741},{"id":59776,"n":"Chocolat Côte d'Or Bouchée Lait - 200g","p":5.37,"u":"26,85 €/KG","img":"https://fd13-photos.leclercdrive.fr/image.ashx?id=3000447&use=l&cat=p&typeid=i","cat":284497},{"id":59779,"n":"Tablette chocolat Côte d'Or Chocolat noir/pistaches - 180g","p":3.86,"u":"21,44 €/KG","img":"https://fd13-photos.leclercdrive.fr/image.ashx?id=1885680&use=l&cat=p&typeid=i","cat":284497},{"id":59832,"n":"Secret de crème Président Semi-épaisse 25%mg - 3x20cl","p":4.12,"u":"6,87 €/L","img":"https://fd13-photos.leclercdrive.fr/image.ashx?id=2699861&use=l&cat=p&typeid=i","cat":284381},{"id":60015,"n":"Pancakes Pasquier x10 - 350g","p":1.69,"u":"4,83 €/KG","img":"https://fd13-photos.leclercdrive.fr/image.ashx?id=2688878&use=l&cat=p&typeid=i","cat":284495},{"id":60051,"n":"Gâteaux Lulu L'Ourson Fraise - 150g","p":1.44,"u":"9,60 €/KG","img":"https://fd13-photos.leclercdrive.fr/image.ashx?id=3008050&use=l&cat=p&typeid=i","cat":284495},{"id":60118,"n":"Ratatouille niçoise D'aucy  750g","p":1.96,"u":"2,61 €/KG","img":"https://fd13-photos.leclercdrive.fr/image.ashx?id=2665904&use=l&cat=p&typeid=i","cat":312612},{"id":60128,"n":"Crème dessert bio les 2 vaches fondant chocolat - 4x125g","p":2.22,"u":"4,44 €/KG","img":"https://fd13-photos.leclercdrive.fr/image.ashx?id=2774012&use=l&cat=p&typeid=i","cat":285041},{"id":60138,"n":"Bûche de chèvre Bio Soignon 180g","p":2.88,"u":"16,00 €/KG","img":"https://fd13-photos.leclercdrive.fr/image.ashx?id=2676741&use=l&cat=p&typeid=i","cat":314031},{"id":60141,"n":"Matin Léger Bio de Lactel  Sans lactose 1.2%mg - 1L","p":2.23,"u":"2,23 €/L","img":"https://fd13-photos.leclercdrive.fr/image.ashx?id=2883549&use=l&cat=p&typeid=i","cat":317169},{"id":60142,"n":"Lait Bio entier Grandlait Candia Bouteille - 6x1L","p":12.01,"u":"2,00 €/L","img":"https://fd13-photos.leclercdrive.fr/image.ashx?id=2735068&use=l&cat=p&typeid=i","cat":285610},{"id":60150,"n":"Fromage l'Ortolan Bio Fromagerie Milleret - 250g","p":2.85,"u":"11,40 €/KG","img":"https://fd13-photos.leclercdrive.fr/image.ashx?id=2732866&use=l&cat=p&typeid=i","cat":314033},{"id":60165,"n":"Boisson végétale Alpro noisette - 1l","p":2.2,"u":"2,20 €/L","img":"https://fd13-photos.leclercdrive.fr/image.ashx?id=2849602&use=l&cat=p&typeid=i","cat":316067},{"id":60168,"n":"fromage blanc jockey Nature 3%MG - 8x100g","p":2.56,"u":"3,20 €/KG","img":"https://fd13-photos.leclercdrive.fr/image.ashx?id=2230369&use=l&cat=p&typeid=i","cat":284409},{"id":60171,"n":"boisson végétale lait d'amande grillée alpro -1l","p":2.15,"u":"2,15 €/L","img":"https://fd13-photos.leclercdrive.fr/image.ashx?id=2988671&use=l&cat=p&typeid=i","cat":316067},{"id":60174,"n":"Madeleine Bonne Maman  Chocolat au lait x10 - 300g","p":3.07,"u":"10,23 €/KG","img":"https://fd13-photos.leclercdrive.fr/image.ashx?id=2949940&use=l&cat=p&typeid=i","cat":284492},{"id":60175,"n":"Madeleines St Michel  Oeuf en plein air - 1kg","p":3.85,"u":"3,85 €/KG","img":"https://fd13-photos.leclercdrive.fr/image.ashx?id=2936194&use=l&cat=p&typeid=i","cat":284492},{"id":60192,"n":"Pancakes Le Ster  x8 - 280g","p":2.26,"u":"8,07 €/KG","img":"https://fd13-photos.leclercdrive.fr/image.ashx?id=2827215&use=l&cat=p&typeid=i","cat":284495},{"id":60204,"n":"Crêpes de landerneau Le Ster Le pâtissier x12 - 300g","p":1.99,"u":"6,63 €/KG","img":"https://fd13-photos.leclercdrive.fr/image.ashx?id=2962860&use=l&cat=p&typeid=i","cat":284494},{"id":60258,"n":"AOP Côteaux Varois en Provence Rosé Estandon Lumière - 75cl","p":6.5,"u":"8,67 €/L","img":"https://fd13-photos.leclercdrive.fr/image.ashx?id=2889460&use=l&cat=p&typeid=i","cat":289558},{"id":60293,"n":"IGP Pays d'Oc Merlot Vin rouge By Haussmann - 75cl","p":3.29,"u":"4,39 €/L","img":"https://fd13-photos.leclercdrive.fr/image.ashx?id=2478321&use=l&cat=p&typeid=i","cat":289556},{"id":60382,"n":"Soin de jour L'Oréal Paris Age Perfect anti-rides - 50ml","p":11.97,"pp":7.9,"u":"158,00 €/L","img":"https://fd13-photos.leclercdrive.fr/image.ashx?id=2860355&use=l&cat=p&typeid=i","cat":325345},{"id":60588,"n":"Emmental Président 250g","p":2.81,"u":"11,24 €/KG","img":"https://fd13-photos.leclercdrive.fr/image.ashx?id=2752942&use=l&cat=p&typeid=i","cat":314034},{"id":60637,"n":"Matière grasse St Hubert 41 à tartiner - 38% MG - 500g","p":3.58,"u":"7,16 €/KG","img":"https://fd13-photos.leclercdrive.fr/image.ashx?id=2734147&use=l&cat=p&typeid=i","cat":315229},{"id":60672,"n":"Matière grasse St Hubert 41 demi-sel - 38%MG - 250g","p":2.28,"u":"9,12 €/KG","img":"https://fd13-photos.leclercdrive.fr/image.ashx?id=2734144&use=l&cat=p&typeid=i","cat":315229},{"id":60774,"n":"Bière blonde Leffe 6,6% - 6x25cl","p":5.39,"u":"3,59 €/L","img":"https://fd13-photos.leclercdrive.fr/image.ashx?id=2995421&use=l&cat=p&typeid=i","cat":334852},{"id":60775,"n":"Dés de jambon Herta  2x75g","p":2.07,"u":"13,80 €/KG","img":"https://fd13-photos.leclercdrive.fr/image.ashx?id=2877133&use=l&cat=p&typeid=i","cat":316011},{"id":60777,"n":"Brique de brebis Lou Pérac Fromage de brebis - 150g","p":2.86,"u":"19,07 €/KG","img":"https://fd13-photos.leclercdrive.fr/image.ashx?id=2785154&use=l&cat=p&typeid=i","cat":314031},{"id":60778,"n":"Tranche Salakis Fromage de brebis - 200g","p":2.65,"u":"13,25 €/KG","img":"https://fd13-photos.leclercdrive.fr/image.ashx?id=2729710&use=l&cat=p&typeid=i","cat":314026},{"id":60890,"n":"Chaussée aux moines 340g","p":2.89,"u":"8,50 €/KG","img":"https://fd13-photos.leclercdrive.fr/image.ashx?id=2830030&use=l&cat=p&typeid=i","cat":329184},{"id":60891,"n":"Camembert Président 250g","p":1.8,"u":"7,20 €/KG","img":"https://fd13-photos.leclercdrive.fr/image.ashx?id=2878873&use=l&cat=p&typeid=i","cat":314033},{"id":60892,"n":"Emmental râpé fondant Président 200g","p":2.05,"u":"10,25 €/KG","img":"https://fd13-photos.leclercdrive.fr/image.ashx?id=2488455&use=l&cat=p&typeid=i","cat":314035},{"id":60893,"n":"Brique fondante Président Fondante - 200g","p":2.44,"u":"12,20 €/KG","img":"https://fd13-photos.leclercdrive.fr/image.ashx?id=2652840&use=l&cat=p&typeid=i","cat":314033},{"id":60930,"n":"Thé Earl Grey Twinings x25 sachets - 50g","p":1.99,"u":"39,80 €/KG","img":"https://fd13-photos.leclercdrive.fr/image.ashx?id=2889817&use=l&cat=p&typeid=i","cat":293233},{"id":60931,"n":"Thé Ceylan Scotland Twinings x20 - 40g","p":2.02,"u":"50,50 €/KG","img":"https://fd13-photos.leclercdrive.fr/image.ashx?id=2893024&use=l&cat=p&typeid=i","cat":293233},{"id":60957,"n":"Boisson énergisante Red Bull Goût Myrtille, 250ml","p":1.15,"u":"4,60 €/L","img":"https://fd13-photos.leclercdrive.fr/image.ashx?id=2174528&use=l&cat=p&typeid=i","cat":284533},{"id":60974,"n":"Pur jus Tropicana Orange Pure Premium Sans pulpe - 1L","p":2.19,"u":"2,19 €/L","img":"https://fd13-photos.leclercdrive.fr/image.ashx?id=2586186&use=l&cat=p&typeid=i","cat":284521},{"id":60978,"n":"Roquefort AOP Société Fromage de brebis - 150g","p":2.89,"u":"19,27 €/KG","img":"https://fd13-photos.leclercdrive.fr/image.ashx?id=2729713&use=l&cat=p&typeid=i","cat":314032},{"id":61021,"n":"Risotto champignon poulet Marie 900g","p":4.49,"u":"4,99 €/KG","img":"https://fd13-photos.leclercdrive.fr/image.ashx?id=2996755&use=l&cat=p&typeid=i","cat":284254},{"id":61153,"n":"Labyrinthe Dès 7 ans","p":21.8,"img":"https://fd13-photos.leclercdrive.fr/image.ashx?id=2937721&use=l&cat=p&typeid=i","cat":334378},{"id":61167,"n":"Crème légère épaisse Bridélice 15%mg - 497g","p":1.91,"u":"3,84 €/KG","img":"https://fd13-photos.leclercdrive.fr/image.ashx?id=2996578&use=l&cat=p&typeid=i","cat":284381},{"id":61169,"n":"Petit suisse NESQUIK Chocolat 6x60g","p":1.56,"u":"4,33 €/KG","img":"https://fd13-photos.leclercdrive.fr/image.ashx?id=3007933&use=l&cat=p&typeid=i","cat":284414},{"id":61172,"n":"Yaourts à la Grecque Délisse Citron - 4x150g","p":2.38,"u":"3,97 €/KG","img":"https://fd13-photos.leclercdrive.fr/image.ashx?id=2699714&use=l&cat=p&typeid=i","cat":314999},{"id":61253,"n":"Barbecue Party Dès 4 ans - 2 à 4 joueurs","p":17.8,"img":"https://fd13-photos.leclercdrive.fr/image.ashx?id=1723775&use=l&cat=p&typeid=i","cat":334378},{"id":61254,"n":"Filou Chiptou (2 à 4 joueurs) Jeu de société - Dès 4 ans","p":17.8,"img":"https://fd13-photos.leclercdrive.fr/image.ashx?id=2740331&use=l&cat=p&typeid=i","cat":334378},{"id":61255,"n":"Môts Mêlés (2 à 4 joueurs) Jeu de société - Dès 8 ans","p":21.8,"img":"https://fd13-photos.leclercdrive.fr/image.ashx?id=2740334&use=l&cat=p&typeid=i","cat":334378},{"id":61293,"n":"Boisson Jafaden Orange carotte citron - 1L","p":1.89,"u":"1,89 €/L","img":"https://fd13-photos.leclercdrive.fr/image.ashx?id=2956753&use=l&cat=p&typeid=i","cat":284917},{"id":61340,"n":"Mon coffret Premières lectures Nathan - Dès 2 ans","p":19.9,"u":"Dont 0,07 € d'éco-part.","img":"https://fd13-photos.leclercdrive.fr/image.ashx?id=1791320&use=l&cat=p&typeid=i","cat":334378},{"id":61594,"n":"Tomato Ketchup Heinz - 910g","p":2.84,"u":"3,12 €/KG","img":"https://fd13-photos.leclercdrive.fr/image.ashx?id=2923420&use=l&cat=p&typeid=i","cat":284455},{"id":61596,"n":"Sauce au poivre Rustica Pot - 245g","p":1.13,"u":"4,61 €/KG","img":"https://fd13-photos.leclercdrive.fr/image.ashx?id=2954373&use=l&cat=p&typeid=i","cat":318430},{"id":61597,"n":"Sauce bourguignonne Rustica Pot - 250g","p":1.0,"u":"4,00 €/KG","img":"https://fd13-photos.leclercdrive.fr/image.ashx?id=2954376&use=l&cat=p&typeid=i","cat":318430},{"id":61605,"n":"Sauce barbecue Rustica Flacon souple - 280g","p":1.39,"u":"4,96 €/KG","img":"https://fd13-photos.leclercdrive.fr/image.ashx?id=2559704&use=l&cat=p&typeid=i","cat":318431},{"id":61609,"n":"Sauce Aïoli Bénédicta - 260g","p":1.45,"u":"5,58 €/KG","img":"https://fd13-photos.leclercdrive.fr/image.ashx?id=2689934&use=l&cat=p&typeid=i","cat":318430},{"id":61613,"n":"Sauce Pommes frites  Amora 448g","p":2.29,"u":"5,11 €/KG","img":"https://fd13-photos.leclercdrive.fr/image.ashx?id=2738227&use=l&cat=p&typeid=i","cat":318431},{"id":61626,"n":"Cocktail Douceur du Verger 4 fruits - Sirop léger - 250 g","p":1.5,"u":"6,00 €/KG","img":"https://fd13-photos.leclercdrive.fr/image.ashx?id=2531301&use=l&cat=p&typeid=i","cat":284507},{"id":61628,"n":"Fruits au sirop St Mamet Pêches - 245g","p":1.23,"u":"5,02 €/KG","img":"https://fd13-photos.leclercdrive.fr/image.ashx?id=2628428&use=l&cat=p&typeid=i","cat":284507},{"id":61631,"n":"Cocktail Douceur du Verger 4 fruits - Sirop léger- 500g","p":1.99,"u":"3,98 €/KG","img":"https://fd13-photos.leclercdrive.fr/image.ashx?id=2783023&use=l&cat=p&typeid=i","cat":284507},{"id":61634,"n":"Poires Douceur du Verger Sirop léger - 455 g","p":1.95,"u":"4,29 €/KG","img":"https://fd13-photos.leclercdrive.fr/image.ashx?id=2783020&use=l&cat=p&typeid=i","cat":284507},{"id":61638,"n":"Lentilles Préparées Cassegrain Tendres et Fondantes 460g","p":2.42,"u":"5,26 €/KG","img":"https://fd13-photos.leclercdrive.fr/image.ashx?id=3011047&use=l&cat=p&typeid=i","cat":312609},{"id":61697,"n":"Eponges Spontex Multicolore - x3","p":1.37,"u":"0,46 €/P","img":"https://fd13-photos.leclercdrive.fr/image.ashx?id=2972847&use=l&cat=p&typeid=i","cat":284667},{"id":61704,"n":"Burger La Fournée Dorée Sésame x4 -250g","p":1.29,"u":"5,16 €/KG","img":"https://fd13-photos.leclercdrive.fr/image.ashx?id=2735275&use=l&cat=p&typeid=i","cat":325067},{"id":61706,"n":"Beurre Grand Fermage Demi-sel - 80% MG - 500g","p":5.14,"u":"10,28 €/KG","img":"https://fd13-photos.leclercdrive.fr/image.ashx?id=2916171&use=l&cat=p&typeid=i","cat":284379},{"id":61825,"n":"Morgan et son scooter Dès 3 ans","p":12.9,"img":"https://fd13-photos.leclercdrive.fr/image.ashx?id=1234695&use=l&cat=p&typeid=i","cat":334379},{"id":61874,"n":"Gel shampooing douche Fa Men Perfect wave flacon - 250ml","p":1.64,"u":"6,56 €/L","img":"https://fd13-photos.leclercdrive.fr/image.ashx?id=2995091&use=l&cat=p&typeid=i","cat":284619},{"id":61969,"n":"Beaumont de Savoie 200g","p":3.46,"u":"17,30 €/KG","img":"https://fd13-photos.leclercdrive.fr/image.ashx?id=2106550&use=l&cat=p&typeid=i","cat":329184},{"id":61976,"n":"Coeurs de palmiers Bio Village Bio - 250g","p":4.02,"u":"16,08 €/KG","img":"https://fd13-photos.leclercdrive.fr/image.ashx?id=2077463&use=l&cat=p&typeid=i","cat":312611},{"id":61983,"n":"Sachet repas Gourmet  Terrine coffret - 4x85g","p":1.87,"u":"5,50 €/KG","img":"https://fd13-photos.leclercdrive.fr/image.ashx?id=2901118&use=l&cat=p&typeid=i","cat":285286},{"id":61984,"n":"Sachet repas chat Gourmet  Perle duo de la mer - 4x85g","p":2.3,"u":"6,76 €/KG","img":"https://fd13-photos.leclercdrive.fr/image.ashx?id=2859866&use=l&cat=p&typeid=i","cat":285286},{"id":62004,"n":"Cornichons Maille  Mini classique - 370g","p":3.8,"u":"10,27 €/KG","img":"https://fd13-photos.leclercdrive.fr/image.ashx?id=2916567&use=l&cat=p&typeid=i","cat":284458},{"id":62007,"n":"Sardines Huile Olive PARMENTIER Vierge Extra - 135g","p":1.55,"u":"11,48 €/KG","img":"https://fd13-photos.leclercdrive.fr/image.ashx?id=3014410&use=l&cat=p&typeid=i","cat":305146},{"id":62042,"n":"Haricots rouges D'aucy  500g","p":2.02,"u":"4,04 €/KG","img":"https://fd13-photos.leclercdrive.fr/image.ashx?id=2491190&use=l&cat=p&typeid=i","cat":312606},{"id":62043,"n":"Lentilles préparées D'aucy  265g","p":0.96,"u":"3,62 €/KG","img":"https://fd13-photos.leclercdrive.fr/image.ashx?id=2560600&use=l&cat=p&typeid=i","cat":312609},{"id":62045,"n":"Haricots verts Jardin Bio étic Bio sans sel - 345g","p":3.6,"u":"10,43 €/KG","img":"https://fd13-photos.leclercdrive.fr/image.ashx?id=2535010&use=l&cat=p&typeid=i","cat":312606},{"id":62053,"n":"Haricots Coco Cuisinés Cassegrain Tomate, Laurier 435g","p":1.68,"u":"6,72 €/KG","img":"https://fd13-photos.leclercdrive.fr/image.ashx?id=2952466&use=l&cat=p&typeid=i","cat":312606},{"id":62054,"n":"Courgettes Cuisinées Cassegrain à la Provençale 185g","p":2.19,"u":"11,84 €/KG","img":"https://fd13-photos.leclercdrive.fr/image.ashx?id=2913022&use=l&cat=p&typeid=i","cat":312612},{"id":62055,"n":"Aubergines Cuisinées Cassegrain à la Provençale 185g","p":2.17,"u":"11,73 €/KG","img":"https://fd13-photos.leclercdrive.fr/image.ashx?id=2913019&use=l&cat=p&typeid=i","cat":312612},{"id":62057,"n":"Champignons Eco+ Entiers - 230g","p":1.13,"u":"4,91 €/KG","img":"https://fd13-photos.leclercdrive.fr/image.ashx?id=2782999&use=l&cat=p&typeid=i","cat":312610},{"id":62066,"n":"Lentilles cuisinées façon Sud-Ouest Cassegrain 410g","p":1.95,"u":"4,76 €/KG","img":"https://fd13-photos.leclercdrive.fr/image.ashx?id=2862131&use=l&cat=p&typeid=i","cat":312609},{"id":62067,"n":"Flageolets Préparés Cassegrain Extra Fins 130g","p":1.06,"u":"8,15 €/KG","img":"https://fd13-photos.leclercdrive.fr/image.ashx?id=2912980&use=l&cat=p&typeid=i","cat":312606},{"id":62083,"n":"Soda Schweppes Saveur Agrumes - 1L","p":1.63,"u":"1,63 €/L","img":"https://fd13-photos.leclercdrive.fr/image.ashx?id=2852414&use=l&cat=p&typeid=i","cat":284532},{"id":62094,"n":"Sauce fajitas Old El Paso à cuisiner doux - 395g","p":2.09,"u":"5,29 €/KG","img":"https://fd13-photos.leclercdrive.fr/image.ashx?id=2950852&use=l&cat=p&typeid=i","cat":288993},{"id":62101,"n":"Miel l'Apiculteur liquide   et savoureux - 500g","p":6.94,"u":"13,88 €/KG","img":"https://fd13-photos.leclercdrive.fr/image.ashx?id=3008077&use=l&cat=p&typeid=i","cat":287643},{"id":62112,"n":"Compotes Pom'Potes Gourdes  Pomme Nature - 12x90g","p":4.75,"u":"4,40 €/KG","img":"https://fd13-photos.leclercdrive.fr/image.ashx?id=3010927&use=l&cat=p&typeid=i","cat":284508},{"id":62120,"n":"Cookies Choco Sensation Milka Chocolat au lait - 312g","p":3.98,"u":"12,76 €/KG","img":"https://fd13-photos.leclercdrive.fr/image.ashx?id=3002279&use=l&cat=p&typeid=i","cat":325066},{"id":62121,"n":"Brownie Milka Chocolat - 180g","p":2.24,"u":"12,44 €/KG","img":"https://fd13-photos.leclercdrive.fr/image.ashx?id=2339807&use=l&cat=p&typeid=i","cat":294776},{"id":62123,"n":"Mini brownie Brossard Chocolat/noisette x8 - 240g","p":2.72,"u":"11,33 €/KG","img":"https://fd13-photos.leclercdrive.fr/image.ashx?id=2976830&use=l&cat=p&typeid=i","cat":294776},{"id":62128,"n":"Biscuits fourrés Prince Tout chocolat - 300g","p":1.46,"u":"4,87 €/KG","img":"https://fd13-photos.leclercdrive.fr/image.ashx?id=2528801&use=l&cat=p&typeid=i","cat":284488},{"id":62130,"n":"Cookies extra moelleux Granola Pépites de chocolat - 312g","p":3.49,"u":"11,19 €/KG","img":"https://fd13-photos.leclercdrive.fr/image.ashx?id=2306723&use=l&cat=p&typeid=i","cat":325066},{"id":62142,"n":"Biscottes Braisor Heudebert  Nature - 500g","p":3.21,"u":"6,42 €/KG","img":"https://fd13-photos.leclercdrive.fr/image.ashx?id=2680176&use=l&cat=p&typeid=i","cat":284479},{"id":62146,"n":"Brioche La Fournée Dorée Tranchée crème fraiche - 500g","p":1.9,"u":"3,80 €/KG","img":"https://fd13-photos.leclercdrive.fr/image.ashx?id=2415365&use=l&cat=p&typeid=i","cat":284478},{"id":62148,"n":"Brioch'burger La fournée Dorée x4 - 250g","p":1.67,"u":"6,68 €/KG","img":"https://fd13-photos.leclercdrive.fr/image.ashx?id=2765261&use=l&cat=p&typeid=i","cat":325067},{"id":62162,"n":"Donuts Curly 100g","p":1.03,"u":"10,30 €/KG","img":"https://fd13-photos.leclercdrive.fr/image.ashx?id=2446836&use=l&cat=p&typeid=i","cat":284449},{"id":62163,"n":"Madeleines coquilles St Michel chocolat au lait - 350g","p":3.29,"u":"9,40 €/KG","img":"https://fd13-photos.leclercdrive.fr/image.ashx?id=2936182&use=l&cat=p&typeid=i","cat":284492},{"id":62164,"n":"Madeleines Ker Cadélac Pépites sucre extra - 600g","p":3.79,"u":"6,32 €/KG","img":"https://fd13-photos.leclercdrive.fr/image.ashx?id=3008269&use=l&cat=p&typeid=i","cat":284492},{"id":62169,"n":"Croquettes chiens Purina One Minis chiens - 1.5kg","p":5.65,"u":"3,77 €/KG","img":"https://fd13-photos.leclercdrive.fr/image.ashx?id=2899677&use=l&cat=p&typeid=i","cat":294526},{"id":62173,"n":"Friandises chat Catisfactions  Canard - 60g","p":1.2,"u":"20,00 €/KG","img":"https://fd13-photos.leclercdrive.fr/image.ashx?id=2912611&use=l&cat=p&typeid=i","cat":285285},{"id":62226,"n":"Soda Coca-Cola Sans Sucres Bouteille - 1L","p":1.1,"u":"1,10 €/L","img":"https://fd13-photos.leclercdrive.fr/image.ashx?id=2194418&use=l&cat=p&typeid=i","cat":284530},{"id":62238,"n":"Bière blonde Grimbergen Triple d'Abbaye -8° - 6x25cl","p":5.64,"u":"3,76 €/L","img":"https://fd13-photos.leclercdrive.fr/image.ashx?id=2317363&use=l&cat=p&typeid=i","cat":334852},{"id":62246,"n":"Soda au cola Pepsi La bouteille de 1.5L","p":1.18,"u":"0,79 €/L","img":"https://fd13-photos.leclercdrive.fr/image.ashx?id=2896318&use=l&cat=p&typeid=i","cat":284530},{"id":62251,"n":"Soda au cola Pepsi Zéro sucres La bouteille de 1.5L","p":1.17,"u":"0,78 €/L","img":"https://fd13-photos.leclercdrive.fr/image.ashx?id=2683130&use=l&cat=p&typeid=i","cat":284530},{"id":62252,"n":"Soda 7UP Citron et citron vert - 1.5L","p":1.21,"u":"0,81 €/L","img":"https://fd13-photos.leclercdrive.fr/image.ashx?id=2748545&use=l&cat=p&typeid=i","cat":284531},{"id":62303,"n":"yaourt fruits bio les 2 vaches brassé framboise - 4x115g","p":2.0,"u":"4,35 €/KG","img":"https://fd13-photos.leclercdrive.fr/image.ashx?id=2571533&use=l&cat=p&typeid=i","cat":284410},{"id":62333,"n":"Yaourt brassé Bio les 2 vaches Citron - 4x115g","p":1.94,"u":"4,22 €/KG","img":"https://fd13-photos.leclercdrive.fr/image.ashx?id=2571536&use=l&cat=p&typeid=i","cat":284410},{"id":62335,"n":"yaourt fruits bio les 2 vaches brassé myrtille - 4x115g","p":2.0,"u":"4,35 €/KG","img":"https://fd13-photos.leclercdrive.fr/image.ashx?id=2571530&use=l&cat=p&typeid=i","cat":284410},{"id":62340,"n":"Jus d'oranges pressées Andros 1.5L","p":3.89,"u":"2,59 €/L","img":"https://fd13-photos.leclercdrive.fr/image.ashx?id=2904272&use=l&cat=p&typeid=i","cat":285435},{"id":62359,"n":"Jus d'oranges pressées  Sans pulpe Andros - 1.5L","p":3.84,"u":"2,56 €/L","img":"https://fd13-photos.leclercdrive.fr/image.ashx?id=2876104&use=l&cat=p&typeid=i","cat":285435},{"id":62417,"n":"Jus de pamplemousse rose pressé Andros - 1L","p":3.2,"u":"3,20 €/L","img":"https://fd13-photos.leclercdrive.fr/image.ashx?id=2928423&use=l&cat=p&typeid=i","cat":285435},{"id":62454,"n":"Boisson aux fruits Fruit shoot Multivitamine - 12x20cl","p":4.37,"u":"1,82 €/L","img":"https://fd13-photos.leclercdrive.fr/image.ashx?id=2915733&use=l&cat=p&typeid=i","cat":295018},{"id":62481,"n":"Coton disque Bio Bionaïa x70","p":0.96,"u":"0,01 €/P","img":"https://fd13-photos.leclercdrive.fr/image.ashx?id=2434942&use=l&cat=p&typeid=i","cat":285593},{"id":62482,"n":"Coton-tige Bio Bionaïa x200 bâtonnets ouatés","p":0.91,"img":"https://fd13-photos.leclercdrive.fr/image.ashx?id=2598704&use=l&cat=p&typeid=i","cat":285593},{"id":62486,"n":"Quiche lorraine 400g","p":1.99,"u":"4,98 €/KG","img":"https://fd13-photos.leclercdrive.fr/image.ashx?id=2798421&use=l&cat=p&typeid=i","cat":333680},{"id":62496,"n":"Biscuit bébé Blédina 12 mois Petit beurre - 133g","p":2.03,"u":"15,26 €/KG","img":"https://fd13-photos.leclercdrive.fr/image.ashx?id=2974288&use=l&cat=p&typeid=i","cat":312227},{"id":62497,"n":"Biscuit bébé Blédina 12 mois  Petit beurre pépites choco-133g","p":2.16,"u":"16,24 €/KG","img":"https://fd13-photos.leclercdrive.fr/image.ashx?id=2639344&use=l&cat=p&typeid=i","cat":312227},{"id":62555,"n":"Boissons aux fruits Fruit Shoot Tropical - 12x20cl","p":4.45,"u":"1,85 €/L","img":"https://fd13-photos.leclercdrive.fr/image.ashx?id=2915736&use=l&cat=p&typeid=i","cat":295018},{"id":62561,"n":"Rasoirs jetables Carré Homme 3 lames - x8","p":2.65,"u":"0,33 €/P","img":"https://fd13-photos.leclercdrive.fr/image.ashx?id=2704720&use=l&cat=p&typeid=i","cat":284616},{"id":62567,"n":"Papier toilette Mimosa Humide x50","p":1.29,"u":"0,03 €/P","img":"https://fd13-photos.leclercdrive.fr/image.ashx?id=2823126&use=l&cat=p&typeid=i","cat":284634},{"id":62568,"n":"Papier toilette Mimosa Humide douceur x50","p":1.29,"u":"0,03 €/P","img":"https://fd13-photos.leclercdrive.fr/image.ashx?id=3013615&use=l&cat=p&typeid=i","cat":284634},{"id":62571,"n":"Soda à l'orange Orangina 1L","p":1.7,"u":"1,70 €/L","img":"https://fd13-photos.leclercdrive.fr/image.ashx?id=2668413&use=l&cat=p&typeid=i","cat":284532},{"id":62572,"n":"Lime soda Sprink's Citron zero - 1.5L","p":1.08,"u":"0,72 €/L","img":"https://fd13-photos.leclercdrive.fr/image.ashx?id=2913742&use=l&cat=p&typeid=i","cat":284531},{"id":62573,"n":"Tonic soda Sprink's Zero - 1.5L","p":0.93,"u":"0,62 €/L","img":"https://fd13-photos.leclercdrive.fr/image.ashx?id=2913745&use=l&cat=p&typeid=i","cat":284531},{"id":62574,"n":"Bière ambrée Grimbergen 6,5° - 6x25cl","p":6.01,"u":"4,01 €/L","img":"https://fd13-photos.leclercdrive.fr/image.ashx?id=2293483&use=l&cat=p&typeid=i","cat":334852},{"id":62575,"n":"Coton disque Inell Rond confort x70","p":0.63,"u":"0,01 €/P","img":"https://fd13-photos.leclercdrive.fr/image.ashx?id=2169171&use=l&cat=p&typeid=i","cat":285593},{"id":62576,"n":"Bière blanche Grimbergen 6° - 6x25cl","p":5.3,"u":"3,53 €/L","img":"https://fd13-photos.leclercdrive.fr/image.ashx?id=2294375&use=l&cat=p&typeid=i","cat":334878},{"id":62579,"n":"Bière blonde Leffe Triple 8,5% - 6x25cl","p":5.72,"u":"22,88 €/L","img":"https://fd13-photos.leclercdrive.fr/image.ashx?id=2548282&use=l&cat=p&typeid=i","cat":334852},{"id":62581,"n":"Bière aromatisée Grimbergen Cerise 5,5° - 6x25cl","p":5.53,"u":"3,69 €/L","img":"https://fd13-photos.leclercdrive.fr/image.ashx?id=2312798&use=l&cat=p&typeid=i","cat":334878},{"id":62619,"n":"Biscuits nappés Pépito Chocolat au lait - 2x192g","p":2.61,"u":"6,80 €/KG","img":"https://fd13-photos.leclercdrive.fr/image.ashx?id=2989444&use=l&cat=p&typeid=i","cat":284488},{"id":62635,"n":"Eponge Nicols Magique Magico - x3","p":1.58,"u":"0,53 €/P","img":"https://fd13-photos.leclercdrive.fr/image.ashx?id=2554424&use=l&cat=p&typeid=i","cat":284667},{"id":62667,"n":"Brosse à dents Aquafresh Medium x1","p":1.82,"img":"https://fd13-photos.leclercdrive.fr/image.ashx?id=2454013&use=l&cat=p&typeid=i","cat":284614},{"id":62668,"n":"Brosse à dents Sensodyne Extra souple x1","p":2.07,"pp":1.45,"img":"https://fd13-photos.leclercdrive.fr/image.ashx?id=2923633&use=l&cat=p&typeid=i","cat":284614},{"id":62676,"n":"Gel douche bio So Bio Etic  Karité sans sulfate - 650ml","p":5.65,"u":"8,69 €/L","img":"https://fd13-photos.leclercdrive.fr/image.ashx?id=2850593&use=l&cat=p&typeid=i","cat":284594},{"id":62681,"n":"Eau de javel Clair Parfum citron - 2L","p":0.98,"u":"0,49 €/L","img":"https://fd13-photos.leclercdrive.fr/image.ashx?id=2949206&use=l&cat=p&typeid=i","cat":284661},{"id":62682,"n":"Javel en gel Clair  Citron vert - 750ml","p":1.15,"u":"1,53 €/L","img":"https://fd13-photos.leclercdrive.fr/image.ashx?id=2389563&use=l&cat=p&typeid=i","cat":284661},{"id":62687,"n":"Spray nasal Primoplast 100% eau de mer - 150ml","p":4.42,"u":"29,47 €/L","img":"https://fd13-photos.leclercdrive.fr/image.ashx?id=2955758&use=l&cat=p&typeid=i","cat":284630},{"id":62697,"n":"Nappe damassée Homeside Blanche - 8m","p":1.63,"img":"https://fd13-photos.leclercdrive.fr/image.ashx?id=1659708&use=l&cat=p&typeid=i","cat":334134},{"id":62724,"n":"Biscuits Double Crème Oreo Vanille - 157g","p":1.29,"u":"8,22 €/KG","img":"https://fd13-photos.leclercdrive.fr/image.ashx?id=2160198&use=l&cat=p&typeid=i","cat":284488},{"id":62726,"n":"Compote bio Bio Village Bocal pomme - 625g","p":2.09,"u":"3,34 €/KG","img":"https://fd13-photos.leclercdrive.fr/image.ashx?id=1948042&use=l&cat=p&typeid=i","cat":284508},{"id":62727,"n":"Compote bio Bio Village Bocal pomme poire - 625g","p":2.1,"u":"3,36 €/KG","img":"https://fd13-photos.leclercdrive.fr/image.ashx?id=1948039&use=l&cat=p&typeid=i","cat":284508},{"id":62730,"n":"Fruits au sirop St Mamet Poires williams - 235g","p":1.92,"u":"8,17 €/KG","img":"https://fd13-photos.leclercdrive.fr/image.ashx?id=2630220&use=l&cat=p&typeid=i","cat":284507},{"id":62731,"n":"Abricots Douceur du Verger Sirop léger - 475 g","p":2.36,"u":"4,97 €/KG","img":"https://fd13-photos.leclercdrive.fr/image.ashx?id=2618235&use=l&cat=p&typeid=i","cat":284507},{"id":62733,"n":"Biscuits Choco Moo Milka Chocolat - 200g","p":1.73,"u":"8,65 €/KG","img":"https://fd13-photos.leclercdrive.fr/image.ashx?id=2990994&use=l&cat=p&typeid=i","cat":284488},{"id":62740,"n":"Lait de coco Suzi Wan  Allégé - 200ml","p":1.57,"u":"7,85 €/L","img":"https://fd13-photos.leclercdrive.fr/image.ashx?id=2892922&use=l&cat=p&typeid=i","cat":288992},{"id":62742,"n":"Gressins sésames bio Bio Village - 125g","p":1.49,"u":"11,92 €/KG","img":"https://fd13-photos.leclercdrive.fr/image.ashx?id=1944640&use=l&cat=p&typeid=i","cat":297000},{"id":62745,"n":"Palmiers bio Bio Village  Fromage - 100g","p":2.25,"u":"22,50 €/KG","img":"https://fd13-photos.leclercdrive.fr/image.ashx?id=2301574&use=l&cat=p&typeid=i","cat":297000},{"id":62749,"n":"Crackers Heudebert  Nature - 250g","p":1.32,"u":"5,28 €/KG","img":"https://fd13-photos.leclercdrive.fr/image.ashx?id=2670785&use=l&cat=p&typeid=i","cat":284479},{"id":62753,"n":"Noix de cajou Bio Village  Bio Grillées - 100g","p":2.1,"u":"21,00 €/KG","img":"https://fd13-photos.leclercdrive.fr/image.ashx?id=2664590&use=l&cat=p&typeid=i","cat":284448},{"id":62858,"n":"Biscuit Nature GERBLE  sans sucres ajoutés - 132g","p":2.1,"u":"15,91 €/KG","img":"https://fd13-photos.leclercdrive.fr/image.ashx?id=2662835&use=l&cat=p&typeid=i","cat":318653},{"id":62860,"n":"Moelleux Gerblé sans sucres Chocolat - 196g","p":3.89,"u":"19,85 €/KG","img":"https://fd13-photos.leclercdrive.fr/image.ashx?id=2812702&use=l&cat=p&typeid=i","cat":318653},{"id":62875,"n":"Confiture fraise Gerblé Sans sucres ajoutés - 320g","p":2.35,"u":"7,34 €/KG","img":"https://fd13-photos.leclercdrive.fr/image.ashx?id=2676678&use=l&cat=p&typeid=i","cat":318653},{"id":62880,"n":"Moelleux Citron GERBLE   sans sucre - 196g","p":3.18,"u":"16,22 €/KG","img":"https://fd13-photos.leclercdrive.fr/image.ashx?id=2575087&use=l&cat=p&typeid=i","cat":318653},{"id":63187,"n":"Préparation pour panna cotta  Bridélice UHT - 50cl","p":3.0,"u":"6,00 €/L","img":"https://fd13-photos.leclercdrive.fr/image.ashx?id=2639477&use=l&cat=p&typeid=i","cat":284382},{"id":63248,"n":"Biscuits fourrés Prince Maxi Chocolat - 2X250g","p":3.35,"u":"6,70 €/KG","img":"https://fd13-photos.leclercdrive.fr/image.ashx?id=2347308&use=l&cat=p&typeid=i","cat":284488},{"id":63284,"n":"AOP Champagne Canard Duchêne Charles VII Brut - 75cl","p":29.5,"pp":26.55,"u":"35,40 €/L","img":"https://fd13-photos.leclercdrive.fr/image.ashx?id=2174390&use=l&cat=p&typeid=i","cat":284542},{"id":63287,"n":"AOP Crémant de Bordeaux Malesan brut - 75cl","p":6.9,"pp":4.55,"u":"6,07 €/L","img":"https://fd13-photos.leclercdrive.fr/image.ashx?id=2497193&use=l&cat=p&typeid=i","cat":284545},{"id":63304,"n":"Pizza Crust Sodebo Classic Jambon Emmental - 600g","p":4.87,"u":"8,12 €/KG","img":"https://fd13-photos.leclercdrive.fr/image.ashx?id=3008254&use=l&cat=p&typeid=i","cat":333679},{"id":63306,"n":"Pizza Crust Sodebo Buffalo boeuf poivrons - 600g","p":5.48,"u":"9,13 €/KG","img":"https://fd13-photos.leclercdrive.fr/image.ashx?id=3011197&use=l&cat=p&typeid=i","cat":333679},{"id":63320,"n":"Rhum Vieux Agricole AOC  Martinique 40%vol - 70cl","p":23.25,"u":"33,21 €/L","img":"https://fd13-photos.leclercdrive.fr/image.ashx?id=2731075&use=l&cat=p&typeid=i","cat":284550},{"id":63504,"n":"Fromage Pavé d'Affinois 300g","p":3.58,"u":"11,93 €/KG","img":"https://fd13-photos.leclercdrive.fr/image.ashx?id=3002069&use=l&cat=p&typeid=i","cat":314033},{"id":63508,"n":"Lait 1/2 écrémé UHT  Laitik 6x1L","p":5.64,"u":"0,94 €/L","img":"https://fd13-photos.leclercdrive.fr/image.ashx?id=2929008&use=l&cat=p&typeid=i","cat":284377},{"id":63509,"n":"Lait entier UHT  Laitik Brique - 6x1L","p":7.15,"u":"1,19 €/L","img":"https://fd13-photos.leclercdrive.fr/image.ashx?id=2629377&use=l&cat=p&typeid=i","cat":285610},{"id":63520,"n":"Pizza crust Sodebo Cheesy 4 fromages - 580g","p":4.84,"u":"8,34 €/KG","img":"https://fd13-photos.leclercdrive.fr/image.ashx?id=2912098&use=l&cat=p&typeid=i","cat":333679},{"id":63521,"n":"Penne au saumon Marie Crème d'épinard - 280g","p":3.26,"u":"11,64 €/KG","img":"https://fd13-photos.leclercdrive.fr/image.ashx?id=2317519&use=l&cat=p&typeid=i","cat":333665},{"id":63528,"n":"Boisson énergisante Crazy Tiger Canette - 50cl","p":1.0,"u":"2,00 €/L","img":"https://fd13-photos.leclercdrive.fr/image.ashx?id=2859641&use=l&cat=p&typeid=i","cat":284533},{"id":63608,"n":"Chèvre fouetté Soignon Nature - 140g","p":2.12,"u":"15,14 €/KG","img":"https://fd13-photos.leclercdrive.fr/image.ashx?id=2516602&use=l&cat=p&typeid=i","cat":314029},{"id":63617,"n":"Salade Bulle fraîcheur Daunat  Jambon Emmental - 250g","p":3.48,"u":"13,92 €/KG","img":"https://fd13-photos.leclercdrive.fr/image.ashx?id=2683091&use=l&cat=p&typeid=i","cat":333657},{"id":63622,"n":"Sandwich XXL Daunat Pain suédois - jambon/cheddar","p":2.6,"u":"11,30 €/KG","img":"https://fd13-photos.leclercdrive.fr/image.ashx?id=2857383&use=l&cat=p&typeid=i","cat":333658},{"id":63674,"n":"3 poivres Ducros Moulin - 34g","p":2.6,"u":"76,47 €/KG","img":"https://fd13-photos.leclercdrive.fr/image.ashx?id=2559460&use=l&cat=p&typeid=i","cat":284457},{"id":63675,"n":"Multi Déco Vahiné 125g","p":4.73,"u":"37,84 €/KG","img":"https://fd13-photos.leclercdrive.fr/image.ashx?id=2939358&use=l&cat=p&typeid=i","cat":284504},{"id":63676,"n":"Poivre blanc moulu Ducros 36g","p":2.39,"u":"66,39 €/KG","img":"https://fd13-photos.leclercdrive.fr/image.ashx?id=2203745&use=l&cat=p&typeid=i","cat":284457},{"id":63685,"n":"4 épices moulues Ducros 37g","p":1.81,"u":"48,92 €/KG","img":"https://fd13-photos.leclercdrive.fr/image.ashx?id=2983213&use=l&cat=p&typeid=i","cat":298297},{"id":63708,"n":"Jus multifruits Joker   Fruits et légumes  - 1L","p":2.09,"u":"2,09 €/L","img":"https://fd13-photos.leclercdrive.fr/image.ashx?id=2731180&use=l&cat=p&typeid=i","cat":284917},{"id":63712,"n":"AOC Martinique Rhum blanc  Agricole HSE 40° - 1L","p":15.99,"u":"15,99 €/L","img":"https://fd13-photos.leclercdrive.fr/image.ashx?id=2902019&use=l&cat=p&typeid=i","cat":284550},{"id":63716,"n":"AOC Martinique Rhum blanc Agricole HSE 55° - 1L","p":20.02,"u":"20,02 €/L","img":"https://fd13-photos.leclercdrive.fr/image.ashx?id=2021451&use=l&cat=p&typeid=i","cat":284550},{"id":63718,"n":"Rhum Vieux agricole HSE 40° - 70cl","p":25.0,"u":"35,71 €/L","img":"https://fd13-photos.leclercdrive.fr/image.ashx?id=2475753&use=l&cat=p&typeid=i","cat":284550},{"id":63722,"n":"Liqueur Herbes Jagermeister 35° - 70cl","p":19.55,"u":"27,93 €/L","img":"https://fd13-photos.leclercdrive.fr/image.ashx?id=2474740&use=l&cat=p&typeid=i","cat":286032},{"id":63756,"n":"Pur jus Tropicana Orange Pure Premium Avec pulpe - 1L","p":2.18,"u":"2,18 €/L","img":"https://fd13-photos.leclercdrive.fr/image.ashx?id=2605668&use=l&cat=p&typeid=i","cat":284521},{"id":63759,"n":"Pur Jus Jafaden Mutlifruits - 2L","p":2.8,"u":"1,40 €/L","img":"https://fd13-photos.leclercdrive.fr/image.ashx?id=2762955&use=l&cat=p&typeid=i","cat":284917},{"id":63762,"n":"Boisson aux fruits Oasis Tropical - 6x33cl","p":3.51,"u":"1,77 €/L","img":"https://fd13-photos.leclercdrive.fr/image.ashx?id=2900812&use=l&cat=p&typeid=i","cat":295018},{"id":63765,"n":"Boisson aux fruits Oasis Orange - 6x33cl","p":3.53,"u":"1,78 €/L","img":"https://fd13-photos.leclercdrive.fr/image.ashx?id=2681718&use=l&cat=p&typeid=i","cat":295018},{"id":63768,"n":"Boisson aux fruits Oasis Pomme Cassis Framboise - 6x33cl","p":3.53,"u":"1,78 €/L","img":"https://fd13-photos.leclercdrive.fr/image.ashx?id=3014449&use=l&cat=p&typeid=i","cat":295018},{"id":63776,"n":"Sirop Moulin de Valdonne Fraise des bois - 70cl","p":3.25,"u":"4,64 €/L","img":"https://fd13-photos.leclercdrive.fr/image.ashx?id=2170589&use=l&cat=p&typeid=i","cat":295020},{"id":63794,"n":"Soda Schweppes Saveur Citron - 6x33cl","p":3.51,"u":"1,77 €/L","img":"https://fd13-photos.leclercdrive.fr/image.ashx?id=2852743&use=l&cat=p&typeid=i","cat":284532},{"id":63795,"n":"Soda Schweppes Indian Tonic - 6x33cl","p":3.5,"u":"1,77 €/L","img":"https://fd13-photos.leclercdrive.fr/image.ashx?id=2852423&use=l&cat=p&typeid=i","cat":284531},{"id":63797,"n":"Soda Schweppes Saveur Agrumes - 6x33cl","p":3.25,"u":"1,64 €/L","img":"https://fd13-photos.leclercdrive.fr/image.ashx?id=2852737&use=l&cat=p&typeid=i","cat":284532},{"id":63798,"n":"Soda Schweppes Saveur Agrumes Zero - 6x33cl","p":3.21,"u":"1,62 €/L","img":"https://fd13-photos.leclercdrive.fr/image.ashx?id=2852740&use=l&cat=p&typeid=i","cat":284532},{"id":63824,"n":"Soda Coca-Cola Zéro Sans caféine - 1.25L","p":1.4,"u":"1,12 €/L","img":"https://fd13-photos.leclercdrive.fr/image.ashx?id=3009059&use=l&cat=p&typeid=i","cat":284530},{"id":63837,"n":"Champignons Eco+ Pieds et morceaux - 230g","p":0.82,"u":"3,57 €/KG","img":"https://fd13-photos.leclercdrive.fr/image.ashx?id=2783002&use=l&cat=p&typeid=i","cat":312610},{"id":63892,"n":"Capsules café L'Or Espresso Forza N°9 x10","p":2.63,"u":"50,58 €/KG","img":"https://fd13-photos.leclercdrive.fr/image.ashx?id=2393753&use=l&cat=p&typeid=i","cat":284749},{"id":63904,"n":"Chocolat noir fleur de sel bio Grain de Sail -tablette 100g","p":3.45,"u":"34,50 €/KG","img":"https://fd13-photos.leclercdrive.fr/image.ashx?id=2400373&use=l&cat=p&typeid=i","cat":284956},{"id":63905,"n":"Chocolat noir 75% cacao bio Grain de Sail -tablette 100g","p":2.99,"u":"29,90 €/KG","img":"https://fd13-photos.leclercdrive.fr/image.ashx?id=2400361&use=l&cat=p&typeid=i","cat":284956},{"id":63906,"n":"Tablette chocolat Grain de Sail bio Chocolat noir sésame 100g","p":3.37,"u":"33,70 €/KG","img":"https://fd13-photos.leclercdrive.fr/image.ashx?id=2666201&use=l&cat=p&typeid=i","cat":284956},{"id":63907,"n":"Chocolat noir noisettes bio Grain de Sail -tablette 100g","p":2.99,"u":"29,90 €/KG","img":"https://fd13-photos.leclercdrive.fr/image.ashx?id=2399294&use=l&cat=p&typeid=i","cat":284956},{"id":63908,"n":"Chocolat noir 62% cacao bio Grain de Sail -tablette 100g","p":2.99,"u":"29,90 €/KG","img":"https://fd13-photos.leclercdrive.fr/image.ashx?id=2400358&use=l&cat=p&typeid=i","cat":284956},{"id":63910,"n":"Chocolat lait fleur de sel bio Grain de Sail -tablette - 100g","p":3.33,"u":"33,30 €/KG","img":"https://fd13-photos.leclercdrive.fr/image.ashx?id=2399288&use=l&cat=p&typeid=i","cat":284497},{"id":63911,"n":"Chocolat caramel fl.de sel bio Grain de Sail -tablette 100g","p":3.19,"u":"31,90 €/KG","img":"https://fd13-photos.leclercdrive.fr/image.ashx?id=2400367&use=l&cat=p&typeid=i","cat":284497},{"id":63912,"n":"Chocolat lait et cafél bio Grain de Sail -tablette 100g","p":3.36,"u":"33,60 €/KG","img":"https://fd13-photos.leclercdrive.fr/image.ashx?id=2400364&use=l&cat=p&typeid=i","cat":284497},{"id":63913,"n":"Chocolat lait coco bio Grain de Sail -tablette 100g","p":2.99,"u":"29,90 €/KG","img":"https://fd13-photos.leclercdrive.fr/image.ashx?id=2400370&use=l&cat=p&typeid=i","cat":284497},{"id":63916,"n":"Café moulu Coïc Mexique Bio - 250g","p":5.37,"u":"21,48 €/KG","img":"https://fd13-photos.leclercdrive.fr/image.ashx?id=2600704&use=l&cat=p&typeid=i","cat":284750},{"id":63971,"n":"Escalope cordon bleu Père dodu Poulet x4 - 400g - Familial","p":4.09,"u":"10,23 €/KG","img":"https://fd13-photos.leclercdrive.fr/image.ashx?id=2957173&use=l&cat=p&typeid=i","cat":333683},{"id":63973,"n":"Cordon Bleu Père Dodu  Poulet x8 - 800g - Maxi Format","p":7.49,"u":"9,36 €/KG","img":"https://fd13-photos.leclercdrive.fr/image.ashx?id=2957176&use=l&cat=p&typeid=i","cat":333683},{"id":63993,"n":"Crème glacée Eskiss  Douceur de vanille - 500g","p":3.35,"u":"6,70 €/KG","img":"https://fd13-photos.leclercdrive.fr/image.ashx?id=2982634&use=l&cat=p&typeid=i","cat":284263},{"id":63997,"n":"Glace gourmande Eskiss  Citron framboise - 515g","p":3.12,"u":"6,06 €/KG","img":"https://fd13-photos.leclercdrive.fr/image.ashx?id=2982637&use=l&cat=p&typeid=i","cat":284263},{"id":64029,"n":"Boisson au thé vert Fresh Tea Menthe - 1.5L","p":1.69,"u":"1,13 €/L","img":"https://fd13-photos.leclercdrive.fr/image.ashx?id=2622269&use=l&cat=p&typeid=i","cat":295019},{"id":64032,"n":"Pur jus d'orange Tropicana Sans pulpe - 2x1L","p":4.91,"u":"2,46 €/L","img":"https://fd13-photos.leclercdrive.fr/image.ashx?id=2605671&use=l&cat=p&typeid=i","cat":284521},{"id":64041,"n":"Bière blanche aromatisée 1664 Fruits rouges - 6.x25cl","p":5.55,"u":"3,70 €/L","img":"https://fd13-photos.leclercdrive.fr/image.ashx?id=2164210&use=l&cat=p&typeid=i","cat":334878},{"id":64050,"n":"Bière blonde IPA Castelain Fleur de houblon - 6.5° - 75cl","p":4.14,"u":"5,52 €/L","img":"https://fd13-photos.leclercdrive.fr/image.ashx?id=2868957&use=l&cat=p&typeid=i","cat":334872},{"id":64057,"n":"Bière Desperados Red 12x33cl","p":16.99,"u":"4,29 €/L","img":"https://fd13-photos.leclercdrive.fr/image.ashx?id=2651074&use=l&cat=p&typeid=i","cat":334878},{"id":64170,"n":"Surimi Petits Coraya Sauce mayonnaise  x21 - 210g","p":2.53,"u":"12,05 €/KG","img":"https://fd13-photos.leclercdrive.fr/image.ashx?id=2968880&use=l&cat=p&typeid=i","cat":285189},{"id":64278,"n":"Matière grasse St Hubert 41 Demi-sel - 38%MG - 500g","p":3.74,"u":"7,48 €/KG","img":"https://fd13-photos.leclercdrive.fr/image.ashx?id=2734150&use=l&cat=p&typeid=i","cat":315229},{"id":64411,"n":"Mayonnaise American Style Heinz  - 215g","p":1.79,"u":"8,33 €/KG","img":"https://fd13-photos.leclercdrive.fr/image.ashx?id=2926185&use=l&cat=p&typeid=i","cat":298295},{"id":64487,"n":"Gin Beefeater 40% vol. - 70cl","p":18.35,"u":"26,21 €/L","img":"https://fd13-photos.leclercdrive.fr/image.ashx?id=2859080&use=l&cat=p&typeid=i","cat":284550},{"id":64493,"n":"Liquide vaisselle Rainett Citron vert - 750ml","p":1.86,"u":"2,48 €/L","img":"https://fd13-photos.leclercdrive.fr/image.ashx?id=2293096&use=l&cat=p&typeid=i","cat":284655},{"id":64666,"n":"Gâteaux moelleux Kinder Délice Coeur lait enrobé Cacao - x10","p":3.22,"u":"8,26 €/KG","img":"https://fd13-photos.leclercdrive.fr/image.ashx?id=2832476&use=l&cat=p&typeid=i","cat":284495},{"id":64670,"n":"Cacahuètes Benenuts Grillées à sec - 3x100g","p":2.8,"u":"9,33 €/KG","img":"https://fd13-photos.leclercdrive.fr/image.ashx?id=2387522&use=l&cat=p&typeid=i","cat":284448},{"id":64672,"n":"Cacahuètes  Benenuts Grillées à sec - 120g","p":0.95,"u":"7,92 €/KG","img":"https://fd13-photos.leclercdrive.fr/image.ashx?id=2397857&use=l&cat=p&typeid=i","cat":284448},{"id":64680,"n":"Soupe liquide Liebig Potiron Kiri Brique - 2x30cl","p":2.38,"u":"3,97 €/L","img":"https://fd13-photos.leclercdrive.fr/image.ashx?id=2892136&use=l&cat=p&typeid=i","cat":284462},{"id":64684,"n":"Soupe liquide brique Liebig  Légumes façon Poêlée - 2x30cl","p":2.19,"u":"3,65 €/L","img":"https://fd13-photos.leclercdrive.fr/image.ashx?id=2598073&use=l&cat=p&typeid=i","cat":284462},{"id":64685,"n":"Soupe liquide Liebig  Potiron - 2x30cl","p":2.07,"u":"3,45 €/L","img":"https://fd13-photos.leclercdrive.fr/image.ashx?id=2369915&use=l&cat=p&typeid=i","cat":284462},{"id":64686,"n":"Soupe liquide brique Liebig  Velouté légumes soleil - 2x30cl","p":1.89,"u":"3,15 €/L","img":"https://fd13-photos.leclercdrive.fr/image.ashx?id=2203382&use=l&cat=p&typeid=i","cat":284462},{"id":64692,"n":"Chocolat Pâtissier Nestlé Dessert - Noir corsé - 200g","p":3.19,"u":"15,95 €/KG","img":"https://fd13-photos.leclercdrive.fr/image.ashx?id=2889895&use=l&cat=p&typeid=i","cat":285562},{"id":64840,"n":"Recharges roller Esquisse  Bleu effaçable x3","p":1.1,"img":"https://fd13-photos.leclercdrive.fr/image.ashx?id=1678763&use=l&cat=p&typeid=i","cat":284696},{"id":64889,"n":"Végétal Nuggets Garden Gourmet Soja et Blé 200g","p":2.49,"u":"12,45 €/KG","img":"https://fd13-photos.leclercdrive.fr/image.ashx?id=2963967&use=l&cat=p&typeid=i","cat":316036},{"id":64890,"n":"Bouchée Grillée Garden Gourmet Soja et Blé 175g","p":2.67,"u":"15,26 €/KG","img":"https://fd13-photos.leclercdrive.fr/image.ashx?id=2971392&use=l&cat=p&typeid=i","cat":316036},{"id":64897,"n":"Tortellini à poêler Lustucru Jambon emmental - 300g","p":2.17,"u":"7,23 €/KG","img":"https://fd13-photos.leclercdrive.fr/image.ashx?id=2792393&use=l&cat=p&typeid=i","cat":333682},{"id":64910,"n":"Secret de mousse La Laitière Citron - 4x59g","p":1.55,"u":"6,57 €/KG","img":"https://fd13-photos.leclercdrive.fr/image.ashx?id=2616532&use=l&cat=p&typeid=i","cat":284417},{"id":64913,"n":"Yaourt à boire Actimel nature et fraise - 8x100g","p":3.59,"u":"4,49 €/KG","img":"https://fd13-photos.leclercdrive.fr/image.ashx?id=2996467&use=l&cat=p&typeid=i","cat":284415},{"id":64929,"n":"Collants Body Touch Dim Voile noir - Taille 1","p":6.95,"img":"https://fd13-photos.leclercdrive.fr/image.ashx?id=2862077&use=l&cat=p&typeid=i","cat":334130},{"id":64930,"n":"Boudins noirs Brient Oignons anciens - 2x125g","p":2.63,"u":"10,52 €/KG","img":"https://fd13-photos.leclercdrive.fr/image.ashx?id=2354473&use=l&cat=p&typeid=i","cat":316012},{"id":64934,"n":"Collants Body Touch Dim Voile noir - Taille 2","p":6.95,"img":"https://fd13-photos.leclercdrive.fr/image.ashx?id=3008041&use=l&cat=p&typeid=i","cat":334130},{"id":64935,"n":"Collants Body Touch Dim Voile noir - Taille 3","p":6.95,"img":"https://fd13-photos.leclercdrive.fr/image.ashx?id=3008044&use=l&cat=p&typeid=i","cat":334130},{"id":64936,"n":"Collants Body Touch Dim Voile noir - Taille 4","p":6.95,"img":"https://fd13-photos.leclercdrive.fr/image.ashx?id=2876086&use=l&cat=p&typeid=i","cat":334130},{"id":64941,"n":"Collants Sublim brillant Dim Gazelle - Taille 2","p":5.2,"img":"https://fd13-photos.leclercdrive.fr/image.ashx?id=2183440&use=l&cat=p&typeid=i","cat":334130},{"id":64942,"n":"Colllants Sublim brillant Dim Gazelle - Taille 3","p":5.2,"img":"https://fd13-photos.leclercdrive.fr/image.ashx?id=2183443&use=l&cat=p&typeid=i","cat":334130},{"id":64943,"n":"Collants Sublim brillant Dim Gazelle - Taille 4","p":5.2,"img":"https://fd13-photos.leclercdrive.fr/image.ashx?id=2183446&use=l&cat=p&typeid=i","cat":334130},{"id":64946,"n":"Collants Diam's Dim Voile galbe Noir - Taille 1","p":6.2,"img":"https://fd13-photos.leclercdrive.fr/image.ashx?id=2497076&use=l&cat=p&typeid=i","cat":334130},{"id":64947,"n":"Collants Diam's Dim Voile galbe Noir - Taille 2","p":6.2,"img":"https://fd13-photos.leclercdrive.fr/image.ashx?id=2497079&use=l&cat=p&typeid=i","cat":334130},{"id":64948,"n":"Collants Diam's Dim Voile galbe Noir - Taille 3","p":6.2,"img":"https://fd13-photos.leclercdrive.fr/image.ashx?id=2497082&use=l&cat=p&typeid=i","cat":334130},{"id":64949,"n":"Collants Diam's Dim Voile galbe Noir - Taille 4","p":6.2,"img":"https://fd13-photos.leclercdrive.fr/image.ashx?id=2534656&use=l&cat=p&typeid=i","cat":334130},{"id":64964,"n":"Eau minérale gazeuse Quezac 6x1.15L","p":2.81,"u":"0,41 €/L","img":"https://fd13-photos.leclercdrive.fr/image.ashx?id=2975341&use=l&cat=p&typeid=i","cat":284536},{"id":64969,"n":"Cornets La Basquaise Assortis - 14x60g","p":1.9,"u":"2,26 €/KG","img":"https://fd13-photos.leclercdrive.fr/image.ashx?id=2542351&use=l&cat=p&typeid=i","cat":284487},{"id":64980,"n":"Parmentier de canard  Maison Tino - 750g","p":8.95,"u":"11,93 €/KG","img":"https://fd13-photos.leclercdrive.fr/image.ashx?id=2554656&use=l&cat=p&typeid=i","cat":333666},{"id":64983,"n":"Parmentier de boeuf Maison Tino -  750g","p":9.98,"u":"13,31 €/KG","img":"https://fd13-photos.leclercdrive.fr/image.ashx?id=2554650&use=l&cat=p&typeid=i","cat":333666},{"id":64984,"n":"Lasagne de Boeuf  Maison Tino - 900g","p":9.17,"u":"10,19 €/KG","img":"https://fd13-photos.leclercdrive.fr/image.ashx?id=2681829&use=l&cat=p&typeid=i","cat":333666},{"id":65009,"n":"Intercalaires Exacompta Extra larges 230x297 x12","p":1.96,"img":"https://fd13-photos.leclercdrive.fr/image.ashx?id=1780520&use=l&cat=p&typeid=i","cat":284745},{"id":65044,"n":"Biscuits petit déjeuner Belvita Miel & pépites chocolat - 435g","p":2.61,"u":"6,00 €/KG","img":"https://fd13-photos.leclercdrive.fr/image.ashx?id=2989441&use=l&cat=p&typeid=i","cat":284491},{"id":65048,"n":"Barres céréales Grany Fraises framboises - 108g","p":1.75,"u":"16,20 €/KG","img":"https://fd13-photos.leclercdrive.fr/image.ashx?id=2834350&use=l&cat=p&typeid=i","cat":285869},{"id":65061,"n":"Eau aromatisée Volvic zest  citron vert citron - 1,5L","p":1.37,"u":"0,91 €/L","img":"https://fd13-photos.leclercdrive.fr/image.ashx?id=2730259&use=l&cat=p&typeid=i","cat":284537},{"id":65251,"n":"Collants Diam's Dim Ventre plat Noir - Taille 1","p":9.95,"img":"https://fd13-photos.leclercdrive.fr/image.ashx?id=2636796&use=l&cat=p&typeid=i","cat":334130},{"id":65253,"n":"Collants Diam's Dim Ventre plat Noir - Taille 2","p":9.95,"img":"https://fd13-photos.leclercdrive.fr/image.ashx?id=2636799&use=l&cat=p&typeid=i","cat":334130},{"id":65255,"n":"Collants Diam's Dim Ventre plat Noir - Taille 3","p":9.95,"img":"https://fd13-photos.leclercdrive.fr/image.ashx?id=2636802&use=l&cat=p&typeid=i","cat":334130},{"id":65257,"n":"Collants Diam's Dim Ventre plat Noir - Taille 4","p":9.95,"img":"https://fd13-photos.leclercdrive.fr/image.ashx?id=2636808&use=l&cat=p&typeid=i","cat":334130},{"id":65292,"n":"Collants Well Elastivoile Affinant Ibiza T1","p":5.5,"img":"https://fd13-photos.leclercdrive.fr/image.ashx?id=2056455&use=l&cat=p&typeid=i","cat":334130},{"id":65293,"n":"Collants Well Elastivoile Affinant Ibiza  T2","p":5.5,"img":"https://fd13-photos.leclercdrive.fr/image.ashx?id=2056458&use=l&cat=p&typeid=i","cat":334130},{"id":65294,"n":"Collants Well Elastivoile Affinant Ibiza T3","p":5.5,"img":"https://fd13-photos.leclercdrive.fr/image.ashx?id=2056461&use=l&cat=p&typeid=i","cat":334130},{"id":65295,"n":"Collants Well Elastivoile Affinant Ibiza T4","p":5.5,"img":"https://fd13-photos.leclercdrive.fr/image.ashx?id=2056464&use=l&cat=p&typeid=i","cat":334130},{"id":65297,"n":"Collant Well Morphologie  Regular Opaque noir / -1m65","p":6.5,"img":"https://fd13-photos.leclercdrive.fr/image.ashx?id=2254736&use=l&cat=p&typeid=i","cat":334130},{"id":65299,"n":"Collants Well Morphologie Form Opaque noir / -1m65","p":6.5,"img":"https://fd13-photos.leclercdrive.fr/image.ashx?id=2193236&use=l&cat=p&typeid=i","cat":334130},{"id":65303,"n":"Collant Well Morphologie  Regular Opaque noir / +1m65","p":6.5,"img":"https://fd13-photos.leclercdrive.fr/image.ashx?id=2254739&use=l&cat=p&typeid=i","cat":334130},{"id":65304,"n":"Collant Well Morphologie Form Opaque noir / +1m65","p":6.5,"img":"https://fd13-photos.leclercdrive.fr/image.ashx?id=2193236&use=l&cat=p&typeid=i","cat":334130},{"id":65305,"n":"Collants Modacolors Le Bourget Opaque noir T1/2","p":5.95,"img":"https://fd13-photos.leclercdrive.fr/image.ashx?id=2056566&use=l&cat=p&typeid=i","cat":334130},{"id":65336,"n":"Café dosettes Tassimo L'Or Espresso Splendente x16","p":4.87,"u":"43,48 €/KG","img":"https://fd13-photos.leclercdrive.fr/image.ashx?id=2853404&use=l&cat=p&typeid=i","cat":293240},{"id":65337,"n":"Epices pour fajitas Old El Paso doux - 30g","p":1.3,"u":"43,33 €/KG","img":"https://fd13-photos.leclercdrive.fr/image.ashx?id=2737702&use=l&cat=p&typeid=i","cat":288993},{"id":65341,"n":"Bonbons LUTTI Koala Guimauve Chocolat - 185g","p":1.42,"u":"7,68 €/KG","img":"https://fd13-photos.leclercdrive.fr/image.ashx?id=2806147&use=l&cat=p&typeid=i","cat":304250},{"id":65342,"n":"Bonbons LUTTI Surffizz Piquants Fruits - 200g","p":1.04,"u":"5,20 €/KG","img":"https://fd13-photos.leclercdrive.fr/image.ashx?id=2806144&use=l&cat=p&typeid=i","cat":304250},{"id":65366,"n":"Bière blonde Affligem Pack 6.7% vol. - 20x25cl","p":15.28,"u":"3,06 €/L","img":"https://fd13-photos.leclercdrive.fr/image.ashx?id=2774274&use=l&cat=p&typeid=i","cat":334852},{"id":65904,"n":"Liniment Mots d'Enfants 500ml","p":3.9,"u":"7,80 €/L","img":"https://fd13-photos.leclercdrive.fr/image.ashx?id=2290721&use=l&cat=p&typeid=i","cat":284741},{"id":65932,"n":"Pizza Dolce Sodebo Capri chèvre coppa - 380g","p":4.03,"u":"10,61 €/KG","img":"https://fd13-photos.leclercdrive.fr/image.ashx?id=2889412&use=l&cat=p&typeid=i","cat":333679},{"id":65950,"n":"Gel toilette intime Doulys 200ml","p":2.47,"u":"12,35 €/L","img":"https://fd13-photos.leclercdrive.fr/image.ashx?id=1703245&use=l&cat=p&typeid=i","cat":284627},{"id":65970,"n":"Crème légère fluide Bridélice 12%MG - 3x20cl","p":2.43,"u":"4,05 €/L","img":"https://fd13-photos.leclercdrive.fr/image.ashx?id=2904736&use=l&cat=p&typeid=i","cat":284381},{"id":65972,"n":"Poires Douceur du Verger Sirop léger - 225 g","p":1.29,"u":"5,73 €/KG","img":"https://fd13-photos.leclercdrive.fr/image.ashx?id=2531292&use=l&cat=p&typeid=i","cat":284507},{"id":65973,"n":"Abricots Douceur du Verger Sirop léger - 235 g","p":1.46,"u":"6,21 €/KG","img":"https://fd13-photos.leclercdrive.fr/image.ashx?id=2622891&use=l&cat=p&typeid=i","cat":284507},{"id":65977,"n":"Bière aromatisée Mûre Myrtille  4,5°- 6x25cl","p":4.61,"u":"3,07 €/L","img":"https://fd13-photos.leclercdrive.fr/image.ashx?id=2164213&use=l&cat=p&typeid=i","cat":334878},{"id":66245,"n":"Bougies d'anniversaire Vahiné Roses - blister de 16 bougies","p":1.58,"u":"0,10 €/P","img":"https://fd13-photos.leclercdrive.fr/image.ashx?id=1209488&use=l&cat=p&typeid=i","cat":284504},{"id":66257,"n":"Colin pané Alaska Cité Marine MSC - 220g","p":3.51,"u":"15,95 €/KG","img":"https://fd13-photos.leclercdrive.fr/image.ashx?id=1908760&use=l&cat=p&typeid=i","cat":284344},{"id":66279,"n":"Roquefort AOP Les croisés - 32%mg - 100g","p":2.15,"u":"21,50 €/KG","img":"https://fd13-photos.leclercdrive.fr/image.ashx?id=2562885&use=l&cat=p&typeid=i","cat":314032},{"id":66284,"n":"Saucisson sec Saint-Azay 30 tranches - 100g","p":1.43,"u":"14,30 €/KG","img":"https://fd13-photos.leclercdrive.fr/image.ashx?id=2907213&use=l&cat=p&typeid=i","cat":316007},{"id":66289,"n":"Barre Chocolat Noisettes Nuts x6 barres - 252g","p":3.15,"u":"12,50 €/KG","img":"https://fd13-photos.leclercdrive.fr/image.ashx?id=2991006&use=l&cat=p&typeid=i","cat":284498},{"id":66290,"n":"Saucisson sec saint-Azay Au comté - 30 tranches - 100g","p":2.33,"u":"23,30 €/P","img":"https://fd13-photos.leclercdrive.fr/image.ashx?id=2753481&use=l&cat=p&typeid=i","cat":316007},{"id":66293,"n":"Eau aromatisée Volvic juicy jus de fraise - 6x50cl","p":4.57,"u":"1,52 €/L","img":"https://fd13-photos.leclercdrive.fr/image.ashx?id=2961996&use=l&cat=p&typeid=i","cat":284537},{"id":66356,"n":"Café Soluble Nescafé  Cappuccino Classique - 280g","p":4.34,"u":"15,50 €/KG","img":"https://fd13-photos.leclercdrive.fr/image.ashx?id=2918044&use=l&cat=p&typeid=i","cat":284843},{"id":66359,"n":"Café moulu Jacques Vabre Colombie 100% Arabica - 250g","p":4.39,"u":"17,56 €/KG","img":"https://fd13-photos.leclercdrive.fr/image.ashx?id=2570754&use=l&cat=p&typeid=i","cat":284750},{"id":66366,"n":"Déodorant compressé Sanex  Zéro % Extra control - 100ml","p":3.0,"u":"30,00 €/L","img":"https://fd13-photos.leclercdrive.fr/image.ashx?id=2664274&use=l&cat=p&typeid=i","cat":284618},{"id":66385,"n":"Démaquillant yeux Inell Waterproof bi-phase - 150ml","p":1.98,"u":"13,20 €/L","img":"https://fd13-photos.leclercdrive.fr/image.ashx?id=1962713&use=l&cat=p&typeid=i","cat":284603},{"id":66417,"n":"Biscuits Mikado LU Chocolat au lait - 300g","p":4.61,"u":"15,37 €/KG","img":"https://fd13-photos.leclercdrive.fr/image.ashx?id=2347284&use=l&cat=p&typeid=i","cat":284488},{"id":66527,"n":"Fromage Le Vieux Pané Finement typé - 200g","p":2.87,"u":"14,35 €/KG","img":"https://fd13-photos.leclercdrive.fr/image.ashx?id=2770380&use=l&cat=p&typeid=i","cat":329558},{"id":66555,"n":"Café moulu Bio Village Bio Ethiopie - 250g","p":4.35,"u":"17,40 €/KG","img":"https://fd13-photos.leclercdrive.fr/image.ashx?id=2468876&use=l&cat=p&typeid=i","cat":284750},{"id":66602,"n":"Nectar Douceur Cidou Orange - 1.75L","p":3.56,"u":"2,03 €/L","img":"https://fd13-photos.leclercdrive.fr/image.ashx?id=2342499&use=l&cat=p&typeid=i","cat":284521},{"id":66603,"n":"Nectar Douceur Cidou Multifruits - 1.75L","p":2.73,"u":"1,56 €/L","img":"https://fd13-photos.leclercdrive.fr/image.ashx?id=2342502&use=l&cat=p&typeid=i","cat":284917},{"id":66651,"n":"Doonuts nappés St Michel 180g","p":1.55,"u":"8,61 €/KG","img":"https://fd13-photos.leclercdrive.fr/image.ashx?id=2928495&use=l&cat=p&typeid=i","cat":284495},{"id":66652,"n":"Doonuts marbrés St Michel 180g","p":1.72,"u":"9,56 €/KG","img":"https://fd13-photos.leclercdrive.fr/image.ashx?id=2962299&use=l&cat=p&typeid=i","cat":284495},{"id":66695,"n":"Vin blanc Mâcon villages L'Aurore - 75cl","p":7.5,"pp":5.25,"u":"7,00 €/L","img":"https://fd13-photos.leclercdrive.fr/image.ashx?id=2956373&use=l&cat=p&typeid=i","cat":289557},{"id":66746,"n":"Tomme de brebis Lou Pérac Fromage de brebis - 200g","p":4.09,"u":"20,45 €/KG","img":"https://fd13-photos.leclercdrive.fr/image.ashx?id=2758840&use=l&cat=p&typeid=i","cat":329184},{"id":66747,"n":"Ma Crème anglaise Bridélice UHT - 50cl","p":1.77,"u":"3,54 €/L","img":"https://fd13-photos.leclercdrive.fr/image.ashx?id=2643086&use=l&cat=p&typeid=i","cat":284382},{"id":66751,"n":"Boisson à l'amande Végé 1L Végé - 200g","p":1.85,"u":"1,85 €/L","img":"https://fd13-photos.leclercdrive.fr/image.ashx?id=2874699&use=l&cat=p&typeid=i","cat":316067},{"id":66752,"n":"Boisson au riz Végé 1L Végé - 200g","p":1.55,"u":"1,55 €/L","img":"https://fd13-photos.leclercdrive.fr/image.ashx?id=2852112&use=l&cat=p&typeid=i","cat":316067},{"id":66754,"n":"Boisson a l'avoine Végé 1L Végé - 200g","p":1.47,"u":"1,47 €/L","img":"https://fd13-photos.leclercdrive.fr/image.ashx?id=2869501&use=l&cat=p&typeid=i","cat":316067},{"id":66755,"n":"Boisson à la noisette Végé 1L Végé - 200g","p":1.79,"u":"1,79 €/L","img":"https://fd13-photos.leclercdrive.fr/image.ashx?id=2869504&use=l&cat=p&typeid=i","cat":316067},{"id":66756,"n":"Calzone Turini Jambon fromage gratinée 380g","p":3.09,"u":"8,13 €/KG","img":"https://fd13-photos.leclercdrive.fr/image.ashx?id=2289165&use=l&cat=p&typeid=i","cat":333679},{"id":66757,"n":"Soja cuisine Bio Bio Village Végétal - 25cl","p":0.95,"u":"3,80 €/L","img":"https://fd13-photos.leclercdrive.fr/image.ashx?id=2791060&use=l&cat=p&typeid=i","cat":316069},{"id":66764,"n":"Olives Couleur Vives A l'oriental - 150g","p":1.99,"u":"13,27 €/KG","img":"https://fd13-photos.leclercdrive.fr/image.ashx?id=2601289&use=l&cat=p&typeid=i","cat":316002},{"id":66803,"n":"Biscuits Nutella B-ready Cacao noisettes - 330g","p":3.99,"u":"12,09 €/KG","img":"https://fd13-photos.leclercdrive.fr/image.ashx?id=2770599&use=l&cat=p&typeid=i","cat":284488},{"id":66804,"n":"Biscuits Nutella B-ready Cacao Noisettes - 220g","p":2.77,"u":"12,59 €/KG","img":"https://fd13-photos.leclercdrive.fr/image.ashx?id=2630784&use=l&cat=p&typeid=i","cat":284488},{"id":66809,"n":"Gousses vanille Vahiné  3g","p":4.97,"img":"https://fd13-photos.leclercdrive.fr/image.ashx?id=2524314&use=l&cat=p&typeid=i","cat":284504},{"id":66811,"n":"Tablette de chocolat Côte d'Or Lait Noisettes - 2x180g","p":6.74,"u":"18,72 €/KG","img":"https://fd13-photos.leclercdrive.fr/image.ashx?id=2850231&use=l&cat=p&typeid=i","cat":284497},{"id":66815,"n":"Lait 1/2 écrémé UHT Laitik 1L","p":0.95,"u":"0,95 €/L","img":"https://fd13-photos.leclercdrive.fr/image.ashx?id=2446113&use=l&cat=p&typeid=i","cat":284377},{"id":66834,"n":"Gel coiffant Vitanove Fixation extrême - 250ml","p":1.62,"u":"6,48 €/L","img":"https://fd13-photos.leclercdrive.fr/image.ashx?id=2294342&use=l&cat=p&typeid=i","cat":284609},{"id":66837,"n":"Gel coiffant Vitanove  Fixation extra forte - 250ml","p":1.21,"u":"4,84 €/L","img":"https://fd13-photos.leclercdrive.fr/image.ashx?id=1957096&use=l&cat=p&typeid=i","cat":284609},{"id":66838,"n":"Gel coiffant Vitanove  Fixation béton - 250ml","p":1.61,"u":"6,44 €/L","img":"https://fd13-photos.leclercdrive.fr/image.ashx?id=1452728&use=l&cat=p&typeid=i","cat":284609},{"id":66841,"n":"Déodorant bille Manava Grenade - 50ml","p":0.99,"u":"19,80 €/L","img":"https://fd13-photos.leclercdrive.fr/image.ashx?id=2481234&use=l&cat=p&typeid=i","cat":284595},{"id":66843,"n":"Bandes de cire froide Siliss Visage - x32","p":2.17,"u":"0,07 €/P","img":"https://fd13-photos.leclercdrive.fr/image.ashx?id=2699708&use=l&cat=p&typeid=i","cat":325351},{"id":66844,"n":"Bandes de cire froide Siliss Jambes - x20","p":2.29,"u":"0,11 €/P","img":"https://fd13-photos.leclercdrive.fr/image.ashx?id=2699705&use=l&cat=p&typeid=i","cat":325351},{"id":66849,"n":"Dessert bébé lacté Blédina 6m Banane - 6x55g","p":2.05,"u":"6,21 €/KG","img":"https://fd13-photos.leclercdrive.fr/image.ashx?id=2952454&use=l&cat=p&typeid=i","cat":312392},{"id":66965,"n":"Matière grasse Primevere Oméga 3 - 55% - 500g","p":2.93,"u":"5,86 €/KG","img":"https://fd13-photos.leclercdrive.fr/image.ashx?id=2939328&use=l&cat=p&typeid=i","cat":315229},{"id":66967,"n":"Matière grasse Primevere 63%MG - oméga 3 - 500g","p":3.08,"u":"6,16 €/KG","img":"https://fd13-photos.leclercdrive.fr/image.ashx?id=2936044&use=l&cat=p&typeid=i","cat":315229},{"id":66968,"n":"Beurre tendre Président Doux - 82% MG - 250g","p":3.15,"u":"12,60 €/KG","img":"https://fd13-photos.leclercdrive.fr/image.ashx?id=2811944&use=l&cat=p&typeid=i","cat":284379},{"id":66969,"n":"Pommes de terre Notre Jardin En lamelle - 500g","p":1.37,"u":"2,74 €/KG","img":"https://fd13-photos.leclercdrive.fr/image.ashx?id=2670335&use=l&cat=p&typeid=i","cat":284352},{"id":66974,"n":"Quart de jambon sec Saint Azay 18 tranches - 220g","p":2.84,"u":"12,91 €/KG","img":"https://fd13-photos.leclercdrive.fr/image.ashx?id=2874386&use=l&cat=p&typeid=i","cat":316007},{"id":66981,"n":"Truite fumée de bretagne Ovive 120g","p":5.93,"u":"49,42 €/KG","img":"https://fd13-photos.leclercdrive.fr/image.ashx?id=2780304&use=l&cat=p&typeid=i","cat":285188},{"id":66982,"n":"Truite eau douce Ronde des Mers x4 tranches - 100g","p":3.24,"u":"32,40 €/KG","img":"https://fd13-photos.leclercdrive.fr/image.ashx?id=2839924&use=l&cat=p&typeid=i","cat":285188},{"id":66989,"n":"Yaourt bifidus Activia céréales noix - 4x120g","p":2.11,"u":"4,40 €/KG","img":"https://fd13-photos.leclercdrive.fr/image.ashx?id=2901623&use=l&cat=p&typeid=i","cat":315000},{"id":66990,"n":"Yaourt bifidus Activia céréales muesli - 4x120g","p":2.05,"u":"4,27 €/KG","img":"https://fd13-photos.leclercdrive.fr/image.ashx?id=2901620&use=l&cat=p&typeid=i","cat":315000},{"id":67071,"n":"Fromage Maroilles Fauquet  Quart AOP - 210g","p":3.13,"u":"14,90 €/KG","img":"https://fd13-photos.leclercdrive.fr/image.ashx?id=2834509&use=l&cat=p&typeid=i","cat":329558},{"id":67090,"n":"Soupe Doux Plaisir Liebig  Légumes et kiri - 1L","p":2.61,"u":"2,61 €/L","img":"https://fd13-photos.leclercdrive.fr/image.ashx?id=2186706&use=l&cat=p&typeid=i","cat":284462},{"id":67091,"n":"Soupe Liquide Bio Liebig Mouliné de Légumes Brique - 1L","p":2.79,"u":"2,79 €/L","img":"https://fd13-photos.leclercdrive.fr/image.ashx?id=2939202&use=l&cat=p&typeid=i","cat":284462},{"id":67168,"n":"Yaourt à boire Actimel fruits pêche gelée royale - 12x100g","p":4.9,"u":"4,08 €/KG","img":"https://fd13-photos.leclercdrive.fr/image.ashx?id=2996473&use=l&cat=p&typeid=i","cat":284415},{"id":67305,"n":"Cordon de poulet Maître Coq A la Normande - 800g","p":8.4,"u":"10,50 €/KG","img":"https://fd13-photos.leclercdrive.fr/image.ashx?id=2426935&use=l&cat=p&typeid=i","cat":333683},{"id":67378,"n":"Sirop Eco+ Grenadine - 1L","p":1.72,"u":"1,72 €/L","img":"https://fd13-photos.leclercdrive.fr/image.ashx?id=2901419&use=l&cat=p&typeid=i","cat":295020},{"id":67392,"n":"Boisson aux fruits gazeuses Pulpe orange - 1,5L","p":1.17,"u":"0,78 €/L","img":"https://fd13-photos.leclercdrive.fr/image.ashx?id=2754198&use=l&cat=p&typeid=i","cat":284532},{"id":67393,"n":"Beurre gastronomique Président Doux - 82% MG - 250g","p":2.79,"u":"11,16 €/KG","img":"https://fd13-photos.leclercdrive.fr/image.ashx?id=3011104&use=l&cat=p&typeid=i","cat":284379},{"id":67421,"n":"Soupe Bio Mouliné Knorr Légumes du potager - 1L","p":3.23,"u":"3,23 €/L","img":"https://fd13-photos.leclercdrive.fr/image.ashx?id=2312578&use=l&cat=p&typeid=i","cat":284462},{"id":67459,"n":"Haricots blancs Eco+ 530g","p":0.95,"u":"1,79 €/KG","img":"https://fd13-photos.leclercdrive.fr/image.ashx?id=3003717&use=l&cat=p&typeid=i","cat":312606},{"id":67460,"n":"Champignons Pieds morceaux - 460g","p":1.44,"u":"3,13 €/KG","img":"https://fd13-photos.leclercdrive.fr/image.ashx?id=2783005&use=l&cat=p&typeid=i","cat":312610},{"id":67461,"n":"Patafix Uhu Blanc - 80 pastilles","p":2.39,"img":"https://fd13-photos.leclercdrive.fr/image.ashx?id=1551440&use=l&cat=p&typeid=i","cat":334133},{"id":67522,"n":"Chili con carne Côté Table Au piment de Cayenne - 400g","p":1.65,"u":"4,13 €/KG","img":"https://fd13-photos.leclercdrive.fr/image.ashx?id=2977174&use=l&cat=p&typeid=i","cat":325094},{"id":67568,"n":"Curry moulu Rustica 42g","p":0.55,"u":"13,10 €/KG","img":"https://fd13-photos.leclercdrive.fr/image.ashx?id=2772975&use=l&cat=p&typeid=i","cat":298297},{"id":67569,"n":"Oignon semoule Rustica Déshydraté - 30g","p":1.02,"u":"34,00 €/KG","img":"https://fd13-photos.leclercdrive.fr/image.ashx?id=2772978&use=l&cat=p&typeid=i","cat":298297},{"id":67570,"n":"Poivre noir moulu Rustica Indonésie - 38g","p":0.81,"u":"21,32 €/KG","img":"https://fd13-photos.leclercdrive.fr/image.ashx?id=2797793&use=l&cat=p&typeid=i","cat":284457},{"id":67572,"n":"Ciboulette Rustica 4g","p":0.43,"u":"107,50 €/KG","img":"https://fd13-photos.leclercdrive.fr/image.ashx?id=2772990&use=l&cat=p&typeid=i","cat":298297},{"id":67573,"n":"Cumin moulu Rustica 32g","p":0.59,"u":"18,44 €/KG","img":"https://fd13-photos.leclercdrive.fr/image.ashx?id=2772963&use=l&cat=p&typeid=i","cat":298297},{"id":67585,"n":"Baby Carottes 450g","p":3.5,"u":"7,78 €/KG","img":"https://fd13-photos.leclercdrive.fr/image.ashx?id=2786498&use=l&cat=p&typeid=i","cat":284352},{"id":67620,"n":"Persil Rustica 5g","p":0.39,"u":"78,00 €/KG","img":"https://fd13-photos.leclercdrive.fr/image.ashx?id=2772969&use=l&cat=p&typeid=i","cat":298297},{"id":67621,"n":"Paprika doux moulu Rustica  40g","p":0.49,"u":"12,25 €/KG","img":"https://fd13-photos.leclercdrive.fr/image.ashx?id=2772966&use=l&cat=p&typeid=i","cat":298297},{"id":67622,"n":"Thym Rustica 14g","p":0.4,"u":"28,57 €/KG","img":"https://fd13-photos.leclercdrive.fr/image.ashx?id=2797784&use=l&cat=p&typeid=i","cat":298297},{"id":67652,"n":"Poivre gris moulu Flacon - 36g","p":1.11,"u":"30,83 €/KG","img":"https://fd13-photos.leclercdrive.fr/image.ashx?id=2797778&use=l&cat=p&typeid=i","cat":284457},{"id":67653,"n":"Gingembre moulu Rustica 27g","p":1.19,"u":"44,07 €/KG","img":"https://fd13-photos.leclercdrive.fr/image.ashx?id=2797796&use=l&cat=p&typeid=i","cat":298297},{"id":67667,"n":"Purée de tomate Panzani Tomacouli nature - 500g","p":0.93,"u":"1,86 €/KG","img":"https://fd13-photos.leclercdrive.fr/image.ashx?id=2979623&use=l&cat=p&typeid=i","cat":288384},{"id":67678,"n":"Curcuma moulu Rustica 37g","p":0.66,"u":"17,84 €/KG","img":"https://fd13-photos.leclercdrive.fr/image.ashx?id=2772981&use=l&cat=p&typeid=i","cat":298297},{"id":67679,"n":"Estragon Rustica 7g","p":0.79,"u":"112,86 €/KG","img":"https://fd13-photos.leclercdrive.fr/image.ashx?id=2772993&use=l&cat=p&typeid=i","cat":298297},{"id":67680,"n":"Herbes de provence Rustica 120g","p":2.6,"u":"21,67 €/KG","img":"https://fd13-photos.leclercdrive.fr/image.ashx?id=1210392&use=l&cat=p&typeid=i","cat":298297},{"id":67681,"n":"Herbes de Provence Rustica 18g","p":0.41,"u":"22,78 €/KG","img":"https://fd13-photos.leclercdrive.fr/image.ashx?id=2772972&use=l&cat=p&typeid=i","cat":298297},{"id":67682,"n":"Noix de Muscade Rustica Moulue - 32g","p":1.26,"u":"39,38 €/KG","img":"https://fd13-photos.leclercdrive.fr/image.ashx?id=2772996&use=l&cat=p&typeid=i","cat":298297},{"id":67683,"n":"Persillade Rustica 95g","p":1.74,"u":"18,32 €/KG","img":"https://fd13-photos.leclercdrive.fr/image.ashx?id=2932668&use=l&cat=p&typeid=i","cat":298297},{"id":67695,"n":"Café moulu Lobodis  Guatemala - 260g","p":5.99,"u":"23,04 €/KG","img":"https://fd13-photos.leclercdrive.fr/image.ashx?id=2638895&use=l&cat=p&typeid=i","cat":284750},{"id":67712,"n":"Yaourts nature Délisse Au lait chèvre - 4x125g","p":1.84,"u":"3,68 €/KG","img":"https://fd13-photos.leclercdrive.fr/image.ashx?id=1847192&use=l&cat=p&typeid=i","cat":314998},{"id":67807,"n":"Nettoyant spray Clair Javel - Cuisine - 750ml","p":1.73,"u":"2,31 €/L","img":"https://fd13-photos.leclercdrive.fr/image.ashx?id=2840479&use=l&cat=p&typeid=i","cat":325357},{"id":67858,"n":"Fromage à tartiner Madame Loïk Fouetté Figue Noix - 150g","p":1.6,"u":"10,67 €/KG","img":"https://fd13-photos.leclercdrive.fr/image.ashx?id=2986512&use=l&cat=p&typeid=i","cat":314029},{"id":67875,"n":"The Pik Box Haribo Boîte bonbons acidulés - 550g","p":4.64,"u":"8,44 €/KG","img":"https://fd13-photos.leclercdrive.fr/image.ashx?id=2805219&use=l&cat=p&typeid=i","cat":304250},{"id":67879,"n":"Champagne Brut Mumm Demi bouteille 12%vol - 37.5cl","p":16.72,"u":"44,59 €/L","img":"https://fd13-photos.leclercdrive.fr/image.ashx?id=2998910&use=l&cat=p&typeid=i","cat":284542},{"id":67885,"n":"Crème fraîche épaisse Président Entière 30%mg - 45cl","p":2.27,"u":"5,04 €/L","img":"https://fd13-photos.leclercdrive.fr/image.ashx?id=2971948&use=l&cat=p&typeid=i","cat":284381},{"id":67896,"n":"Gel Douche Le Petit Marseillais  Pin et criste marine - 250ml","p":1.47,"u":"5,88 €/L","img":"https://fd13-photos.leclercdrive.fr/image.ashx?id=2676452&use=l&cat=p&typeid=i","cat":284594},{"id":67915,"n":"Baby carottes Florette 250g","p":2.25,"u":"9,00 €/KG","img":"https://fd13-photos.leclercdrive.fr/image.ashx?id=2786492&use=l&cat=p&typeid=i","cat":284352},{"id":67916,"n":"Croq' Radis Florette Sachet 200g","p":2.52,"u":"12,60 €/KG","img":"https://fd13-photos.leclercdrive.fr/image.ashx?id=2859344&use=l&cat=p&typeid=i","cat":284352},{"id":68010,"n":"Crème dessert Bio Les 2 vaches Vanille - 4x95g","p":1.79,"u":"4,71 €/KG","img":"https://fd13-photos.leclercdrive.fr/image.ashx?id=2774015&use=l&cat=p&typeid=i","cat":285041},{"id":68012,"n":"Crème dessert Bio Les 2 vaches Chocolat - 4x95g","p":1.74,"u":"4,58 €/KG","img":"https://fd13-photos.leclercdrive.fr/image.ashx?id=2774100&use=l&cat=p&typeid=i","cat":285041},{"id":68069,"n":"Soda 7up Citron - Citron Vert Le lot de 4x1.5L Seven up","p":4.6,"u":"0,77 €/L","img":"https://fd13-photos.leclercdrive.fr/image.ashx?id=2689607&use=l&cat=p&typeid=i","cat":284531},{"id":68088,"n":"Cannelle Rustica 39g","p":0.88,"u":"22,56 €/KG","img":"https://fd13-photos.leclercdrive.fr/image.ashx?id=2772960&use=l&cat=p&typeid=i","cat":298297},{"id":68090,"n":"Champignons Bio Village Bio Emincés - 170g","p":2.25,"u":"13,24 €/KG","img":"https://fd13-photos.leclercdrive.fr/image.ashx?id=2401201&use=l&cat=p&typeid=i","cat":312610},{"id":68093,"n":"Champignons Paris Notre Jardin Entiers - 2x115g","p":1.82,"u":"7,91 €/KG","img":"https://fd13-photos.leclercdrive.fr/image.ashx?id=2724699&use=l&cat=p&typeid=i","cat":312610},{"id":68095,"n":"Yaourt à la grecque YAOS Nature lit de fraises 4x125g","p":2.51,"u":"5,02 €/KG","img":"https://fd13-photos.leclercdrive.fr/image.ashx?id=2729734&use=l&cat=p&typeid=i","cat":314999},{"id":68097,"n":"Yaourt à la grecque YAOS Citron - 4x125g","p":2.76,"u":"5,52 €/KG","img":"https://fd13-photos.leclercdrive.fr/image.ashx?id=2578672&use=l&cat=p&typeid=i","cat":314999},{"id":68114,"n":"Pastilles peinture Maped A l'eau 30mm - x12","p":5.83,"u":"0,49 €/P","img":"https://fd13-photos.leclercdrive.fr/image.ashx?id=2489380&use=l&cat=p&typeid=i","cat":334133},{"id":68158,"n":"Lardons fumés 1kg","p":7.18,"u":"7,18 €/KG","img":"https://fd13-photos.leclercdrive.fr/image.ashx?id=1227792&use=l&cat=p&typeid=i","cat":316011},{"id":68214,"n":"Biscuits Petits Cœurs LU Chocolat - 125g","p":1.11,"u":"8,88 €/KG","img":"https://fd13-photos.leclercdrive.fr/image.ashx?id=3002021&use=l&cat=p&typeid=i","cat":284488},{"id":68217,"n":"Biscuits Croc Sablé Pépito  Chocolat - 294g","p":1.1,"u":"3,74 €/KG","img":"https://fd13-photos.leclercdrive.fr/image.ashx?id=2347254&use=l&cat=p&typeid=i","cat":284488},{"id":68219,"n":"Biscuit Petit déjeuner Belvita Moelleux Choco Noisettes - 250g","p":2.43,"u":"9,72 €/KG","img":"https://fd13-photos.leclercdrive.fr/image.ashx?id=3005332&use=l&cat=p&typeid=i","cat":284491},{"id":68275,"n":"Déodorant Carré homme Musc séduction - 100ml","p":1.12,"u":"11,20 €/L","img":"https://fd13-photos.leclercdrive.fr/image.ashx?id=2440745&use=l&cat=p&typeid=i","cat":284618},{"id":68276,"n":"Déodorant Carré Homme Marine Ice boost - 100ml","p":1.12,"u":"11,20 €/L","img":"https://fd13-photos.leclercdrive.fr/image.ashx?id=2440748&use=l&cat=p&typeid=i","cat":284618},{"id":68277,"n":"Déodorant Carré Homme Anti-transpirant - 100ml","p":1.12,"u":"11,20 €/L","img":"https://fd13-photos.leclercdrive.fr/image.ashx?id=2618232&use=l&cat=p&typeid=i","cat":284618},{"id":68278,"n":"Recharge gel lavant Manava Hypoallergénique - 250ml","p":0.59,"u":"2,36 €/L","img":"https://fd13-photos.leclercdrive.fr/image.ashx?id=2935537&use=l&cat=p&typeid=i","cat":284597},{"id":68399,"n":"Poisson pané Double délice   Findus x8 - 600g","p":6.02,"u":"10,03 €/KG","img":"https://fd13-photos.leclercdrive.fr/image.ashx?id=2679594&use=l&cat=p&typeid=i","cat":319788},{"id":68432,"n":"Gel WC Syphon Activ'Effect Fraîcheur pin - 750ml","p":0.74,"u":"0,99 €/L","img":"https://fd13-photos.leclercdrive.fr/image.ashx?id=2388382&use=l&cat=p&typeid=i","cat":284662},{"id":68433,"n":"Destructeur d'odeurs Bien air Escapade forêt - 250ml","p":2.57,"u":"10,28 €/L","img":"https://fd13-photos.leclercdrive.fr/image.ashx?id=2593465&use=l&cat=p&typeid=i","cat":311626},{"id":68434,"n":"Destructeur d'odeurs Bien air Printemps Japon - 250ml","p":2.42,"u":"9,68 €/L","img":"https://fd13-photos.leclercdrive.fr/image.ashx?id=2593468&use=l&cat=p&typeid=i","cat":311626},{"id":68445,"n":"Recharge crème lavante Manava Framboise pivoine - 250ml","p":0.59,"u":"2,36 €/L","img":"https://fd13-photos.leclercdrive.fr/image.ashx?id=2935510&use=l&cat=p&typeid=i","cat":284597},{"id":68449,"n":"Perles désodorisantes Bien Air Japon","p":2.25,"img":"https://fd13-photos.leclercdrive.fr/image.ashx?id=2568798&use=l&cat=p&typeid=i","cat":311628},{"id":68450,"n":"Lingettes Clair Dépoussiérantes - x40","p":3.94,"u":"0,10 €/P","img":"https://fd13-photos.leclercdrive.fr/image.ashx?id=2863039&use=l&cat=p&typeid=i","cat":325364},{"id":68451,"n":"Lingettes Inell Rafraichissantes - x10","p":1.08,"u":"0,11 €/P","img":"https://fd13-photos.leclercdrive.fr/image.ashx?id=2658132&use=l&cat=p&typeid=i","cat":284603},{"id":68452,"n":"Lingettes hygiène intime Doulys Individuelles - x16","p":1.59,"u":"0,10 €/P","img":"https://fd13-photos.leclercdrive.fr/image.ashx?id=2671825&use=l&cat=p&typeid=i","cat":284627},{"id":68453,"n":"Gel lavant Manava Hypoallergénique - 300ml","p":1.05,"u":"3,50 €/L","img":"https://fd13-photos.leclercdrive.fr/image.ashx?id=2935528&use=l&cat=p&typeid=i","cat":284597},{"id":68454,"n":"Savon noir Clair Mou - 1kg","p":4.3,"u":"4,30 €/KG","img":"https://fd13-photos.leclercdrive.fr/image.ashx?id=1294158&use=l&cat=p&typeid=i","cat":284907},{"id":68455,"n":"Gel nettoyant Syphon Entretien menthe - 1L","p":2.91,"u":"2,91 €/L","img":"https://fd13-photos.leclercdrive.fr/image.ashx?id=2943659&use=l&cat=p&typeid=i","cat":284908},{"id":68457,"n":"Nettoyant Clair Parquets modernes - 1L","p":2.49,"u":"2,49 €/L","img":"https://fd13-photos.leclercdrive.fr/image.ashx?id=2652909&use=l&cat=p&typeid=i","cat":284907},{"id":68475,"n":"Culotte Chorys Médium nuit - x12","p":8.56,"u":"0,71 €/P","img":"https://fd13-photos.leclercdrive.fr/image.ashx?id=2158233&use=l&cat=p&typeid=i","cat":284628},{"id":68476,"n":"Culotte Chorys Absorption plus large nuit x10","p":7.14,"u":"0,71 €/P","img":"https://fd13-photos.leclercdrive.fr/image.ashx?id=2070048&use=l&cat=p&typeid=i","cat":284628},{"id":68479,"n":"Couches de bain Mots d'Enfants Baby Swim - Taille S - x12","p":6.05,"img":"https://fd13-photos.leclercdrive.fr/image.ashx?id=2907219&use=l&cat=p&typeid=i","cat":290634},{"id":68482,"n":"Couches de bain Mots d'Enfants Baby Swim - Taille M - x11","p":5.65,"u":"0,51 €/P","img":"https://fd13-photos.leclercdrive.fr/image.ashx?id=2907222&use=l&cat=p&typeid=i","cat":290634},{"id":68486,"n":"Tampon Nett  Digital normal boite - x24","p":2.4,"u":"0,10 €/P","img":"https://fd13-photos.leclercdrive.fr/image.ashx?id=2359657&use=l&cat=p&typeid=i","cat":284626},{"id":68487,"n":"Tampons Nett Procomfort Digitaux - Super - x24","p":2.25,"u":"0,09 €/P","img":"https://fd13-photos.leclercdrive.fr/image.ashx?id=2502625&use=l&cat=p&typeid=i","cat":284626},{"id":68492,"n":"AOC Buzet Vin rouge Baron Albret - 75 cl","p":5.25,"u":"7,00 €/L","img":"https://fd13-photos.leclercdrive.fr/image.ashx?id=2318534&use=l&cat=p&typeid=i","cat":289556},{"id":68502,"n":"AOC Crémant de Loire Blanc Brut Mlle Ladubay Ilys - 75cl","p":7.34,"u":"9,79 €/L","img":"https://fd13-photos.leclercdrive.fr/image.ashx?id=2544155&use=l&cat=p&typeid=i","cat":284545},{"id":68738,"n":"Soja cuisine - semi-épaisse Bio Bjorg - 25cl","p":1.2,"u":"4,80 €/L","img":"https://fd13-photos.leclercdrive.fr/image.ashx?id=2906196&use=l&cat=p&typeid=i","cat":316069},{"id":68824,"n":"Coton maxi carré Inell Aloé Vera - x50","p":1.5,"u":"0,03 €/P","img":"https://fd13-photos.leclercdrive.fr/image.ashx?id=1959190&use=l&cat=p&typeid=i","cat":284636},{"id":68861,"n":"Miel Bio Village Bio crémeux de fleurs - 500g","p":4.99,"u":"9,98 €/KG","img":"https://fd13-photos.leclercdrive.fr/image.ashx?id=2564219&use=l&cat=p&typeid=i","cat":287643},{"id":68862,"n":"Pâte à tartiner Nustikao 600g","p":2.73,"u":"4,55 €/KG","img":"https://fd13-photos.leclercdrive.fr/image.ashx?id=2856555&use=l&cat=p&typeid=i","cat":284481},{"id":68863,"n":"Compote Douceur du Verger Gourdes Pomme - 12x90g","p":2.95,"u":"2,73 €/KG","img":"https://fd13-photos.leclercdrive.fr/image.ashx?id=2843794&use=l&cat=p&typeid=i","cat":284508},{"id":68864,"n":"Compote Douceur du Verger Bocal pomme poire - 710g","p":1.75,"u":"2,46 €/KG","img":"https://fd13-photos.leclercdrive.fr/image.ashx?id=2663539&use=l&cat=p&typeid=i","cat":284508},{"id":68865,"n":"Compote Douceur du Verger Bocal pomme vanille - 710g","p":1.57,"u":"2,21 €/KG","img":"https://fd13-photos.leclercdrive.fr/image.ashx?id=2663542&use=l&cat=p&typeid=i","cat":284508},{"id":68866,"n":"Compote Douceur du Verger Bocal pomme - 710g","p":1.27,"u":"1,79 €/KG","img":"https://fd13-photos.leclercdrive.fr/image.ashx?id=2663536&use=l&cat=p&typeid=i","cat":284508},{"id":68868,"n":"Riz long Bio Village Bio semi complet - 500g","p":2.25,"u":"4,50 €/KG","img":"https://fd13-photos.leclercdrive.fr/image.ashx?id=2441513&use=l&cat=p&typeid=i","cat":284428},{"id":68870,"n":"Pistaches Bio Village Grillées salées bio - 100g","p":2.6,"u":"26,00 €/KG","img":"https://fd13-photos.leclercdrive.fr/image.ashx?id=2443191&use=l&cat=p&typeid=i","cat":284448},{"id":68881,"n":"Litchis Douceur du Verger Sirop léger - 250g","p":2.82,"u":"11,28 €/KG","img":"https://fd13-photos.leclercdrive.fr/image.ashx?id=2485089&use=l&cat=p&typeid=i","cat":284507},{"id":68882,"n":"Compote bio Bio Village Coupelle pomme - 8x100g","p":2.89,"u":"3,61 €/KG","img":"https://fd13-photos.leclercdrive.fr/image.ashx?id=1947749&use=l&cat=p&typeid=i","cat":284508},{"id":68898,"n":"Mangues Douceur du Verger Sirop - 235g","p":1.15,"u":"4,89 €/KG","img":"https://fd13-photos.leclercdrive.fr/image.ashx?id=2093775&use=l&cat=p&typeid=i","cat":284507},{"id":68913,"n":"Purificateur d'air Sanytol Désinfectant - 300ml","p":3.82,"u":"12,73 €/L","img":"https://fd13-photos.leclercdrive.fr/image.ashx?id=2901659&use=l&cat=p&typeid=i","cat":311626},{"id":68921,"n":"Boisson lactée Tous mes amis pour chats stérilisé - 3x200ml","p":2.45,"u":"4,08 €/L","img":"https://fd13-photos.leclercdrive.fr/image.ashx?id=2313476&use=l&cat=p&typeid=i","cat":285285},{"id":68928,"n":"Soupe mouliné bio Knorr Potiron, carottes - 1L","p":3.78,"u":"3,78 €/L","img":"https://fd13-photos.leclercdrive.fr/image.ashx?id=2321763&use=l&cat=p&typeid=i","cat":284462},{"id":68930,"n":"Soupe liquide bio Knorr Légumes potager à la crème - 1L","p":3.28,"u":"3,28 €/L","img":"https://fd13-photos.leclercdrive.fr/image.ashx?id=2312572&use=l&cat=p&typeid=i","cat":284462},{"id":68951,"n":"Crème dessert La Laitière  Velours de crème caramel 4x85g","p":1.69,"u":"4,97 €/KG","img":"https://fd13-photos.leclercdrive.fr/image.ashx?id=3007930&use=l&cat=p&typeid=i","cat":285041},{"id":68952,"n":"Crème dessert La Laitière Velours de crème chocolat 4x85g","p":2.09,"u":"6,15 €/KG","img":"https://fd13-photos.leclercdrive.fr/image.ashx?id=2633824&use=l&cat=p&typeid=i","cat":285041},{"id":68953,"n":"Crème dessert La Laitière Chocolat Caramel - 4x85g","p":2.09,"u":"6,15 €/KG","img":"https://fd13-photos.leclercdrive.fr/image.ashx?id=2633827&use=l&cat=p&typeid=i","cat":285041},{"id":68986,"n":"Lait d'amande Bio Village Sans sucre bio - 1L","p":1.41,"u":"1,41 €/L","img":"https://fd13-photos.leclercdrive.fr/image.ashx?id=2499109&use=l&cat=p&typeid=i","cat":316067},{"id":69003,"n":"Galettes maïs Bio Village Chocolat noir bio - 100g","p":1.89,"u":"18,90 €/KG","img":"https://fd13-photos.leclercdrive.fr/image.ashx?id=2559399&use=l&cat=p&typeid=i","cat":318651},{"id":69004,"n":"Moutarde Bio Village A l'ancienne bio - 200g","p":1.57,"u":"7,85 €/KG","img":"https://fd13-photos.leclercdrive.fr/image.ashx?id=2607966&use=l&cat=p&typeid=i","cat":288850},{"id":69006,"n":"Tomates séchées Rustica Bocal - 280g","p":2.5,"u":"8,93 €/KG","img":"https://fd13-photos.leclercdrive.fr/image.ashx?id=2539457&use=l&cat=p&typeid=i","cat":284458},{"id":69014,"n":"Mayonnaise Rustica Moutarde de dijon - 710g","p":2.49,"u":"3,51 €/KG","img":"https://fd13-photos.leclercdrive.fr/image.ashx?id=2420391&use=l&cat=p&typeid=i","cat":298295},{"id":69016,"n":"Sauce au Bleu Bénédicta Gamme Gourmet - 260g","p":1.73,"u":"6,65 €/KG","img":"https://fd13-photos.leclercdrive.fr/image.ashx?id=2616177&use=l&cat=p&typeid=i","cat":318430},{"id":69061,"n":"Yaourt nature Danone 4x125g","p":0.93,"u":"1,86 €/KG","img":"https://fd13-photos.leclercdrive.fr/image.ashx?id=2911184&use=l&cat=p&typeid=i","cat":284409},{"id":69062,"n":"Yaourt nature Danone 12x125g","p":2.75,"u":"1,83 €/KG","img":"https://fd13-photos.leclercdrive.fr/image.ashx?id=2915688&use=l&cat=p&typeid=i","cat":284409},{"id":69063,"n":"Yaourt nature Danone 16x125g","p":3.18,"u":"1,59 €/KG","img":"https://fd13-photos.leclercdrive.fr/image.ashx?id=2915691&use=l&cat=p&typeid=i","cat":284409},{"id":69069,"n":"Yaourts brassés velouté Danone Nature - 12x125g","p":3.61,"u":"2,41 €/KG","img":"https://fd13-photos.leclercdrive.fr/image.ashx?id=2865581&use=l&cat=p&typeid=i","cat":284409},{"id":69070,"n":"Yaourts brassés velouté Danone Nature - 16x125g","p":4.24,"u":"2,12 €/KG","img":"https://fd13-photos.leclercdrive.fr/image.ashx?id=2865584&use=l&cat=p&typeid=i","cat":284409},{"id":69073,"n":"Yaourts brassés velouté Danone Nature - 4x125g","p":1.41,"u":"2,82 €/KG","img":"https://fd13-photos.leclercdrive.fr/image.ashx?id=2865587&use=l&cat=p&typeid=i","cat":284409},{"id":69074,"n":"Yaourts brassés Velouté Danone Nature - 8x125g","p":2.46,"u":"2,46 €/KG","img":"https://fd13-photos.leclercdrive.fr/image.ashx?id=2865590&use=l&cat=p&typeid=i","cat":284409},{"id":69084,"n":"petit suisse aux fruits danonino - 6x100g","p":3.01,"u":"5,02 €/KG","img":"https://fd13-photos.leclercdrive.fr/image.ashx?id=3003134&use=l&cat=p&typeid=i","cat":284414},{"id":69120,"n":"Eau de toilette Alix de Faure Vanille - 110ml","p":3.1,"u":"28,18 €/L","img":"https://fd13-photos.leclercdrive.fr/image.ashx?id=1291575&use=l&cat=p&typeid=i","cat":291525},{"id":69141,"n":"Papier cuisson Elembal Rouleau 8m","p":1.07,"u":"0,13 €/MT","img":"https://fd13-photos.leclercdrive.fr/image.ashx?id=2824955&use=l&cat=p&typeid=i","cat":334134},{"id":69145,"n":"Crème lavante Manava Framboise pivoine - 300ml","p":1.43,"u":"4,77 €/L","img":"https://fd13-photos.leclercdrive.fr/image.ashx?id=2935507&use=l&cat=p&typeid=i","cat":284597},{"id":69147,"n":"Café dosettes Tassimo L'Or Café Long Classique x16","p":4.58,"u":"44,04 €/KG","img":"https://fd13-photos.leclercdrive.fr/image.ashx?id=2160312&use=l&cat=p&typeid=i","cat":293240},{"id":69148,"n":"Café dosettes Tassimo L'Or Café Long Intense x16","p":4.75,"u":"37,11 €/KG","img":"https://fd13-photos.leclercdrive.fr/image.ashx?id=2290599&use=l&cat=p&typeid=i","cat":293240},{"id":69150,"n":"Nettoyant multi surfaces Clair Citron - 1.5L","p":1.7,"u":"1,13 €/L","img":"https://fd13-photos.leclercdrive.fr/image.ashx?id=2534211&use=l&cat=p&typeid=i","cat":284907},{"id":69151,"n":"Nettoyant multi surfaces Clair Pins - 1.5L","p":1.7,"u":"1,13 €/L","img":"https://fd13-photos.leclercdrive.fr/image.ashx?id=2369164&use=l&cat=p&typeid=i","cat":284907},{"id":69152,"n":"Nettoyant multi surfaces Clair Fleurs - 1.5L","p":1.7,"u":"1,13 €/L","img":"https://fd13-photos.leclercdrive.fr/image.ashx?id=2381556&use=l&cat=p&typeid=i","cat":284907},{"id":69153,"n":"Nettoyant multi surfaces Clair Fraîcheur pure - 1.5L","p":1.7,"u":"1,13 €/L","img":"https://fd13-photos.leclercdrive.fr/image.ashx?id=2373263&use=l&cat=p&typeid=i","cat":284907},{"id":69154,"n":"Nettoyant multi surfaces Clair Savon de Marseille - 1.5L","p":1.7,"u":"1,13 €/L","img":"https://fd13-photos.leclercdrive.fr/image.ashx?id=2858845&use=l&cat=p&typeid=i","cat":284907},{"id":69155,"n":"Nettoyant multi surfaces Clair Savon noir - 1.5L","p":1.7,"u":"1,13 €/L","img":"https://fd13-photos.leclercdrive.fr/image.ashx?id=2849584&use=l&cat=p&typeid=i","cat":284907},{"id":69211,"n":"Brioche tressée Epi d'or Perles de sucre - 500g","p":2.44,"u":"4,88 €/KG","img":"https://fd13-photos.leclercdrive.fr/image.ashx?id=2860745&use=l&cat=p&typeid=i","cat":284478},{"id":69213,"n":"Frites à peau McCain Côté Resto - 650g","p":3.08,"u":"4,74 €/KG","img":"https://fd13-photos.leclercdrive.fr/image.ashx?id=2927047&use=l&cat=p&typeid=i","cat":319791},{"id":69215,"n":"Pains wrap Epi d'Or Nature x6 - 383g","p":1.95,"u":"5,09 €/KG","img":"https://fd13-photos.leclercdrive.fr/image.ashx?id=2425488&use=l&cat=p&typeid=i","cat":284985},{"id":69227,"n":"Huile vierge Bio Village Coco bio - 200ml","p":2.28,"u":"11,40 €/L","img":"https://fd13-photos.leclercdrive.fr/image.ashx?id=1974311&use=l&cat=p&typeid=i","cat":284453},{"id":69233,"n":"Capsules café L'Or Espresso Ristretto N°11 x10","p":3.14,"u":"60,38 €/KG","img":"https://fd13-photos.leclercdrive.fr/image.ashx?id=2260869&use=l&cat=p&typeid=i","cat":284749},{"id":69238,"n":"Lingette nettoyante Clair Javel - x50","p":1.3,"u":"0,03 €/P","img":"https://fd13-photos.leclercdrive.fr/image.ashx?id=2768098&use=l&cat=p&typeid=i","cat":325358},{"id":69240,"n":"Vinaigre en gel Uni Vert 750ml","p":2.98,"u":"3,97 €/L","img":"https://fd13-photos.leclercdrive.fr/image.ashx?id=2883324&use=l&cat=p&typeid=i","cat":325357},{"id":69246,"n":"Foie gras de canard du Gers Nature - 250g","p":23.9,"u":"95,60 €/KG","img":"https://fd13-photos.leclercdrive.fr/image.ashx?id=1781459&use=l&cat=p&typeid=i","cat":316008},{"id":69256,"n":"Dessert panaché Andros Panaché - 16x100g","p":6.05,"u":"3,78 €/KG","img":"https://fd13-photos.leclercdrive.fr/image.ashx?id=2875114&use=l&cat=p&typeid=i","cat":284416},{"id":69268,"n":"Liquide vaisselle Rainett Citron écologique - 750ml","p":1.85,"u":"2,47 €/L","img":"https://fd13-photos.leclercdrive.fr/image.ashx?id=2297129&use=l&cat=p&typeid=i","cat":284655},{"id":69273,"n":"Eau de toilette Alix de Faure Fruits rouges - 110ml","p":3.1,"u":"28,18 €/L","img":"https://fd13-photos.leclercdrive.fr/image.ashx?id=3013618&use=l&cat=p&typeid=i","cat":291525},{"id":69274,"n":"Eau de toilette Alix de Faure Patchouli - 110ml","p":3.1,"u":"28,18 €/L","img":"https://fd13-photos.leclercdrive.fr/image.ashx?id=2675765&use=l&cat=p&typeid=i","cat":291525},{"id":69275,"n":"Gel Douche Homme Nivea Men 3 en 1 Protect&Care - 250ml","p":1.72,"u":"6,88 €/L","img":"https://fd13-photos.leclercdrive.fr/image.ashx?id=2985465&use=l&cat=p&typeid=i","cat":284619},{"id":69280,"n":"Couches bébé Mots d'enfants Midi T3 4/9kg - x50 changes","p":6.35,"u":"0,13 €/P","img":"https://fd13-photos.leclercdrive.fr/image.ashx?id=2699717&use=l&cat=p&typeid=i","cat":284737},{"id":69281,"n":"Couches bébé Mots d'enfants Ultra confort T4 7/18kg - x44","p":6.35,"u":"0,14 €/P","img":"https://fd13-photos.leclercdrive.fr/image.ashx?id=2699720&use=l&cat=p&typeid=i","cat":284737},{"id":69282,"n":"Couches bébé Mots d'enfants Ultra confort T4+  9/20kg - x41","p":6.35,"u":"0,15 €/P","img":"https://fd13-photos.leclercdrive.fr/image.ashx?id=2699723&use=l&cat=p&typeid=i","cat":284737},{"id":69283,"n":"Couches bébé Mots d'enfants Ultra confort T5 11/25kg - x39","p":6.35,"u":"0,16 €/P","img":"https://fd13-photos.leclercdrive.fr/image.ashx?id=2699726&use=l&cat=p&typeid=i","cat":284737},{"id":69284,"n":"Couches bébé Mots d'enfants Ultra confort T6  16/23kg - x33","p":6.35,"u":"0,19 €/P","img":"https://fd13-photos.leclercdrive.fr/image.ashx?id=2699729&use=l&cat=p&typeid=i","cat":284737},{"id":69285,"n":"Couches bébé Mots d'enfants T4 Ultra confort 7/18kg - x144","p":19.7,"u":"0,14 €/P","img":"https://fd13-photos.leclercdrive.fr/image.ashx?id=2689429&use=l&cat=p&typeid=i","cat":284737},{"id":69286,"n":"Couches bébé Mots d'enfants T5 Ultra confort 11/25kg - x136","p":19.7,"u":"0,15 €/P","img":"https://fd13-photos.leclercdrive.fr/image.ashx?id=2691833&use=l&cat=p&typeid=i","cat":284737},{"id":69316,"n":"Pur jus Jafaden Orange mangue citron - 1L","p":2.39,"u":"2,39 €/L","img":"https://fd13-photos.leclercdrive.fr/image.ashx?id=2956759&use=l&cat=p&typeid=i","cat":284917},{"id":69317,"n":"Eau minérale naturelle Vittel 6x1.5L","p":2.86,"u":"0,32 €/L","img":"https://fd13-photos.leclercdrive.fr/image.ashx?id=3000441&use=l&cat=p&typeid=i","cat":284535},{"id":69318,"n":"Pur jus Jafaden Orange pêche abricot - 1L","p":2.39,"u":"2,39 €/L","img":"https://fd13-photos.leclercdrive.fr/image.ashx?id=2956762&use=l&cat=p&typeid=i","cat":284917},{"id":69319,"n":"Pur jus Jafaden Pomme goyave citron - 1L","p":2.15,"u":"2,15 €/L","img":"https://fd13-photos.leclercdrive.fr/image.ashx?id=2956765&use=l&cat=p&typeid=i","cat":284917},{"id":69383,"n":"Fromage à Raclette RichesMonts  Duo Classique & Fumée - 420G","p":6.08,"u":"14,48 €/KG","img":"https://fd13-photos.leclercdrive.fr/image.ashx?id=2953815&use=l&cat=p&typeid=i","cat":314037},{"id":69385,"n":"Fromage à Raclette RichesMonts  Duo Classique 3 Poivres - 420G","p":5.5,"u":"13,10 €/KG","img":"https://fd13-photos.leclercdrive.fr/image.ashx?id=2953818&use=l&cat=p&typeid=i","cat":314037},{"id":69396,"n":"Fromage à Raclette RichesMonts  Sans croûte 18 Tranches - 420g","p":5.5,"u":"13,10 €/KG","img":"https://fd13-photos.leclercdrive.fr/image.ashx?id=2960765&use=l&cat=p&typeid=i","cat":314037},{"id":69418,"n":"Serviette papier Homeside Triple épaisseur 40x40cm - x20","p":1.39,"u":"0,07 €/P","img":"https://fd13-photos.leclercdrive.fr/image.ashx?id=1659732&use=l&cat=p&typeid=i","cat":334134},{"id":69679,"n":"Yaourt à la grecque YAOS Nature lit de myrtilles 4x125g","p":2.75,"u":"5,50 €/KG","img":"https://fd13-photos.leclercdrive.fr/image.ashx?id=2614933&use=l&cat=p&typeid=i","cat":314999},{"id":69680,"n":"Yaourt à la grecque YAOS Nature lit de pêches 4x125g","p":2.91,"u":"5,82 €/KG","img":"https://fd13-photos.leclercdrive.fr/image.ashx?id=2539533&use=l&cat=p&typeid=i","cat":314999},{"id":69705,"n":"Coleslaw moutarde Bonduelle 320g","p":1.81,"u":"5,66 €/KG","img":"https://fd13-photos.leclercdrive.fr/image.ashx?id=2894185&use=l&cat=p&typeid=i","cat":333657},{"id":69736,"n":"AOC Corbières vin rouge Prieur Barsanne - BIB 3L","p":9.49,"u":"3,16 €/L","img":"https://fd13-photos.leclercdrive.fr/image.ashx?id=2712989&use=l&cat=p&typeid=i","cat":289556},{"id":69738,"n":"AOC Côtes du Marmandais vin  rosé Terrasses d'Autan - BIB 3L","p":9.49,"u":"3,16 €/L","img":"https://fd13-photos.leclercdrive.fr/image.ashx?id=2863069&use=l&cat=p&typeid=i","cat":289560},{"id":69739,"n":"Mini feuilletés Côté Table Apéritifs - x30 - 360g","p":3.53,"u":"9,81 €/KG","img":"https://fd13-photos.leclercdrive.fr/image.ashx?id=2212509&use=l&cat=p&typeid=i","cat":319774},{"id":69741,"n":"Mini-feuilletés Côté Table Apéritifs - x40 - 350g","p":3.75,"u":"10,71 €/KG","img":"https://fd13-photos.leclercdrive.fr/image.ashx?id=2632873&use=l&cat=p&typeid=i","cat":319774},{"id":69803,"n":"Riz provençale Bonduelle Thon - 320g","p":1.91,"u":"5,97 €/KG","img":"https://fd13-photos.leclercdrive.fr/image.ashx?id=2907905&use=l&cat=p&typeid=i","cat":333657},{"id":69910,"n":"Origan Rustica 11g","p":0.45,"u":"40,91 €/KG","img":"https://fd13-photos.leclercdrive.fr/image.ashx?id=1232057&use=l&cat=p&typeid=i","cat":298297},{"id":70114,"n":"Biscuits p'tit dèj BN Extra céréales complètes - 200g","p":1.85,"u":"9,25 €/KG","img":"https://fd13-photos.leclercdrive.fr/image.ashx?id=2603471&use=l&cat=p&typeid=i","cat":284491},{"id":70117,"n":"Biscuits Mc Vitie's Original - 400g","p":1.63,"u":"4,08 €/KG","img":"https://fd13-photos.leclercdrive.fr/image.ashx?id=2310182&use=l&cat=p&typeid=i","cat":284487},{"id":70118,"n":"Biscuits Mc Vitie's Chocolat au lait - 300g","p":1.81,"u":"6,03 €/KG","img":"https://fd13-photos.leclercdrive.fr/image.ashx?id=2589491&use=l&cat=p&typeid=i","cat":284488},{"id":70123,"n":"Fromage blanc Danone Nature 3%MG - 8x100g","p":2.97,"u":"3,71 €/KG","img":"https://fd13-photos.leclercdrive.fr/image.ashx?id=2792075&use=l&cat=p&typeid=i","cat":284409},{"id":70126,"n":"Fromage blanc Danone Nature 3%MG - 4x100g","p":1.77,"u":"4,43 €/KG","img":"https://fd13-photos.leclercdrive.fr/image.ashx?id=2833225&use=l&cat=p&typeid=i","cat":284409},{"id":70334,"n":"Kasteel rouge  8° 75cl","p":5.03,"u":"6,71 €/L","img":"https://fd13-photos.leclercdrive.fr/image.ashx?id=2981325&use=l&cat=p&typeid=i","cat":334872},{"id":70389,"n":"Café dosettes Tassimo L'Or Cappuccino x8","p":4.89,"u":"18,31 €/KG","img":"https://fd13-photos.leclercdrive.fr/image.ashx?id=2100305&use=l&cat=p&typeid=i","cat":293240},{"id":70549,"n":"Grosses saucisses natures x4 La Saucisse Henaff - 500g","p":8.24,"u":"16,48 €/KG","img":"https://fd13-photos.leclercdrive.fr/image.ashx?id=2812891&use=l&cat=p&typeid=i","cat":284334},{"id":70579,"n":"Fromage Caprice des Dieux  200g","p":2.9,"u":"14,50 €/KG","img":"https://fd13-photos.leclercdrive.fr/image.ashx?id=2762438&use=l&cat=p&typeid=i","cat":314033},{"id":70914,"n":"Poivre noir grains Rustica 90g","p":2.32,"u":"25,78 €/KG","img":"https://fd13-photos.leclercdrive.fr/image.ashx?id=2870047&use=l&cat=p&typeid=i","cat":284457},{"id":70980,"n":"Crousty chicken Le Gaulois L'original - 400g","p":5.54,"u":"13,85 €/KG","img":"https://fd13-photos.leclercdrive.fr/image.ashx?id=2967765&use=l&cat=p&typeid=i","cat":333684},{"id":70993,"n":"Coulommiers Président  350g","p":2.75,"u":"7,86 €/KG","img":"https://fd13-photos.leclercdrive.fr/image.ashx?id=2029862&use=l&cat=p&typeid=i","cat":314033},{"id":71060,"n":"Basilic Rustica 11g","p":0.39,"u":"35,45 €/KG","img":"https://fd13-photos.leclercdrive.fr/image.ashx?id=2772957&use=l&cat=p&typeid=i","cat":298297},{"id":71075,"n":"Vinaigrette biphase Rustica Tomate/ Balsamique - 50cl","p":2.72,"u":"5,44 €/L","img":"https://fd13-photos.leclercdrive.fr/image.ashx?id=1972937&use=l&cat=p&typeid=i","cat":284456},{"id":71077,"n":"Vinaigrette biphase Rustica Ciboulette/Echalote - 50cl","p":2.79,"u":"5,58 €/L","img":"https://fd13-photos.leclercdrive.fr/image.ashx?id=1943241&use=l&cat=p&typeid=i","cat":284456},{"id":71088,"n":"IGP Côtes de Gascogne blanc sec Vieux Carion 10.5% vol - BIB 3L","p":7.99,"u":"2,66 €/L","img":"https://fd13-photos.leclercdrive.fr/image.ashx?id=2757193&use=l&cat=p&typeid=i","cat":289560},{"id":71090,"n":"Boisson énergisante Red bull 6x250ml","p":6.71,"u":"4,47 €/L","img":"https://fd13-photos.leclercdrive.fr/image.ashx?id=3011989&use=l&cat=p&typeid=i","cat":284533},{"id":71099,"n":"IGP Pays d'Oc Merlot vin rouge Vieux Carion 12% vol - BIB 3L","p":7.99,"u":"2,66 €/L","img":"https://fd13-photos.leclercdrive.fr/image.ashx?id=2747755&use=l&cat=p&typeid=i","cat":289560},{"id":71101,"n":"IGP Pays d'Oc Muscat blanc  Moelleux 12% vol - 75cl","p":2.99,"u":"3,99 €/L","img":"https://fd13-photos.leclercdrive.fr/image.ashx?id=2870080&use=l&cat=p&typeid=i","cat":289557},{"id":71102,"n":"Bière Desperados 65cl","p":2.42,"u":"3,72 €/L","img":"https://fd13-photos.leclercdrive.fr/image.ashx?id=2977960&use=l&cat=p&typeid=i","cat":334878},{"id":71106,"n":"Ail semoule Rustica 110g","p":1.39,"u":"12,64 €/KG","img":"https://fd13-photos.leclercdrive.fr/image.ashx?id=2870038&use=l&cat=p&typeid=i","cat":298297},{"id":71107,"n":"Bouquet garni entier Rustica 17g","p":1.68,"u":"98,82 €/KG","img":"https://fd13-photos.leclercdrive.fr/image.ashx?id=1710608&use=l&cat=p&typeid=i","cat":298297},{"id":71154,"n":"Arôme vanille Tablier Blanc 200ml","p":2.35,"u":"11,75 €/L","img":"https://fd13-photos.leclercdrive.fr/image.ashx?id=2487476&use=l&cat=p&typeid=i","cat":284504},{"id":71155,"n":"Ail semoule Rustica Flacon - 60g","p":0.99,"u":"16,50 €/KG","img":"https://fd13-photos.leclercdrive.fr/image.ashx?id=2797790&use=l&cat=p&typeid=i","cat":298297},{"id":71156,"n":"Moulin 5 baies Rustica Flacon - 24g","p":1.27,"u":"52,92 €/KG","img":"https://fd13-photos.leclercdrive.fr/image.ashx?id=2907231&use=l&cat=p&typeid=i","cat":284457},{"id":71157,"n":"Herbe de provence haché Rustica 40g","p":0.89,"u":"22,25 €/KG","img":"https://fd13-photos.leclercdrive.fr/image.ashx?id=1239455&use=l&cat=p&typeid=i","cat":298297},{"id":71158,"n":"Poivre gris moulu Rustica Boite - 90g","p":2.29,"u":"25,44 €/KG","img":"https://fd13-photos.leclercdrive.fr/image.ashx?id=1239440&use=l&cat=p&typeid=i","cat":284457},{"id":71162,"n":"Assortiment crackers Tokapi 85g","p":0.69,"u":"8,12 €/KG","img":"https://fd13-photos.leclercdrive.fr/image.ashx?id=1926981&use=l&cat=p&typeid=i","cat":297000},{"id":71164,"n":"Gel lavant Bionaïa Abricot bio - 300ml","p":1.79,"u":"5,97 €/L","img":"https://fd13-photos.leclercdrive.fr/image.ashx?id=2935525&use=l&cat=p&typeid=i","cat":284597},{"id":71320,"n":"Whisky japonais Togouchi Premium - 40%vol - 70cl","p":38.0,"pp":33.0,"u":"47,14 €/L","img":"https://fd13-photos.leclercdrive.fr/image.ashx?id=2685291&use=l&cat=p&typeid=i","cat":284547},{"id":71322,"n":"Whisky Cardhu Single malt 15 ans - 70cl","p":44.2,"u":"63,14 €/L","img":"https://fd13-photos.leclercdrive.fr/image.ashx?id=1958241&use=l&cat=p&typeid=i","cat":284547},{"id":71327,"n":"Whisky Aberlour Triple Cask Single Malt Scotch 40% vol 70cl","p":37.55,"u":"53,64 €/L","img":"https://fd13-photos.leclercdrive.fr/image.ashx?id=2860514&use=l&cat=p&typeid=i","cat":284547},{"id":71351,"n":"Cocktail Pêche Océan Fruits de mer - 500g","p":4.92,"u":"9,84 €/KG","img":"https://fd13-photos.leclercdrive.fr/image.ashx?id=2686347&use=l&cat=p&typeid=i","cat":319787},{"id":71412,"n":"Déodorant Manava Cologne - 100ml","p":1.39,"u":"13,90 €/L","img":"https://fd13-photos.leclercdrive.fr/image.ashx?id=1286171&use=l&cat=p&typeid=i","cat":284595},{"id":71413,"n":"Déodorant Manava Freesia Orchidée - 100ml","p":1.39,"u":"13,90 €/L","img":"https://fd13-photos.leclercdrive.fr/image.ashx?id=1791790&use=l&cat=p&typeid=i","cat":284595},{"id":71419,"n":"Petits pois carottes Eco  530g","p":1.12,"u":"2,11 €/KG","img":"https://fd13-photos.leclercdrive.fr/image.ashx?id=3003714&use=l&cat=p&typeid=i","cat":312607},{"id":71422,"n":"Macedoine de legumes Eco  530g","p":1.11,"u":"2,09 €/KG","img":"https://fd13-photos.leclercdrive.fr/image.ashx?id=2729245&use=l&cat=p&typeid=i","cat":312612},{"id":71423,"n":"Flageolets verts fins Eco  530g","p":1.19,"u":"2,25 €/KG","img":"https://fd13-photos.leclercdrive.fr/image.ashx?id=2720012&use=l&cat=p&typeid=i","cat":312606},{"id":71426,"n":"Lentilles Eco+ 530g","p":1.05,"u":"1,98 €/KG","img":"https://fd13-photos.leclercdrive.fr/image.ashx?id=2671786&use=l&cat=p&typeid=i","cat":312609},{"id":71429,"n":"Haricots verts extra fins Eco  440g","p":1.04,"u":"2,36 €/KG","img":"https://fd13-photos.leclercdrive.fr/image.ashx?id=3003726&use=l&cat=p&typeid=i","cat":312606},{"id":71439,"n":"Filets de colin d'Alaska Eco+ 10x100g","p":5.82,"u":"5,82 €/KG","img":"https://fd13-photos.leclercdrive.fr/image.ashx?id=1668300&use=l&cat=p&typeid=i","cat":319786},{"id":71442,"n":"Cassoulet Eco+ 840g","p":1.97,"u":"2,35 €/KG","img":"https://fd13-photos.leclercdrive.fr/image.ashx?id=2847937&use=l&cat=p&typeid=i","cat":284440},{"id":71444,"n":"Galettes au beurre Eco+ x16 - 125g","p":0.64,"u":"5,12 €/KG","img":"https://fd13-photos.leclercdrive.fr/image.ashx?id=2746781&use=l&cat=p&typeid=i","cat":284487},{"id":71448,"n":"Raviolis à la sauce tomate Eco+ 800g","p":1.71,"u":"2,14 €/KG","img":"https://fd13-photos.leclercdrive.fr/image.ashx?id=2688288&use=l&cat=p&typeid=i","cat":284442},{"id":71451,"n":"Serviettes maxi nuit Eco+ x10","p":0.65,"u":"0,07 €/P","img":"https://fd13-photos.leclercdrive.fr/image.ashx?id=2177511&use=l&cat=p&typeid=i","cat":284624},{"id":71459,"n":"Noix coco rapée bio Vahiné 115g","p":2.4,"u":"20,87 €/KG","img":"https://fd13-photos.leclercdrive.fr/image.ashx?id=2559841&use=l&cat=p&typeid=i","cat":284504},{"id":71461,"n":"Sucre vanillé bio Vahiné 5 sachets - 35G","p":2.7,"u":"77,14 €/KG","img":"https://fd13-photos.leclercdrive.fr/image.ashx?id=2559835&use=l&cat=p&typeid=i","cat":284504},{"id":71469,"n":"DOC Prosecco extra-dry blanc 7% vol - 75cl","p":4.99,"u":"6,65 €/L","img":"https://fd13-photos.leclercdrive.fr/image.ashx?id=2977171&use=l&cat=p&typeid=i","cat":289461},{"id":71473,"n":"Vin d'Espagne blanc Chardonnay Adrien Champaud - BIB 5L","p":11.99,"u":"2,40 €/L","img":"https://fd13-photos.leclercdrive.fr/image.ashx?id=2960505&use=l&cat=p&typeid=i","cat":289557},{"id":71475,"n":"Vin d'Espagne Grenache rosé Adrien Champaud - BIB 5L","p":9.99,"u":"2,00 €/L","img":"https://fd13-photos.leclercdrive.fr/image.ashx?id=2376040&use=l&cat=p&typeid=i","cat":289560},{"id":71479,"n":"Cookies P'tit Déli Paillettes muticolores - 150g","p":1.45,"u":"9,67 €/KG","img":"https://fd13-photos.leclercdrive.fr/image.ashx?id=2939064&use=l&cat=p&typeid=i","cat":325066},{"id":71485,"n":"Vin d'Espagne Grenache rosé Adrien Champaud - BIB 10L","p":18.99,"u":"1,90 €/L","img":"https://fd13-photos.leclercdrive.fr/image.ashx?id=2376043&use=l&cat=p&typeid=i","cat":289560},{"id":71488,"n":"Mini chinois Epi d'Or Pepites de chocolat x6 - 300g","p":1.85,"u":"6,17 €/KG","img":"https://fd13-photos.leclercdrive.fr/image.ashx?id=2867916&use=l&cat=p&typeid=i","cat":296366},{"id":71489,"n":"Croissants Epi d'Or x8 - 320g","p":1.62,"u":"5,06 €/KG","img":"https://fd13-photos.leclercdrive.fr/image.ashx?id=2860766&use=l&cat=p&typeid=i","cat":296366},{"id":71490,"n":"Vin d'Espagne blanc Sauvignon Adrien Champaud - BIB 5L","p":9.99,"u":"2,00 €/L","img":"https://fd13-photos.leclercdrive.fr/image.ashx?id=2960511&use=l&cat=p&typeid=i","cat":289560},{"id":71491,"n":"Croissants Epi d'Or x14 - 560g","p":2.79,"u":"4,98 €/KG","img":"https://fd13-photos.leclercdrive.fr/image.ashx?id=2860769&use=l&cat=p&typeid=i","cat":296366},{"id":71495,"n":"IGP Pays d'Oc Sauvignon Blanc Vieux Carion 11.5% vol BIB 3L","p":7.99,"u":"2,66 €/L","img":"https://fd13-photos.leclercdrive.fr/image.ashx?id=2900346&use=l&cat=p&typeid=i","cat":289557},{"id":71497,"n":"Tartelette P'tit Déli Fraise - 127g","p":1.39,"u":"10,94 €/KG","img":"https://fd13-photos.leclercdrive.fr/image.ashx?id=2888640&use=l&cat=p&typeid=i","cat":284489},{"id":71514,"n":"Sablé pur beurre P'tit Déli Caramel - 100g","p":1.18,"u":"11,80 €/KG","img":"https://fd13-photos.leclercdrive.fr/image.ashx?id=2660574&use=l&cat=p&typeid=i","cat":284487},{"id":71519,"n":"Yaourt Bio Bio Village Aromatisé Citron - 4x125g","p":1.39,"u":"2,78 €/KG","img":"https://fd13-photos.leclercdrive.fr/image.ashx?id=2289666&use=l&cat=p&typeid=i","cat":286006},{"id":71523,"n":"Sablés pur beurre P'tit Déli Coco - 100g","p":1.89,"u":"18,90 €/KG","img":"https://fd13-photos.leclercdrive.fr/image.ashx?id=2709704&use=l&cat=p&typeid=i","cat":284487},{"id":71524,"n":"Goûter rectangle P'tit Déli Fourré chocolat - 125g","p":1.19,"u":"9,52 €/KG","img":"https://fd13-photos.leclercdrive.fr/image.ashx?id=2619725&use=l&cat=p&typeid=i","cat":284488},{"id":71528,"n":"Fromage frais nature Bio Bio village - 8x100g","p":3.14,"u":"3,93 €/KG","img":"https://fd13-photos.leclercdrive.fr/image.ashx?id=2839950&use=l&cat=p&typeid=i","cat":284409},{"id":71531,"n":"Crème fraiche bio Bio village Epaisse - 30% MG  - 50cl","p":2.66,"u":"5,32 €/L","img":"https://fd13-photos.leclercdrive.fr/image.ashx?id=1975050&use=l&cat=p&typeid=i","cat":284381},{"id":71553,"n":"Déodorant Manava Freesia Orchidée - 200ml","p":1.34,"u":"6,70 €/L","img":"https://fd13-photos.leclercdrive.fr/image.ashx?id=2656454&use=l&cat=p&typeid=i","cat":284595},{"id":71557,"n":"Mini sables P'tit Déli Chocolat au lait - 160g","p":1.89,"u":"11,81 €/KG","img":"https://fd13-photos.leclercdrive.fr/image.ashx?id=2323295&use=l&cat=p&typeid=i","cat":284488},{"id":71561,"n":"Palets P'tit Déli A la madeleine - 125g","p":1.15,"u":"9,20 €/KG","img":"https://fd13-photos.leclercdrive.fr/image.ashx?id=2693138&use=l&cat=p&typeid=i","cat":284487},{"id":71565,"n":"Pêches Douceur du Verger Sirop léger - 465g","p":1.52,"u":"3,27 €/KG","img":"https://fd13-photos.leclercdrive.fr/image.ashx?id=2666471&use=l&cat=p&typeid=i","cat":284507},{"id":71566,"n":"Sauce Soja Tables Du Monde 125ml","p":0.83,"u":"6,64 €/L","img":"https://fd13-photos.leclercdrive.fr/image.ashx?id=2679765&use=l&cat=p&typeid=i","cat":288992},{"id":71575,"n":"Test de grossesse Primoplast x1","p":0.74,"img":"https://fd13-photos.leclercdrive.fr/image.ashx?id=2832975&use=l&cat=p&typeid=i","cat":324482},{"id":71578,"n":"Crème lavante Manava Surgras - 300ml","p":1.12,"u":"3,73 €/L","img":"https://fd13-photos.leclercdrive.fr/image.ashx?id=2935513&use=l&cat=p&typeid=i","cat":284597},{"id":71579,"n":"Recharge crème lavante Manava Surgras - 250ml","p":0.66,"u":"2,64 €/L","img":"https://fd13-photos.leclercdrive.fr/image.ashx?id=2935516&use=l&cat=p&typeid=i","cat":284597},{"id":71580,"n":"Tampons digitaux Doulys Super+ x24","p":2.09,"u":"0,09 €/P","img":"https://fd13-photos.leclercdrive.fr/image.ashx?id=2965521&use=l&cat=p&typeid=i","cat":284626},{"id":71581,"n":"Cire visage Siliss 15ml","p":4.07,"u":"271,33 €/L","img":"https://fd13-photos.leclercdrive.fr/image.ashx?id=2510446&use=l&cat=p&typeid=i","cat":325351},{"id":71599,"n":"Bicarbonate de soude Clair 500g","p":1.5,"u":"3,00 €/KG","img":"https://fd13-photos.leclercdrive.fr/image.ashx?id=2822129&use=l&cat=p&typeid=i","cat":325365},{"id":71600,"n":"Champignons Notre Jardin Emincés, épais - 230g","p":1.43,"u":"6,22 €/KG","img":"https://fd13-photos.leclercdrive.fr/image.ashx?id=2553917&use=l&cat=p&typeid=i","cat":312610},{"id":71602,"n":"Change bébé Mots d'Enfants Nouveau né - T1 - 2/5kg - x23","p":2.36,"u":"0,10 €/P","img":"https://fd13-photos.leclercdrive.fr/image.ashx?id=2487165&use=l&cat=p&typeid=i","cat":284737},{"id":71627,"n":"Boisson végétale Bio Village Soja chocolat bio - 1l","p":1.5,"u":"1,50 €/L","img":"https://fd13-photos.leclercdrive.fr/image.ashx?id=2352240&use=l&cat=p&typeid=i","cat":316067},{"id":71629,"n":"Boisson végétale Bio Village Lait amande intense bio - 1l","p":2.39,"u":"2,39 €/L","img":"https://fd13-photos.leclercdrive.fr/image.ashx?id=2386185&use=l&cat=p&typeid=i","cat":316067},{"id":71637,"n":"Bâtonnets enrobés bio Bio Village - Chocolat noir - 125g","p":1.99,"u":"15,92 €/KG","img":"https://fd13-photos.leclercdrive.fr/image.ashx?id=1947402&use=l&cat=p&typeid=i","cat":284488},{"id":71640,"n":"Coeur de filet de saumon fumé  D'Écosse L'origine du goût 140g","p":8.35,"u":"59,64 €/KG","img":"https://fd13-photos.leclercdrive.fr/image.ashx?id=3015290&use=l&cat=p&typeid=i","cat":285188},{"id":71683,"n":"Pâtes de fruits NRT Assortiment 300g","p":7.21,"u":"24,03 €/KG","img":"https://fd13-photos.leclercdrive.fr/image.ashx?id=1646525&use=l&cat=p&typeid=i","cat":284499},{"id":71698,"n":"Nappe damassée Homeside Jaune - 7m","p":2.96,"u":"0,42 €/MT","img":"https://fd13-photos.leclercdrive.fr/image.ashx?id=1419626&use=l&cat=p&typeid=i","cat":334134},{"id":71700,"n":"Nappe damassée Homeside Rouge - 7m","p":2.96,"u":"0,42 €/MT","img":"https://fd13-photos.leclercdrive.fr/image.ashx?id=1659747&use=l&cat=p&typeid=i","cat":334134},{"id":71702,"n":"Nappe damassée Ardence Olive - 7m","p":2.96,"u":"0,42 €/MT","img":"https://fd13-photos.leclercdrive.fr/image.ashx?id=2726071&use=l&cat=p&typeid=i","cat":334134},{"id":72032,"n":"Bière blonde Affligem 6.7% vol -  Fût 5L","p":19.77,"u":"3,95 €/L","img":"https://fd13-photos.leclercdrive.fr/image.ashx?id=2672722&use=l&cat=p&typeid=i","cat":334879},{"id":72157,"n":"Filet de maquereaux Les Dieux  Muscadet - 176g","p":1.84,"u":"10,45 €/KG","img":"https://fd13-photos.leclercdrive.fr/image.ashx?id=2174402&use=l&cat=p&typeid=i","cat":303868},{"id":72731,"n":"Chocolat Pâtissier Nestlé Dessert : Noir 70% - 170g","p":2.98,"u":"17,53 €/KG","img":"https://fd13-photos.leclercdrive.fr/image.ashx?id=2902358&use=l&cat=p&typeid=i","cat":285562},{"id":72734,"n":"Pain de mie Schär - Céréales Sans gluten - 300g","p":3.51,"u":"11,70 €/KG","img":"https://fd13-photos.leclercdrive.fr/image.ashx?id=2659421&use=l&cat=p&typeid=i","cat":318654},{"id":72745,"n":"Lait céréales bébé Blédiner 6m Épinards soir - 2x250ml","p":2.11,"u":"4,22 €/L","img":"https://fd13-photos.leclercdrive.fr/image.ashx?id=2730052&use=l&cat=p&typeid=i","cat":312239},{"id":72784,"n":"Steak haché Tendre & Plus Maxi burger 15%MG - 400g","p":6.89,"u":"17,23 €/KG","img":"https://fd13-photos.leclercdrive.fr/image.ashx?id=2612162&use=l&cat=p&typeid=i","cat":284332},{"id":72786,"n":"Bière blonde Pelforth Fût pression - 5L","p":14.75,"u":"2,95 €/L","img":"https://fd13-photos.leclercdrive.fr/image.ashx?id=2767249&use=l&cat=p&typeid=i","cat":334879},{"id":72789,"n":"Bière blonde Desperados Fût 5L","p":18.77,"u":"3,75 €/L","img":"https://fd13-photos.leclercdrive.fr/image.ashx?id=2983513&use=l&cat=p&typeid=i","cat":334879},{"id":72791,"n":"Bière Desperados 3x33cl","p":4.33,"u":"4,37 €/L","img":"https://fd13-photos.leclercdrive.fr/image.ashx?id=2983120&use=l&cat=p&typeid=i","cat":334878},{"id":72894,"n":"Huile d'olive Rustica Vierge extra fruité - 75cl","p":7.99,"u":"10,65 €/L","img":"https://fd13-photos.leclercdrive.fr/image.ashx?id=2898029&use=l&cat=p&typeid=i","cat":284453},{"id":72932,"n":"Spaghetti bolognaise Côté Table 415g","p":2.06,"u":"4,96 €/KG","img":"https://fd13-photos.leclercdrive.fr/image.ashx?id=2977882&use=l&cat=p&typeid=i","cat":284442},{"id":72976,"n":"Vaseline pure Mercurochrome 75ml","p":2.77,"u":"36,93 €/L","img":"https://fd13-photos.leclercdrive.fr/image.ashx?id=2663992&use=l&cat=p&typeid=i","cat":284630},{"id":72988,"n":"Eau Micellaire Biphase Garnier Maquillage Waterproof - 400ml","p":3.99,"u":"9,98 €/L","img":"https://fd13-photos.leclercdrive.fr/image.ashx?id=2286299&use=l&cat=p&typeid=i","cat":284603},{"id":73006,"n":"Sauce pour nems Tables du monde 125ml","p":0.99,"u":"7,92 €/L","img":"https://fd13-photos.leclercdrive.fr/image.ashx?id=2526306&use=l&cat=p&typeid=i","cat":288992},{"id":73084,"n":"Crème Hydratante Visage Mixa Peaux Sensibles - 100ml","p":2.78,"u":"27,80 €/L","img":"https://fd13-photos.leclercdrive.fr/image.ashx?id=2300749&use=l&cat=p&typeid=i","cat":325345},{"id":73335,"n":"Oreiller Tissaia Mémoire de forme - 60x60cm","p":18.95,"u":"Dont 0,20 € d'éco-part.","img":"https://fd13-photos.leclercdrive.fr/image.ashx?id=2648475&use=l&cat=p&typeid=i","cat":288835},{"id":73689,"n":"Pomme jaune bio Bio Village x4","p":2.02,"u":"0,51 €/P","img":"https://fd13-photos.leclercdrive.fr/image.ashx?id=2556544&use=l&cat=p&typeid=i","cat":284356},{"id":73697,"n":"Compote Allégée en sucres Eco+ Bocal pomme - 720g","p":0.85,"u":"1,18 €/KG","img":"https://fd13-photos.leclercdrive.fr/image.ashx?id=2953185&use=l&cat=p&typeid=i","cat":284508},{"id":73706,"n":"Riz basmati Eco+ 1kg","p":2.01,"u":"2,01 €/KG","img":"https://fd13-photos.leclercdrive.fr/image.ashx?id=2141651&use=l&cat=p&typeid=i","cat":284428},{"id":73708,"n":"Purée de tomate Eco+ Brique - 500g","p":0.52,"u":"1,04 €/KG","img":"https://fd13-photos.leclercdrive.fr/image.ashx?id=2955282&use=l&cat=p&typeid=i","cat":288384},{"id":73714,"n":"Filets maquereau Eco+ Au vin blanc - 176g","p":1.03,"u":"5,85 €/KG","img":"https://fd13-photos.leclercdrive.fr/image.ashx?id=2067881&use=l&cat=p&typeid=i","cat":303868},{"id":73717,"n":"Pommes de terre Eco+ 530g","p":1.17,"u":"2,21 €/KG","img":"https://fd13-photos.leclercdrive.fr/image.ashx?id=2473186&use=l&cat=p&typeid=i","cat":312612},{"id":73727,"n":"Bouchées pour chats  Eco+ Boeuf poulet légumes - 410g","p":0.79,"u":"1,93 €/KG","img":"https://fd13-photos.leclercdrive.fr/image.ashx?id=1292464&use=l&cat=p&typeid=i","cat":285601},{"id":73729,"n":"Tartelettes à la fraise Eco+ x12 - 200g","p":0.8,"u":"4,00 €/KG","img":"https://fd13-photos.leclercdrive.fr/image.ashx?id=2869757&use=l&cat=p&typeid=i","cat":284489},{"id":73732,"n":"Gel WC javel Eco+ 750ml","p":0.57,"u":"0,76 €/L","img":"https://fd13-photos.leclercdrive.fr/image.ashx?id=2768074&use=l&cat=p&typeid=i","cat":284662},{"id":73735,"n":"Café moulu Eco+ Pur arabica - 500g","p":6.44,"u":"12,88 €/KG","img":"https://fd13-photos.leclercdrive.fr/image.ashx?id=2874374&use=l&cat=p&typeid=i","cat":284750},{"id":73781,"n":"Maïs doux Eco+ 285g","p":0.8,"u":"2,81 €/KG","img":"https://fd13-photos.leclercdrive.fr/image.ashx?id=3003738&use=l&cat=p&typeid=i","cat":312611},{"id":73785,"n":"Gateaux fourrage chocolat Eco+ x14 - 420g","p":1.98,"u":"4,71 €/KG","img":"https://fd13-photos.leclercdrive.fr/image.ashx?id=2690913&use=l&cat=p&typeid=i","cat":284369},{"id":73789,"n":"Rhum vieux agricole Damoiseau 42% vol - 70cl","p":22.6,"pp":20.34,"u":"29,06 €/L","img":"https://fd13-photos.leclercdrive.fr/image.ashx?id=1899300&use=l&cat=p&typeid=i","cat":284550},{"id":73797,"n":"Pâtes Eco+ Macaroni - 1kg","p":1.01,"u":"1,01 €/KG","img":"https://fd13-photos.leclercdrive.fr/image.ashx?id=2887395&use=l&cat=p&typeid=i","cat":284427},{"id":73798,"n":"Pâtes Eco+ Coquillettes - 1kg","p":1.03,"u":"1,03 €/KG","img":"https://fd13-photos.leclercdrive.fr/image.ashx?id=2885723&use=l&cat=p&typeid=i","cat":284427},{"id":73799,"n":"Pâtes Eco+ Torsades - 1kg","p":1.0,"u":"1,00 €/KG","img":"https://fd13-photos.leclercdrive.fr/image.ashx?id=2885726&use=l&cat=p&typeid=i","cat":284427},{"id":73800,"n":"Dosettes café Eco+ 100% arabica - x48 - 336g","p":4.32,"u":"12,86 €/KG","img":"https://fd13-photos.leclercdrive.fr/image.ashx?id=2711586&use=l&cat=p&typeid=i","cat":293238},{"id":73801,"n":"Dosettes café Eco+ 100% Robusta - x48 - 336g","p":4.09,"u":"12,17 €/KG","img":"https://fd13-photos.leclercdrive.fr/image.ashx?id=2800222&use=l&cat=p&typeid=i","cat":293238},{"id":73803,"n":"Shampooing aux oeufs Eco+ 750ml","p":0.59,"u":"0,79 €/L","img":"https://fd13-photos.leclercdrive.fr/image.ashx?id=2181467&use=l&cat=p&typeid=i","cat":284606},{"id":73804,"n":"Lingettes démaquillantes Eco+ x25","p":0.67,"u":"0,03 €/P","img":"https://fd13-photos.leclercdrive.fr/image.ashx?id=2282156&use=l&cat=p&typeid=i","cat":284603},{"id":73805,"n":"Biscuit fourré cacao Eco+ x12 - 225g","p":0.93,"u":"4,13 €/KG","img":"https://fd13-photos.leclercdrive.fr/image.ashx?id=2834223&use=l&cat=p&typeid=i","cat":284488},{"id":73806,"n":"Eau de javel Eco+ 3x250ml","p":0.48,"u":"0,64 €/L","img":"https://fd13-photos.leclercdrive.fr/image.ashx?id=2949164&use=l&cat=p&typeid=i","cat":284661},{"id":73807,"n":"Carré coton bébé Eco+ x60","p":1.01,"u":"0,02 €/P","img":"https://fd13-photos.leclercdrive.fr/image.ashx?id=2771115&use=l&cat=p&typeid=i","cat":284739},{"id":73817,"n":"Mister Cocktail sans alcool Mojito - 75cl","p":3.33,"u":"4,44 €/L","img":"https://fd13-photos.leclercdrive.fr/image.ashx?id=2999886&use=l&cat=p&typeid=i","cat":284549},{"id":73818,"n":"Mister Cocktail sans alcool Planteur créole - 75cl","p":3.65,"u":"4,87 €/L","img":"https://fd13-photos.leclercdrive.fr/image.ashx?id=2962230&use=l&cat=p&typeid=i","cat":284549},{"id":73819,"n":"Mister Cocktail sans alcool Rosé pamplemousse - 75cl","p":3.47,"u":"4,63 €/L","img":"https://fd13-photos.leclercdrive.fr/image.ashx?id=2962224&use=l&cat=p&typeid=i","cat":284549},{"id":73820,"n":"Mister Cocktail sans alcool Sangria - 75cl","p":3.35,"u":"4,47 €/L","img":"https://fd13-photos.leclercdrive.fr/image.ashx?id=2962227&use=l&cat=p&typeid=i","cat":284551},{"id":73840,"n":"Mascarpone Galbani 41.5%mg - 250g +20% offert","p":2.38,"u":"7,93 €/KG","img":"https://fd13-photos.leclercdrive.fr/image.ashx?id=2245334&use=l&cat=p&typeid=i","cat":314026},{"id":73957,"n":"Essuie tout Original N°1 Okay Blanc - x6 rouleaux","p":4.15,"u":"0,69 €/P","img":"https://fd13-photos.leclercdrive.fr/image.ashx?id=2981346&use=l&cat=p&typeid=i","cat":284635},{"id":74048,"n":"Lasagnes à la bolognaise Eco + 1kg","p":2.64,"u":"2,64 €/KG","img":"https://fd13-photos.leclercdrive.fr/image.ashx?id=2779166&use=l&cat=p&typeid=i","cat":284254},{"id":74089,"n":"Batonnets Poissons panés Eco+ x15 - 450g","p":1.75,"u":"3,89 €/KG","img":"https://fd13-photos.leclercdrive.fr/image.ashx?id=2843565&use=l&cat=p&typeid=i","cat":319788},{"id":74090,"n":"Nectar Multifruits Eco+ Brique - 2L","p":1.38,"u":"0,69 €/L","img":"https://fd13-photos.leclercdrive.fr/image.ashx?id=2751853&use=l&cat=p&typeid=i","cat":284917},{"id":74103,"n":"Saucisse sèche Eco+ Courbé - 300g","p":3.07,"u":"10,23 €/KG","img":"https://fd13-photos.leclercdrive.fr/image.ashx?id=2845134&use=l&cat=p&typeid=i","cat":316006},{"id":74105,"n":"Pur jus d'orange Eco  1.5L","p":2.46,"u":"1,64 €/L","img":"https://fd13-photos.leclercdrive.fr/image.ashx?id=2720136&use=l&cat=p&typeid=i","cat":284521},{"id":74110,"n":"Chorizo doux Eco+ 250g","p":1.66,"u":"6,64 €/KG","img":"https://fd13-photos.leclercdrive.fr/image.ashx?id=2694082&use=l&cat=p&typeid=i","cat":316006},{"id":74114,"n":"Eau de source Eco+ 12x50cl","p":1.61,"u":"0,27 €/L","img":"https://fd13-photos.leclercdrive.fr/image.ashx?id=2991416&use=l&cat=p&typeid=i","cat":284535},{"id":74115,"n":"Petit Brie Eco+ 32%mg - 500g","p":3.39,"u":"6,78 €/KG","img":"https://fd13-photos.leclercdrive.fr/image.ashx?id=2938403&use=l&cat=p&typeid=i","cat":314033},{"id":74116,"n":"Bière blonde de luxe 4% - 50cl","p":0.57,"u":"1,14 €/L","img":"https://fd13-photos.leclercdrive.fr/image.ashx?id=2955599&use=l&cat=p&typeid=i","cat":334853},{"id":74123,"n":"Citron jaune Rustica 200ml","p":0.79,"u":"3,95 €/L","img":"https://fd13-photos.leclercdrive.fr/image.ashx?id=2627652&use=l&cat=p&typeid=i","cat":288383},{"id":74124,"n":"Citron vert Rustica 200ml","p":0.89,"u":"4,45 €/L","img":"https://fd13-photos.leclercdrive.fr/image.ashx?id=2635768&use=l&cat=p&typeid=i","cat":288383},{"id":74133,"n":"Bâtonnets de Surimi Pêche Océan MSC - x18 bâtonnets - 300g","p":2.05,"u":"6,83 €/KG","img":"https://fd13-photos.leclercdrive.fr/image.ashx?id=2981894&use=l&cat=p&typeid=i","cat":285189},{"id":74157,"n":"Bâtonnet Savoureux Pêche Océan Ail et fines herbes x16 - 256g","p":2.39,"u":"9,34 €/KG","img":"https://fd13-photos.leclercdrive.fr/image.ashx?id=2316461&use=l&cat=p&typeid=i","cat":285189},{"id":74254,"n":"Sauce airelles Charal 120g","p":1.9,"u":"15,83 €/KG","img":"https://fd13-photos.leclercdrive.fr/image.ashx?id=2144278&use=l&cat=p&typeid=i","cat":284382},{"id":74326,"n":"Crèpes fourrées P'tit Déli Chocolat noisettes - 256g","p":1.98,"u":"7,73 €/KG","img":"https://fd13-photos.leclercdrive.fr/image.ashx?id=2453195&use=l&cat=p&typeid=i","cat":284494},{"id":74344,"n":"Shampooing Naturé Moi Nourrissant - 250ml","p":2.35,"u":"9,40 €/L","img":"https://fd13-photos.leclercdrive.fr/image.ashx?id=2741472&use=l&cat=p&typeid=i","cat":284606},{"id":74381,"n":"Mousse de canard Madrange Au porto - 180g","p":1.61,"u":"8,94 €/KG","img":"https://fd13-photos.leclercdrive.fr/image.ashx?id=2865704&use=l&cat=p&typeid=i","cat":316008},{"id":74585,"n":"Tomme Pays Basque Istara  Fromage brebis et vache - 180g","p":3.37,"u":"18,72 €/KG","img":"https://fd13-photos.leclercdrive.fr/image.ashx?id=2848548&use=l&cat=p&typeid=i","cat":314031},{"id":74610,"n":"La Fermière Yaourt au lait entier Vanille - 2x140g","p":2.24,"u":"8,00 €/KG","img":"https://fd13-photos.leclercdrive.fr/image.ashx?id=3004924&use=l&cat=p&typeid=i","cat":286006},{"id":74656,"n":"Croquettes chien Purina One Medium adulte poulet riz  2.5kg","p":8.25,"u":"3,30 €/KG","img":"https://fd13-photos.leclercdrive.fr/image.ashx?id=2878384&use=l&cat=p&typeid=i","cat":284672},{"id":74857,"n":"Gateaux P'tit Déli Tout chocolat x7 - 210g","p":2.2,"u":"10,48 €/KG","img":"https://fd13-photos.leclercdrive.fr/image.ashx?id=1947372&use=l&cat=p&typeid=i","cat":294776},{"id":75337,"n":"Café en grains Méo L'original Bio - 500g","p":8.75,"u":"17,50 €/KG","img":"https://fd13-photos.leclercdrive.fr/image.ashx?id=2798533&use=l&cat=p&typeid=i","cat":293237},{"id":75357,"n":"Jus multifruits Jafaden Matin Fruité - 1L","p":2.09,"u":"2,09 €/L","img":"https://fd13-photos.leclercdrive.fr/image.ashx?id=2916713&use=l&cat=p&typeid=i","cat":285435},{"id":75359,"n":"Soupe mouliné bio Knorr Tomates oignons et herbes - 1L","p":3.28,"u":"3,28 €/L","img":"https://fd13-photos.leclercdrive.fr/image.ashx?id=2312949&use=l&cat=p&typeid=i","cat":284462},{"id":75368,"n":"Soupe Liquide bio mouliné Knorr Légumes variés - 30cl","p":1.67,"u":"5,57 €/L","img":"https://fd13-photos.leclercdrive.fr/image.ashx?id=2738290&use=l&cat=p&typeid=i","cat":284462},{"id":75426,"n":"Tofu fumé bio Bjorg - 2x100g","p":3.18,"u":"15,90 €/KG","img":"https://fd13-photos.leclercdrive.fr/image.ashx?id=2928531&use=l&cat=p&typeid=i","cat":284953},{"id":75475,"n":"Biscuits Oréo Format familial 440g","p":3.51,"u":"7,98 €/KG","img":"https://fd13-photos.leclercdrive.fr/image.ashx?id=2903827&use=l&cat=p&typeid=i","cat":284488},{"id":75557,"n":"Tablette de chocolat noir Lindt Praliné Noisettes - 225g","p":4.31,"u":"19,16 €/KG","img":"https://fd13-photos.leclercdrive.fr/image.ashx?id=2606912&use=l&cat=p&typeid=i","cat":284956},{"id":75575,"n":"Mousse canard Madrange Porto - 2x50g","p":1.22,"u":"12,20 €/KG","img":"https://fd13-photos.leclercdrive.fr/image.ashx?id=2885989&use=l&cat=p&typeid=i","cat":316008},{"id":75587,"n":"Oignon jaune bio Bio village 1kg","p":2.55,"u":"2,55 €/KG","img":"https://fd13-photos.leclercdrive.fr/image.ashx?id=3002671&use=l&cat=p&typeid=i","cat":284352},{"id":75604,"n":"Effilés viandes Plénima  Chat adulte - 4x85g","p":1.56,"u":"4,59 €/KG","img":"https://fd13-photos.leclercdrive.fr/image.ashx?id=2361122&use=l&cat=p&typeid=i","cat":285286},{"id":75605,"n":"Effilés chat adulte Plénima Viandes, Poissons - 12x85g","p":4.99,"u":"4,89 €/KG","img":"https://fd13-photos.leclercdrive.fr/image.ashx?id=2361125&use=l&cat=p&typeid=i","cat":285286},{"id":75988,"n":"Fromage blanc lait Bio Village Bio Brebis - 400g","p":2.5,"u":"6,25 €/KG","img":"https://fd13-photos.leclercdrive.fr/image.ashx?id=2839953&use=l&cat=p&typeid=i","cat":314998},{"id":76008,"n":"Chocolat au lait Lindt Création La Crème brûlée - 150g","p":3.11,"u":"20,73 €/KG","img":"https://fd13-photos.leclercdrive.fr/image.ashx?id=2685802&use=l&cat=p&typeid=i","cat":284497},{"id":76011,"n":"Chocolat noir Lindt Création Le Rocher noir - 150g","p":3.12,"u":"20,80 €/KG","img":"https://fd13-photos.leclercdrive.fr/image.ashx?id=2685808&use=l&cat=p&typeid=i","cat":284956},{"id":76015,"n":"Biscuit Speculoos Lotus Biscoff Original - 250g (2x125g)","p":1.52,"u":"6,08 €/KG","img":"https://fd13-photos.leclercdrive.fr/image.ashx?id=2854735&use=l&cat=p&typeid=i","cat":284487},{"id":76018,"n":"Biscuit spéculoos Lotus  Biscoff Original 140g","p":1.05,"u":"7,50 €/KG","img":"https://fd13-photos.leclercdrive.fr/image.ashx?id=2696079&use=l&cat=p&typeid=i","cat":284487},{"id":76024,"n":"Pain de mie seigle Epi d'Or 800g","p":2.6,"u":"3,25 €/KG","img":"https://fd13-photos.leclercdrive.fr/image.ashx?id=2209285&use=l&cat=p&typeid=i","cat":284477},{"id":76025,"n":"Cookies chocolat Eco+ Pépites de chocolat - 200g","p":0.97,"u":"4,85 €/KG","img":"https://fd13-photos.leclercdrive.fr/image.ashx?id=2821872&use=l&cat=p&typeid=i","cat":325066},{"id":76026,"n":"Biscuit tablette Eco+ Chocolat noir - 150g","p":1.09,"u":"7,27 €/KG","img":"https://fd13-photos.leclercdrive.fr/image.ashx?id=2517760&use=l&cat=p&typeid=i","cat":284488},{"id":76029,"n":"Gateaux fourrage Eco+ Fraise - x14 - 420g","p":2.29,"u":"5,45 €/KG","img":"https://fd13-photos.leclercdrive.fr/image.ashx?id=2347501&use=l&cat=p&typeid=i","cat":284495},{"id":76119,"n":"Secret de mousse La Laitière Chocolat au lait - 4x59g","p":1.47,"u":"6,23 €/KG","img":"https://fd13-photos.leclercdrive.fr/image.ashx?id=2729740&use=l&cat=p&typeid=i","cat":284417},{"id":76120,"n":"Secret de mousse la Laitière Chocolat noir - 4x59g","p":1.48,"u":"6,27 €/KG","img":"https://fd13-photos.leclercdrive.fr/image.ashx?id=2616835&use=l&cat=p&typeid=i","cat":284417},{"id":76147,"n":"Yaourt Nature Panier de Yoplait Lit de Fruits Rouges - 6x140g","p":3.09,"u":"3,68 €/KG","img":"https://fd13-photos.leclercdrive.fr/image.ashx?id=2884423&use=l&cat=p&typeid=i","cat":284410},{"id":76149,"n":"Yaourt Nature Panier de Yoplait Lit de Fruits Jaunes - 6x140g","p":3.09,"u":"3,68 €/KG","img":"https://fd13-photos.leclercdrive.fr/image.ashx?id=2884426&use=l&cat=p&typeid=i","cat":284410},{"id":76211,"n":"L'ours d'or Haribo Sachet bonbons - 300g","p":1.8,"u":"6,00 €/KG","img":"https://fd13-photos.leclercdrive.fr/image.ashx?id=2805201&use=l&cat=p&typeid=i","cat":304250},{"id":76212,"n":"Tutti Candi Haribo Sachet bonbons - 250g","p":1.74,"u":"6,96 €/KG","img":"https://fd13-photos.leclercdrive.fr/image.ashx?id=2984910&use=l&cat=p&typeid=i","cat":304250},{"id":76214,"n":"Chamallows Choco Haribo Sachet bonbons guimauve - 160g","p":1.97,"u":"12,31 €/KG","img":"https://fd13-photos.leclercdrive.fr/image.ashx?id=2984919&use=l&cat=p&typeid=i","cat":304250},{"id":76219,"n":"Cannelloni Côté Table 800g","p":2.99,"u":"3,74 €/KG","img":"https://fd13-photos.leclercdrive.fr/image.ashx?id=2977897&use=l&cat=p&typeid=i","cat":284442},{"id":76220,"n":"Raviolis Côté Table Aux 6 légumes - 800g","p":2.29,"u":"2,86 €/KG","img":"https://fd13-photos.leclercdrive.fr/image.ashx?id=2977903&use=l&cat=p&typeid=i","cat":284442},{"id":76221,"n":"Pur jus Bio Village Bio Citron Sicile - 25cl","p":1.29,"u":"5,16 €/L","img":"https://fd13-photos.leclercdrive.fr/image.ashx?id=3010446&use=l&cat=p&typeid=i","cat":288383},{"id":76224,"n":"Maoam Stripes Haribo Sachet bonbons - 250g","p":1.97,"u":"7,88 €/KG","img":"https://fd13-photos.leclercdrive.fr/image.ashx?id=2953561&use=l&cat=p&typeid=i","cat":304250},{"id":76272,"n":"Lasagnes bolognaises Côté Table Viande de boeuf français - 600g","p":3.05,"u":"5,08 €/KG","img":"https://fd13-photos.leclercdrive.fr/image.ashx?id=2597324&use=l&cat=p&typeid=i","cat":284254},{"id":76360,"n":"Soda Schweppes Indian Tonic - 1L","p":1.55,"u":"1,55 €/L","img":"https://fd13-photos.leclercdrive.fr/image.ashx?id=2852399&use=l&cat=p&typeid=i","cat":284531},{"id":76397,"n":"Tablette chocolat au lait Lindt Noisettes 34% - 150g","p":3.97,"u":"26,47 €/KG","img":"https://fd13-photos.leclercdrive.fr/image.ashx?id=1877960&use=l&cat=p&typeid=i","cat":284497},{"id":76398,"n":"Tablette de chocolat noir Lindt Amandes / Fleur de sel - 150g","p":4.19,"u":"27,93 €/KG","img":"https://fd13-photos.leclercdrive.fr/image.ashx?id=2382992&use=l&cat=p&typeid=i","cat":284956},{"id":76399,"n":"Tablette de chocolat noir Lindt Poire intense - 100g","p":2.54,"u":"25,40 €/KG","img":"https://fd13-photos.leclercdrive.fr/image.ashx?id=2209209&use=l&cat=p&typeid=i","cat":284956},{"id":76403,"n":"Tablette Chocolat Blanc Crunch 2x100g","p":3.35,"u":"16,75 €/KG","img":"https://fd13-photos.leclercdrive.fr/image.ashx?id=2899734&use=l&cat=p&typeid=i","cat":284957},{"id":76501,"n":"Chips Tortilla Old El Paso Nachips - 185g","p":2.29,"u":"12,38 €/KG","img":"https://fd13-photos.leclercdrive.fr/image.ashx?id=2444519&use=l&cat=p&typeid=i","cat":288993},{"id":76515,"n":"AOP Petit-Chablis blanc Union Vignerons - 75 cl","p":8.9,"u":"11,87 €/L","img":"https://fd13-photos.leclercdrive.fr/image.ashx?id=2417884&use=l&cat=p&typeid=i","cat":289557},{"id":76687,"n":"Citronnade pétillante Pulco Citron - 1L","p":1.88,"u":"1,88 €/L","img":"https://fd13-photos.leclercdrive.fr/image.ashx?id=2850482&use=l&cat=p&typeid=i","cat":284532},{"id":76691,"n":"Whisky Tullamore Dew 40%vol - 1L","p":25.95,"pp":20.76,"u":"20,76 €/L","img":"https://fd13-photos.leclercdrive.fr/image.ashx?id=2657802&use=l&cat=p&typeid=i","cat":284547},{"id":76719,"n":"Serviette papier Aqua Homeside Triple épaisseur 40x40cm - x20","p":1.39,"u":"0,07 €/P","img":"https://fd13-photos.leclercdrive.fr/image.ashx?id=2711710&use=l&cat=p&typeid=i","cat":334134},{"id":76723,"n":"Serviette papier Ardence Bleu nuit - 40cm - x20","p":1.39,"u":"0,07 €/P","img":"https://fd13-photos.leclercdrive.fr/image.ashx?id=2751940&use=l&cat=p&typeid=i","cat":334134},{"id":76725,"n":"Serviette papier Rouge Homeside Triple épaisseur 40x40cm - x20","p":1.39,"u":"0,07 €/P","img":"https://fd13-photos.leclercdrive.fr/image.ashx?id=1659735&use=l&cat=p&typeid=i","cat":334134},{"id":76732,"n":"Yaourt allégé Sveltesse  Chocolat - 4x125g","p":1.53,"u":"3,06 €/KG","img":"https://fd13-photos.leclercdrive.fr/image.ashx?id=2571020&use=l&cat=p&typeid=i","cat":315000},{"id":76775,"n":"Savon Liquide Savon Le Naturel Fleur d'Oranger - 500ml","p":2.26,"u":"4,52 €/L","img":"https://fd13-photos.leclercdrive.fr/image.ashx?id=2340990&use=l&cat=p&typeid=i","cat":284597},{"id":76776,"n":"Eau de toilette Daniel Hechter  Homme Caractère - 50ml","p":14.29,"pp":10.0,"u":"200,00 €/L","img":"https://fd13-photos.leclercdrive.fr/image.ashx?id=2526953&use=l&cat=p&typeid=i","cat":287740},{"id":76783,"n":"Eau de Toilette Femme Eau Jeune Echappée Belle - 75ml","p":6.87,"pp":4.81,"u":"64,13 €/L","img":"https://fd13-photos.leclercdrive.fr/image.ashx?id=2458745&use=l&cat=p&typeid=i","cat":291525},{"id":76802,"n":"Biscuits cacao Kinder Cards Au lait et au cacao x5 - 128g","p":1.86,"u":"14,53 €/KG","img":"https://fd13-photos.leclercdrive.fr/image.ashx?id=2673328&use=l&cat=p&typeid=i","cat":284488},{"id":76859,"n":"Pâté de boeuf pour chat Eco+ Barquette - 100g","p":0.24,"u":"2,40 €/KG","img":"https://fd13-photos.leclercdrive.fr/image.ashx?id=2052724&use=l&cat=p&typeid=i","cat":285286},{"id":76861,"n":"Pâté au poisson pour chat Eco+ Barquette - 100g","p":0.24,"u":"2,40 €/KG","img":"https://fd13-photos.leclercdrive.fr/image.ashx?id=2052742&use=l&cat=p&typeid=i","cat":285286},{"id":76863,"n":"Snacks chats Plénima Poisson - 50g","p":1.19,"u":"23,80 €/KG","img":"https://fd13-photos.leclercdrive.fr/image.ashx?id=2858998&use=l&cat=p&typeid=i","cat":285285},{"id":76864,"n":"Gelée Bonne Maman Mûres - 370g","p":2.73,"u":"7,38 €/KG","img":"https://fd13-photos.leclercdrive.fr/image.ashx?id=2476305&use=l&cat=p&typeid=i","cat":284480},{"id":76869,"n":"Compote bio Bio Village Gourdes multivariétés - 12x90g","p":6.29,"u":"5,82 €/KG","img":"https://fd13-photos.leclercdrive.fr/image.ashx?id=1974308&use=l&cat=p&typeid=i","cat":284508},{"id":76870,"n":"Sachet fraîcheur chien Pedigree  Mixte en gelée - 12x100g","p":5.25,"u":"4,38 €/KG","img":"https://fd13-photos.leclercdrive.fr/image.ashx?id=2870239&use=l&cat=p&typeid=i","cat":284673},{"id":76875,"n":"Confiture Bonne Maman Fraise intense - 335g","p":1.89,"u":"5,64 €/KG","img":"https://fd13-photos.leclercdrive.fr/image.ashx?id=2341008&use=l&cat=p&typeid=i","cat":284480},{"id":76876,"n":"Confiture Bonne Maman Abricot intense - 335g","p":2.04,"u":"6,09 €/KG","img":"https://fd13-photos.leclercdrive.fr/image.ashx?id=2341011&use=l&cat=p&typeid=i","cat":284480},{"id":76877,"n":"Confiture Bonne Maman Framboise intense - 335g","p":2.61,"u":"7,79 €/KG","img":"https://fd13-photos.leclercdrive.fr/image.ashx?id=2341017&use=l&cat=p&typeid=i","cat":284480},{"id":76878,"n":"Confiture Bonne Maman Fruits rouges intense - 335g","p":2.09,"u":"6,24 €/KG","img":"https://fd13-photos.leclercdrive.fr/image.ashx?id=2900977&use=l&cat=p&typeid=i","cat":284480},{"id":76880,"n":"Confiture Bonne Maman Myrtille intense - 335g","p":2.3,"u":"6,87 €/KG","img":"https://fd13-photos.leclercdrive.fr/image.ashx?id=2341020&use=l&cat=p&typeid=i","cat":284480},{"id":76882,"n":"Sachet chat stérilisé Perfect Fit poulet boeuf sauce - 4x85g","p":2.7,"u":"7,94 €/KG","img":"https://fd13-photos.leclercdrive.fr/image.ashx?id=2759721&use=l&cat=p&typeid=i","cat":285286},{"id":76883,"n":"Sachet chat stérilisé Perfect Fit poissons sauce - 4x85g","p":2.7,"u":"7,94 €/KG","img":"https://fd13-photos.leclercdrive.fr/image.ashx?id=2759724&use=l&cat=p&typeid=i","cat":285286},{"id":76886,"n":"Sachet chat stérilisé Perfect  Fit poulet saumon sauce - 4x85g","p":2.75,"u":"8,09 €/KG","img":"https://fd13-photos.leclercdrive.fr/image.ashx?id=2759727&use=l&cat=p&typeid=i","cat":285286},{"id":76887,"n":"Friandises chien Pedigree  Récompense poulet canard - 130g","p":1.76,"u":"13,54 €/KG","img":"https://fd13-photos.leclercdrive.fr/image.ashx?id=2985555&use=l&cat=p&typeid=i","cat":294527},{"id":76889,"n":"Compotes Pom'Potes Gourdes  Pomme Nature - 20x90g","p":7.46,"u":"4,14 €/KG","img":"https://fd13-photos.leclercdrive.fr/image.ashx?id=2889220&use=l&cat=p&typeid=i","cat":284508},{"id":76895,"n":"Lait croissance Bio Guigoz En poudre - dès 12 mois - 800g","p":15.13,"u":"18,91 €/KG","img":"https://fd13-photos.leclercdrive.fr/image.ashx?id=2740289&use=l&cat=p&typeid=i","cat":290219},{"id":76999,"n":"Vinaigre de vin rouge Maille 50cl","p":2.25,"u":"4,50 €/L","img":"https://fd13-photos.leclercdrive.fr/image.ashx?id=2812747&use=l&cat=p&typeid=i","cat":298543},{"id":77008,"n":"Petits pains grillés Epi d'Or Briochés - 225g","p":1.45,"u":"6,44 €/KG","img":"https://fd13-photos.leclercdrive.fr/image.ashx?id=2496416&use=l&cat=p&typeid=i","cat":284479},{"id":77010,"n":"Lait concentré sucré Nestlé 8% MG - 397g","p":1.69,"u":"4,26 €/KG","img":"https://fd13-photos.leclercdrive.fr/image.ashx?id=2906832&use=l&cat=p&typeid=i","cat":299162},{"id":77017,"n":"Vinaigrette Maille Huile sésame/soja - 36cl","p":2.92,"u":"8,11 €/L","img":"https://fd13-photos.leclercdrive.fr/image.ashx?id=2985657&use=l&cat=p&typeid=i","cat":284456},{"id":77253,"n":"Préparation confiture Léonce Blanc - Crème de Marrons - 330g","p":3.53,"u":"10,70 €/KG","img":"https://fd13-photos.leclercdrive.fr/image.ashx?id=2672050&use=l&cat=p&typeid=i","cat":284481},{"id":77289,"n":"Friandises chats  Félix Poulet, foie, dinde  - 200g","p":2.49,"u":"12,45 €/KG","img":"https://fd13-photos.leclercdrive.fr/image.ashx?id=2740859&use=l&cat=p&typeid=i","cat":285285},{"id":77290,"n":"Friandises chats Félix Saveur ocean Saumon,truite 200g","p":2.49,"u":"12,45 €/KG","img":"https://fd13-photos.leclercdrive.fr/image.ashx?id=2940465&use=l&cat=p&typeid=i","cat":285285},{"id":77336,"n":"St nectaire laitier NRT AOP  300g","p":4.28,"u":"14,27 €/KG","img":"https://fd13-photos.leclercdrive.fr/image.ashx?id=2143359&use=l&cat=p&typeid=i","cat":329184},{"id":77359,"n":"Ravioli pur boeuf Côté Table Sauce italienne - 800g","p":2.19,"u":"2,74 €/KG","img":"https://fd13-photos.leclercdrive.fr/image.ashx?id=2977891&use=l&cat=p&typeid=i","cat":284442},{"id":77360,"n":"Ravioli bolognaise Côté Table 800g","p":2.89,"u":"3,61 €/KG","img":"https://fd13-photos.leclercdrive.fr/image.ashx?id=3015099&use=l&cat=p&typeid=i","cat":284442},{"id":77382,"n":"Filets maqueraux Pêche Océan Vin blanc citron romarin - 176g","p":1.85,"u":"10,51 €/KG","img":"https://fd13-photos.leclercdrive.fr/image.ashx?id=2436681&use=l&cat=p&typeid=i","cat":303868},{"id":77465,"n":"Fromages râpé spécial Pizza Les Croisés familial - 350g","p":3.94,"u":"11,26 €/KG","img":"https://fd13-photos.leclercdrive.fr/image.ashx?id=2897805&use=l&cat=p&typeid=i","cat":314035},{"id":77504,"n":"Kit pour Fajitas Old El Paso Original - 500g","p":4.79,"u":"9,58 €/KG","img":"https://fd13-photos.leclercdrive.fr/image.ashx?id=2759709&use=l&cat=p&typeid=i","cat":288993},{"id":77541,"n":"IGP Pays d'Oc blanc Ventenac Coup de chance 12% vol - 75 cl","p":5.5,"u":"7,33 €/L","img":"https://fd13-photos.leclercdrive.fr/image.ashx?id=2429467&use=l&cat=p&typeid=i","cat":289557},{"id":77542,"n":"IGP Côtes de Gascogne Vin blanc Domaine Herre - 75cl","p":5.95,"u":"7,93 €/L","img":"https://fd13-photos.leclercdrive.fr/image.ashx?id=2433099&use=l&cat=p&typeid=i","cat":289557},{"id":77543,"n":"IGP Côtes de Gascogne rosé Réserve de l'Herré - 75cl","p":3.9,"u":"5,20 €/L","img":"https://fd13-photos.leclercdrive.fr/image.ashx?id=2887122&use=l&cat=p&typeid=i","cat":289558},{"id":77557,"n":"Rhum blanc Charrette  40%vol - 2L","p":27.99,"u":"14,00 €/L","img":"https://fd13-photos.leclercdrive.fr/image.ashx?id=2811491&use=l&cat=p&typeid=i","cat":284550},{"id":77563,"n":"Blanc de poulet Fleury Michon fumé x6 - 180g","p":3.22,"u":"17,89 €/KG","img":"https://fd13-photos.leclercdrive.fr/image.ashx?id=2984886&use=l&cat=p&typeid=i","cat":316010},{"id":77652,"n":"Plaisir Citron  Recette Lenôtre - 410g","p":7.27,"u":"17,73 €/KG","img":"https://fd13-photos.leclercdrive.fr/image.ashx?id=2807747&use=l&cat=p&typeid=i","cat":284267},{"id":77681,"n":"Amandes décortiquées Vahiné 125g","p":3.45,"u":"27,60 €/KG","img":"https://fd13-photos.leclercdrive.fr/image.ashx?id=2559805&use=l&cat=p&typeid=i","cat":284504},{"id":77683,"n":"Gousses vanille Vahiné x2","p":6.16,"u":"3,08 €/P","img":"https://fd13-photos.leclercdrive.fr/image.ashx?id=2524317&use=l&cat=p&typeid=i","cat":284504},{"id":77694,"n":"Yaourt 0% nature Soignon Au lait de chèvre - 4x125g","p":2.36,"u":"4,72 €/KG","img":"https://fd13-photos.leclercdrive.fr/image.ashx?id=2547203&use=l&cat=p&typeid=i","cat":314998},{"id":77696,"n":"Yaourt brassé myrtille Soignon Au lait de chèvre - 4x125g","p":2.61,"u":"5,22 €/KG","img":"https://fd13-photos.leclercdrive.fr/image.ashx?id=2518259&use=l&cat=p&typeid=i","cat":314998},{"id":77701,"n":"LE NATURE AU LAIT DE BREBIS 4x110g SOIGNON","p":2.58,"u":"5,86 €/KG","img":"https://fd13-photos.leclercdrive.fr/image.ashx?id=2948111&use=l&cat=p&typeid=i","cat":314998},{"id":77702,"n":"LE VANILLE AU LAIT DE BREBIS 4x110g SOIGNON","p":2.95,"u":"6,70 €/KG","img":"https://fd13-photos.leclercdrive.fr/image.ashx?id=2948114&use=l&cat=p&typeid=i","cat":314998},{"id":77705,"n":"BRASSE AU LAIT DE BREBIS MÛRE-FRAMBOISE 4x110g SOIGNON","p":2.95,"u":"6,70 €/KG","img":"https://fd13-photos.leclercdrive.fr/image.ashx?id=2948123&use=l&cat=p&typeid=i","cat":314998},{"id":77727,"n":"Pain Bagel La Boulangère x2 - 180g","p":1.39,"u":"7,72 €/KG","img":"https://fd13-photos.leclercdrive.fr/image.ashx?id=2333959&use=l&cat=p&typeid=i","cat":284985},{"id":77731,"n":"Pâte à sucre Vahiné 250g","p":3.28,"u":"13,12 €/KG","img":"https://fd13-photos.leclercdrive.fr/image.ashx?id=2559874&use=l&cat=p&typeid=i","cat":284504},{"id":77734,"n":"Pains au chocolat Fournée Dorée Beurre frais x8 - 360g","p":2.49,"u":"6,92 €/KG","img":"https://fd13-photos.leclercdrive.fr/image.ashx?id=2950354&use=l&cat=p&typeid=i","cat":296366},{"id":77735,"n":"IGP Vinaigrette à l'orange Maille 36cl","p":2.48,"u":"6,89 €/L","img":"https://fd13-photos.leclercdrive.fr/image.ashx?id=2082855&use=l&cat=p&typeid=i","cat":284456},{"id":77739,"n":"Crème sans rinçage Elsève Cheveu Abimé, Cassant - 200ml","p":4.93,"u":"24,65 €/L","img":"https://fd13-photos.leclercdrive.fr/image.ashx?id=2948980&use=l&cat=p&typeid=i","cat":284608},{"id":77745,"n":"Sauce Gourmet Amora Béarnaise - 184g","p":1.78,"u":"9,67 €/KG","img":"https://fd13-photos.leclercdrive.fr/image.ashx?id=2387876&use=l&cat=p&typeid=i","cat":318430},{"id":77746,"n":"Sauce Gourmet Amora Burger - 188g","p":1.69,"u":"8,99 €/KG","img":"https://fd13-photos.leclercdrive.fr/image.ashx?id=2387879&use=l&cat=p&typeid=i","cat":318430},{"id":77754,"n":"Pain grillé Pelletier Goût brioche - 500g","p":3.04,"u":"6,08 €/KG","img":"https://fd13-photos.leclercdrive.fr/image.ashx?id=3002246&use=l&cat=p&typeid=i","cat":284479},{"id":77755,"n":"Vinaigrette Légère MAILLE Vin Rouge & Echalotes - 36cl","p":2.46,"u":"6,83 €/L","img":"https://fd13-photos.leclercdrive.fr/image.ashx?id=2788154&use=l&cat=p&typeid=i","cat":284456},{"id":77811,"n":"Roll-On EasyWax Expert Veet Appareil + Recharge Cire 50ml","p":12.14,"img":"https://fd13-photos.leclercdrive.fr/image.ashx?id=2854345&use=l&cat=p&typeid=i","cat":325351},{"id":77855,"n":"Huile à barbe L'Oréal Paris Men Expert bois de cèdre - 30ml","p":8.74,"u":"291,33 €/L","img":"https://fd13-photos.leclercdrive.fr/image.ashx?id=3008770&use=l&cat=p&typeid=i","cat":284622},{"id":77877,"n":"Fromage Holland Master  Gouda Vieux AOP - 200g","p":3.47,"u":"17,35 €/KG","img":"https://fd13-photos.leclercdrive.fr/image.ashx?id=1975748&use=l&cat=p&typeid=i","cat":314034},{"id":77882,"n":"Houmous L'Atelier Blini Extra au citron - 175g","p":2.69,"u":"15,37 €/KG","img":"https://fd13-photos.leclercdrive.fr/image.ashx?id=2868984&use=l&cat=p&typeid=i","cat":315999},{"id":77885,"n":"Eau de bleuets Christian Lenart 200ml","p":3.82,"u":"19,10 €/L","img":"https://fd13-photos.leclercdrive.fr/image.ashx?id=2324807&use=l&cat=p&typeid=i","cat":325345},{"id":77919,"n":"Dentifrice Email Diamant Blancheur absolue tube - 75ml","p":3.98,"u":"53,07 €/L","img":"https://fd13-photos.leclercdrive.fr/image.ashx?id=1781300&use=l&cat=p&typeid=i","cat":284612},{"id":77946,"n":"Soin visage L'Oréal Paris Revitalift anti-âge - 50ml","p":13.47,"u":"269,40 €/L","img":"https://fd13-photos.leclercdrive.fr/image.ashx?id=2867527&use=l&cat=p&typeid=i","cat":325345},{"id":77970,"n":"Emiettés de rouget Gastromer A la provençale - 150g","p":2.32,"u":"15,47 €/KG","img":"https://fd13-photos.leclercdrive.fr/image.ashx?id=1605680&use=l&cat=p&typeid=i","cat":285191},{"id":77980,"n":"Parmigiano Reg AOP Casa Azzurra Copeaux - 80g","p":2.78,"u":"34,75 €/KG","img":"https://fd13-photos.leclercdrive.fr/image.ashx?id=2261954&use=l&cat=p&typeid=i","cat":314035},{"id":77986,"n":"Houmous Blini 200g","p":1.92,"u":"9,60 €/KG","img":"https://fd13-photos.leclercdrive.fr/image.ashx?id=2487716&use=l&cat=p&typeid=i","cat":315999},{"id":78022,"n":"Emiettés de maquereau Gastromer 150g","p":2.39,"u":"15,93 €/KG","img":"https://fd13-photos.leclercdrive.fr/image.ashx?id=1926699&use=l&cat=p&typeid=i","cat":285191},{"id":78071,"n":"Café moulu L'Or Doux 100% Arabica - 2x250g","p":9.27,"u":"18,54 €/KG","img":"https://fd13-photos.leclercdrive.fr/image.ashx?id=1876661&use=l&cat=p&typeid=i","cat":284750},{"id":78075,"n":"Café moulu L'Or Intense 100% Arabica - 250g","p":4.67,"u":"18,68 €/KG","img":"https://fd13-photos.leclercdrive.fr/image.ashx?id=2289927&use=l&cat=p&typeid=i","cat":284750},{"id":78078,"n":"Café moulu San Marco n°7 - 250g","p":5.41,"u":"21,64 €/KG","img":"https://fd13-photos.leclercdrive.fr/image.ashx?id=2322169&use=l&cat=p&typeid=i","cat":284750},{"id":78083,"n":"Capsules café L'Or Espresso Lungo Profondo N°8 x10","p":3.59,"u":"69,04 €/KG","img":"https://fd13-photos.leclercdrive.fr/image.ashx?id=2100281&use=l&cat=p&typeid=i","cat":284749},{"id":78087,"n":"Café solubleMaxwell House Qualité Filtre Jarre - 100g","p":4.99,"u":"49,90 €/KG","img":"https://fd13-photos.leclercdrive.fr/image.ashx?id=1793910&use=l&cat=p&typeid=i","cat":284843},{"id":78090,"n":"Café solubleMaxwell House Qualité Filtre Recharge - 235g","p":5.9,"u":"32,78 €/KG","img":"https://fd13-photos.leclercdrive.fr/image.ashx?id=1793916&use=l&cat=p&typeid=i","cat":284843},{"id":78092,"n":"Purée de brocolis Florette 2x200g","p":2.94,"u":"7,35 €/KG","img":"https://fd13-photos.leclercdrive.fr/image.ashx?id=2790009&use=l&cat=p&typeid=i","cat":333665},{"id":78097,"n":"Ail Ducros Flacon moulin - 40g","p":3.37,"u":"84,25 €/KG","img":"https://fd13-photos.leclercdrive.fr/image.ashx?id=2486569&use=l&cat=p&typeid=i","cat":298297},{"id":78098,"n":"Sauce Épicée TABASCO Piment Rouge - 60ml","p":2.44,"u":"40,67 €/L","img":"https://fd13-photos.leclercdrive.fr/image.ashx?id=2961317&use=l&cat=p&typeid=i","cat":298298},{"id":78105,"n":"Capsules café L'Or Espresso Splendente N°7 x10","p":3.29,"u":"63,27 €/KG","img":"https://fd13-photos.leclercdrive.fr/image.ashx?id=3000465&use=l&cat=p&typeid=i","cat":284749},{"id":78107,"n":"Capsules café L'Or Espresso Decaffeinato N°6 x10","p":3.14,"u":"60,38 €/KG","img":"https://fd13-photos.leclercdrive.fr/image.ashx?id=2100275&use=l&cat=p&typeid=i","cat":284749},{"id":78108,"n":"Capsules café L'Or Espresso Or Absolu N°9 x10","p":3.59,"u":"69,04 €/KG","img":"https://fd13-photos.leclercdrive.fr/image.ashx?id=2100287&use=l&cat=p&typeid=i","cat":284749},{"id":78133,"n":"Sablés framboise Bonne Maman 150g","p":1.69,"u":"11,27 €/KG","img":"https://fd13-photos.leclercdrive.fr/image.ashx?id=2936215&use=l&cat=p&typeid=i","cat":284487},{"id":78135,"n":"Safran filament Ducros 0.35g","p":5.9,"img":"https://fd13-photos.leclercdrive.fr/image.ashx?id=2474296&use=l&cat=p&typeid=i","cat":298297},{"id":78138,"n":"Sablé de Retz Saint Michel Oter Bahlsen - 2x120g","p":1.65,"u":"6,88 €/KG","img":"https://fd13-photos.leclercdrive.fr/image.ashx?id=2935684&use=l&cat=p&typeid=i","cat":284487},{"id":78150,"n":"Biscuits aux amandes Kambly Tradition Suisse Rocher - 80g","p":2.43,"u":"30,38 €/KG","img":"https://fd13-photos.leclercdrive.fr/image.ashx?id=2883747&use=l&cat=p&typeid=i","cat":284487},{"id":78154,"n":"Fusilli Chaque Jour  Sans gluten - 400g","p":1.75,"u":"4,38 €/KG","img":"https://fd13-photos.leclercdrive.fr/image.ashx?id=1292720&use=l&cat=p&typeid=i","cat":284427},{"id":78158,"n":"Biscuits Palmier Saint Michel 100g","p":1.48,"u":"14,80 €/KG","img":"https://fd13-photos.leclercdrive.fr/image.ashx?id=2936185&use=l&cat=p&typeid=i","cat":284487},{"id":78160,"n":"Petits cookies Bonne Maman Pépites de chocolat - 250g","p":1.86,"u":"7,44 €/KG","img":"https://fd13-photos.leclercdrive.fr/image.ashx?id=2936170&use=l&cat=p&typeid=i","cat":325066},{"id":78176,"n":"Mini cônes Extrême Vanille Chocolat x8 - 312g","p":3.69,"u":"11,83 €/KG","img":"https://fd13-photos.leclercdrive.fr/image.ashx?id=2737030&use=l&cat=p&typeid=i","cat":284264},{"id":78177,"n":"Glace Extrême mini Vanille/pecan/cookie - 8x39g","p":3.79,"u":"12,15 €/KG","img":"https://fd13-photos.leclercdrive.fr/image.ashx?id=2346485&use=l&cat=p&typeid=i","cat":284264},{"id":78192,"n":"Pizza extrème Marie L'américaine - 530g","p":3.7,"u":"6,98 €/KG","img":"https://fd13-photos.leclercdrive.fr/image.ashx?id=2996767&use=l&cat=p&typeid=i","cat":284256},{"id":78204,"n":"Biscuits Palmito LU 100g","p":0.78,"u":"7,80 €/KG","img":"https://fd13-photos.leclercdrive.fr/image.ashx?id=3001949&use=l&cat=p&typeid=i","cat":284487},{"id":78210,"n":"Biscuits Nutella B-ready 6x22g","p":1.89,"u":"14,32 €/KG","img":"https://fd13-photos.leclercdrive.fr/image.ashx?id=2770602&use=l&cat=p&typeid=i","cat":284488},{"id":78212,"n":"Biscuits Mini Prince Fourré chocolat - 160g","p":1.78,"u":"11,13 €/KG","img":"https://fd13-photos.leclercdrive.fr/image.ashx?id=1864026&use=l&cat=p&typeid=i","cat":284488},{"id":78214,"n":"Cookies mini Granola Pépites de chocolat - 160g","p":1.7,"u":"10,63 €/KG","img":"https://fd13-photos.leclercdrive.fr/image.ashx?id=3002252&use=l&cat=p&typeid=i","cat":325066},{"id":78223,"n":"Crevettes Nordiques Balthor Décortiquées - 90g","p":4.07,"u":"45,22 €/KG","img":"https://fd13-photos.leclercdrive.fr/image.ashx?id=2105143&use=l&cat=p&typeid=i","cat":305147},{"id":78430,"n":"Coquilles St Jacques  à la bretonne - 2x110g","p":5.2,"u":"23,64 €/KG","img":"https://fd13-photos.leclercdrive.fr/image.ashx?id=2604620&use=l&cat=p&typeid=i","cat":319775},{"id":78447,"n":"Café soluble Nescafé Spécial filtre décaféiné - 200g","p":7.39,"u":"36,95 €/KG","img":"https://fd13-photos.leclercdrive.fr/image.ashx?id=2864071&use=l&cat=p&typeid=i","cat":284843},{"id":78496,"n":"Boudoirs Brossard x30 - 175g","p":1.58,"u":"9,03 €/KG","img":"https://fd13-photos.leclercdrive.fr/image.ashx?id=2964995&use=l&cat=p&typeid=i","cat":284487},{"id":78544,"n":"Ravioli pur boeuf Côté Table  400g","p":1.35,"u":"3,38 €/KG","img":"https://fd13-photos.leclercdrive.fr/image.ashx?id=2977894&use=l&cat=p&typeid=i","cat":284442},{"id":78546,"n":"Ravioli bolognaise Côté Table 400g","p":1.99,"u":"4,98 €/KG","img":"https://fd13-photos.leclercdrive.fr/image.ashx?id=3014275&use=l&cat=p&typeid=i","cat":284442},{"id":78574,"n":"Biscuits Choc'land Magie BN Chocolat au lait - 150g","p":1.78,"u":"11,87 €/KG","img":"https://fd13-photos.leclercdrive.fr/image.ashx?id=1739699&use=l&cat=p&typeid=i","cat":284488},{"id":78577,"n":"Gaufrettes Brun  Chocolat - 146g","p":0.81,"u":"5,55 €/KG","img":"https://fd13-photos.leclercdrive.fr/image.ashx?id=2842543&use=l&cat=p&typeid=i","cat":284487},{"id":78580,"n":"Gaufrettes Brun  Vanille - 146g","p":0.83,"u":"5,68 €/KG","img":"https://fd13-photos.leclercdrive.fr/image.ashx?id=2354320&use=l&cat=p&typeid=i","cat":284487},{"id":78594,"n":"Biscuits croquants Délichoc Chocolat noir - 150g","p":1.39,"u":"9,27 €/KG","img":"https://fd13-photos.leclercdrive.fr/image.ashx?id=2956307&use=l&cat=p&typeid=i","cat":284488},{"id":78618,"n":"Assiettes en carton Eco+ x100","p":3.19,"img":"https://fd13-photos.leclercdrive.fr/image.ashx?id=1307672&use=l&cat=p&typeid=i","cat":334134},{"id":78625,"n":"4 attaches adéhsives Eco+ Pour rideaux","p":0.8,"u":"0,20 €/P","img":"https://fd13-photos.leclercdrive.fr/image.ashx?id=1308197&use=l&cat=p&typeid=i","cat":335909},{"id":78642,"n":"Nappe damassée Homeside Turquoise - 7m","p":2.96,"img":"https://fd13-photos.leclercdrive.fr/image.ashx?id=2713581&use=l&cat=p&typeid=i","cat":334134},{"id":78645,"n":"Nappe damassée Homeside Bleu ciel - 7m","p":2.19,"u":"0,31 €/MT","img":"https://fd13-photos.leclercdrive.fr/image.ashx?id=2693144&use=l&cat=p&typeid=i","cat":334134},{"id":78669,"n":"Champagne brut Mercier 12%vol - 37,5cl","p":13.15,"u":"35,07 €/L","img":"https://fd13-photos.leclercdrive.fr/image.ashx?id=1867177&use=l&cat=p&typeid=i","cat":284542},{"id":78714,"n":"Mayonnaise Eco+ Flacon souple - 450g","p":1.27,"u":"2,82 €/KG","img":"https://fd13-photos.leclercdrive.fr/image.ashx?id=2954331&use=l&cat=p&typeid=i","cat":298295},{"id":78715,"n":"Gaufrettes vanille Eco+ 190g","p":0.69,"u":"3,63 €/KG","img":"https://fd13-photos.leclercdrive.fr/image.ashx?id=2568759&use=l&cat=p&typeid=i","cat":284487},{"id":78716,"n":"Gaufrettes chocolat Eco+ 190g","p":0.69,"u":"3,63 €/KG","img":"https://fd13-photos.leclercdrive.fr/image.ashx?id=2843036&use=l&cat=p&typeid=i","cat":284487},{"id":78717,"n":"Brioche tranchée Eco+ Nature - 500g","p":1.19,"u":"2,38 €/KG","img":"https://fd13-photos.leclercdrive.fr/image.ashx?id=2605086&use=l&cat=p&typeid=i","cat":284478},{"id":78719,"n":"Goûter fourré rond Eco+ Vanille - 500g","p":1.43,"u":"2,86 €/KG","img":"https://fd13-photos.leclercdrive.fr/image.ashx?id=2223611&use=l&cat=p&typeid=i","cat":284489},{"id":78722,"n":"Tartelettes à l'abricot Eco+ x12 - 200g","p":0.8,"u":"4,00 €/KG","img":"https://fd13-photos.leclercdrive.fr/image.ashx?id=2869754&use=l&cat=p&typeid=i","cat":284489},{"id":78723,"n":"Petits beurre Eco+ x24 - 175g","p":0.58,"u":"3,31 €/KG","img":"https://fd13-photos.leclercdrive.fr/image.ashx?id=1959561&use=l&cat=p&typeid=i","cat":284487},{"id":78726,"n":"Biscuits petit déjeuner Eco+ x25 - 350g","p":0.73,"u":"2,09 €/KG","img":"https://fd13-photos.leclercdrive.fr/image.ashx?id=2550821&use=l&cat=p&typeid=i","cat":284491},{"id":78729,"n":"Biscuits sablés Sprits Eco+ 400g","p":1.13,"u":"2,83 €/KG","img":"https://fd13-photos.leclercdrive.fr/image.ashx?id=2997919&use=l&cat=p&typeid=i","cat":284487},{"id":78732,"n":"Guacamole Old El Paso Doux - 320g","p":2.23,"u":"6,97 €/KG","img":"https://fd13-photos.leclercdrive.fr/image.ashx?id=2737612&use=l&cat=p&typeid=i","cat":288993},{"id":78734,"n":"Boisson gourmande PAGO Red ACE Orange sang carotte ctrn - 75cl","p":1.79,"u":"2,39 €/L","img":"https://fd13-photos.leclercdrive.fr/image.ashx?id=2861234&use=l&cat=p&typeid=i","cat":284915},{"id":78744,"n":"Pain de mie Schär - Classic Sans gluten - 300g","p":3.59,"u":"11,97 €/KG","img":"https://fd13-photos.leclercdrive.fr/image.ashx?id=2659418&use=l&cat=p&typeid=i","cat":318654},{"id":78745,"n":"Crackers Schar Sans gluten - 210g","p":3.58,"u":"17,05 €/KG","img":"https://fd13-photos.leclercdrive.fr/image.ashx?id=2439941&use=l&cat=p&typeid=i","cat":297000},{"id":78767,"n":"Chocolat noir Bio Ethiquable Côte d'Ivoire/Bolivie - 100g","p":2.58,"u":"25,80 €/KG","img":"https://fd13-photos.leclercdrive.fr/image.ashx?id=3003378&use=l&cat=p&typeid=i","cat":284956},{"id":78771,"n":"Galette Bonne Maman x12 - 170g","p":1.61,"u":"9,47 €/KG","img":"https://fd13-photos.leclercdrive.fr/image.ashx?id=2935792&use=l&cat=p&typeid=i","cat":284487},{"id":78773,"n":"Tablette de chocolat noir Lindt Noir 78% cacao - 100g","p":2.46,"u":"24,60 €/KG","img":"https://fd13-photos.leclercdrive.fr/image.ashx?id=2689481&use=l&cat=p&typeid=i","cat":284956},{"id":78827,"n":"Crème dessert caramel Ker Ronan - 4x105g","p":2.3,"u":"5,48 €/KG","img":"https://fd13-photos.leclercdrive.fr/image.ashx?id=1989546&use=l&cat=p&typeid=i","cat":285041},{"id":78828,"n":"Yaourts brassés orange/ananas Ker Ronan - 4x125g","p":2.49,"u":"4,98 €/KG","img":"https://fd13-photos.leclercdrive.fr/image.ashx?id=1989540&use=l&cat=p&typeid=i","cat":284410},{"id":78837,"n":"Fromage blanc Danone Nature 3%MG - 825g","p":2.92,"u":"3,54 €/KG","img":"https://fd13-photos.leclercdrive.fr/image.ashx?id=2813878&use=l&cat=p&typeid=i","cat":284409},{"id":78849,"n":"Yaourts brassés Ker Ronan  Citron/citron vert- 4x125g","p":2.0,"u":"4,00 €/KG","img":"https://fd13-photos.leclercdrive.fr/image.ashx?id=1989528&use=l&cat=p&typeid=i","cat":284410},{"id":78850,"n":"Yaourt nature Ker Ronan  4x125g","p":1.91,"u":"3,82 €/KG","img":"https://fd13-photos.leclercdrive.fr/image.ashx?id=1989522&use=l&cat=p&typeid=i","cat":284409},{"id":78856,"n":"Yaourts brassés Ker Ronan  Myrtille - 4x125g","p":2.39,"u":"4,78 €/KG","img":"https://fd13-photos.leclercdrive.fr/image.ashx?id=1989537&use=l&cat=p&typeid=i","cat":284410},{"id":78937,"n":"Knacki végétal Herta x6 - 210g","p":2.04,"u":"9,71 €/KG","img":"https://fd13-photos.leclercdrive.fr/image.ashx?id=2992323&use=l&cat=p&typeid=i","cat":316036},{"id":78948,"n":"Mouchoirs Ultra Lotus Blanc boîte - x72","p":1.6,"u":"0,02 €/P","img":"https://fd13-photos.leclercdrive.fr/image.ashx?id=2609300&use=l&cat=p&typeid=i","cat":284638},{"id":78953,"n":"Savon solide Bionaïa Abricot bio - 100g","p":1.39,"u":"13,90 €/KG","img":"https://fd13-photos.leclercdrive.fr/image.ashx?id=2331324&use=l&cat=p&typeid=i","cat":284597},{"id":78956,"n":"Mini viennois Côté Snack Jambon Emmental - 130g","p":1.42,"u":"10,92 €/KG","img":"https://fd13-photos.leclercdrive.fr/image.ashx?id=2882328&use=l&cat=p&typeid=i","cat":333658},{"id":78960,"n":"Mini viennois Côté Snack Poulet - 130g","p":1.45,"u":"11,15 €/KG","img":"https://fd13-photos.leclercdrive.fr/image.ashx?id=2898254&use=l&cat=p&typeid=i","cat":333658},{"id":78965,"n":"Xtrem Box Sodebo Radiatori à la Bolognaise -400g","p":3.16,"u":"7,90 €/KG","img":"https://fd13-photos.leclercdrive.fr/image.ashx?id=2638760&use=l&cat=p&typeid=i","cat":334983},{"id":78970,"n":"Ravioli emmental Bio Village Bio Basilic - 250g","p":2.99,"u":"11,96 €/KG","img":"https://fd13-photos.leclercdrive.fr/image.ashx?id=2843611&use=l&cat=p&typeid=i","cat":333682},{"id":79010,"n":"Camembert de normandie au lait  cru AOP - 250g","p":4.75,"u":"19,00 €/KG","img":"https://fd13-photos.leclercdrive.fr/image.ashx?id=1626413&use=l&cat=p&typeid=i","cat":314033},{"id":79016,"n":"Galette boulgour Céréal Bio  Bio tomate parmesan x2 200G","p":2.46,"u":"12,30 €/KG","img":"https://fd13-photos.leclercdrive.fr/image.ashx?id=2573519&use=l&cat=p&typeid=i","cat":284953},{"id":79019,"n":"Galettes bio Céréal Bio  Rroquefort, figues - 2x200g","p":2.43,"u":"12,15 €/KG","img":"https://fd13-photos.leclercdrive.fr/image.ashx?id=2573522&use=l&cat=p&typeid=i","cat":284953},{"id":79021,"n":"Galette Blé bio Céréal Bio  Pommes Terres Emmental xé 200g","p":2.94,"u":"14,70 €/KG","img":"https://fd13-photos.leclercdrive.fr/image.ashx?id=2575102&use=l&cat=p&typeid=i","cat":284953},{"id":79068,"n":"IGP Côte des roses Rosé Languedoc Roussillon 13% - 75cl","p":7.46,"u":"9,95 €/L","img":"https://fd13-photos.leclercdrive.fr/image.ashx?id=2505528&use=l&cat=p&typeid=i","cat":289558},{"id":79092,"n":"Adoucissant peaux sensibles 40 lavages - 750 ml - UNI VERT","p":1.81,"u":"2,41 €/L","img":"https://fd13-photos.leclercdrive.fr/image.ashx?id=2893334&use=l&cat=p&typeid=i","cat":284650},{"id":79095,"n":"Purée de pommes C'est Qui Le Patron - 840g","p":2.1,"u":"2,50 €/KG","img":"https://fd13-photos.leclercdrive.fr/image.ashx?id=2097662&use=l&cat=p&typeid=i","cat":284508},{"id":79181,"n":"Huile lavante Mots d'Enfants Bébé - 250ml","p":1.43,"u":"5,72 €/L","img":"https://fd13-photos.leclercdrive.fr/image.ashx?id=2485092&use=l&cat=p&typeid=i","cat":284741},{"id":79220,"n":"Petit pot bébé bio Blédina 6m  Légumes veau - 2x200g","p":2.95,"u":"7,38 €/KG","img":"https://fd13-photos.leclercdrive.fr/image.ashx?id=2974291&use=l&cat=p&typeid=i","cat":312236},{"id":79221,"n":"Petit pot bébé bio Blédina 6m  Légumes poulet - 2x200g","p":2.81,"u":"7,03 €/KG","img":"https://fd13-photos.leclercdrive.fr/image.ashx?id=2951578&use=l&cat=p&typeid=i","cat":312236},{"id":79222,"n":"Petit pot bébé bio Blédina 4-6m Carotte - 2x130g","p":1.91,"u":"7,35 €/KG","img":"https://fd13-photos.leclercdrive.fr/image.ashx?id=2833234&use=l&cat=p&typeid=i","cat":312234},{"id":79233,"n":"Petit pot bébé bio Blédina 4-6m Haricots pomme de terre -2x130g","p":1.85,"u":"7,12 €/KG","img":"https://fd13-photos.leclercdrive.fr/image.ashx?id=2831699&use=l&cat=p&typeid=i","cat":312234},{"id":79243,"n":"Petit pot bébé bio Blédina 4-6m Patate douce - 2x130g","p":1.89,"u":"7,27 €/KG","img":"https://fd13-photos.leclercdrive.fr/image.ashx?id=2848581&use=l&cat=p&typeid=i","cat":312234},{"id":79252,"n":"Compote bébé bio Blédina 6 mois Pomme banane kiwi - 2x130g","p":2.08,"u":"8,00 €/KG","img":"https://fd13-photos.leclercdrive.fr/image.ashx?id=2848560&use=l&cat=p&typeid=i","cat":312388},{"id":79260,"n":"Compote bébé bio Blédina 6 mois Pomme banane nectarine - 2x130g","p":2.0,"u":"7,69 €/KG","img":"https://fd13-photos.leclercdrive.fr/image.ashx?id=2848572&use=l&cat=p&typeid=i","cat":312388},{"id":79311,"n":"Après-Shampooing Sobio Etic Lait d'amande Bio - 200ml","p":4.11,"u":"20,55 €/L","img":"https://fd13-photos.leclercdrive.fr/image.ashx?id=2787065&use=l&cat=p&typeid=i","cat":284607},{"id":79319,"n":"Shampooing Bio Sobio Etic Cheveux Doux - 250ml","p":3.74,"u":"14,96 €/L","img":"https://fd13-photos.leclercdrive.fr/image.ashx?id=2787068&use=l&cat=p&typeid=i","cat":284606},{"id":79323,"n":"Shampooing Bio Sobio Etic Cheveux nourris - 250ml","p":3.73,"u":"14,92 €/L","img":"https://fd13-photos.leclercdrive.fr/image.ashx?id=2792681&use=l&cat=p&typeid=i","cat":284606},{"id":79402,"n":"Chorizo espagnol fort x30 - 150g","p":2.19,"u":"14,60 €/KG","img":"https://fd13-photos.leclercdrive.fr/image.ashx?id=1873728&use=l&cat=p&typeid=i","cat":316007},{"id":79467,"n":"Filet mignon Petitgas 30 tranches - 75g","p":3.31,"u":"44,13 €/KG","img":"https://fd13-photos.leclercdrive.fr/image.ashx?id=2175174&use=l&cat=p&typeid=i","cat":316007},{"id":79513,"n":"Soupe mouliné Knorr Légumes verts - 1L","p":2.18,"u":"2,18 €/L","img":"https://fd13-photos.leclercdrive.fr/image.ashx?id=2408270&use=l&cat=p&typeid=i","cat":284462},{"id":79517,"n":"Soupe velouté Knorr 9 légumes - 1L","p":1.78,"u":"1,78 €/L","img":"https://fd13-photos.leclercdrive.fr/image.ashx?id=2408273&use=l&cat=p&typeid=i","cat":284462},{"id":79519,"n":"Soupe mouliné Knorr Légumes variés - 1L","p":1.77,"u":"1,77 €/L","img":"https://fd13-photos.leclercdrive.fr/image.ashx?id=2408276&use=l&cat=p&typeid=i","cat":284462},{"id":79520,"n":"Soupe mouliné Knorr Légumes variés - 50cl","p":1.54,"u":"3,08 €/L","img":"https://fd13-photos.leclercdrive.fr/image.ashx?id=2740904&use=l&cat=p&typeid=i","cat":284462},{"id":79543,"n":"Pâtes De Cecco Linguine n°7 - 500g","p":1.55,"u":"3,10 €/KG","img":"https://fd13-photos.leclercdrive.fr/image.ashx?id=2997280&use=l&cat=p&typeid=i","cat":284427},{"id":79551,"n":"Pâtes Collezione Barilla Trofie - 500g","p":1.48,"u":"2,96 €/KG","img":"https://fd13-photos.leclercdrive.fr/image.ashx?id=2651714&use=l&cat=p&typeid=i","cat":284427},{"id":79552,"n":"Pâtes Barilla Spaghettoni n°7 - 1kg","p":1.9,"u":"1,90 €/KG","img":"https://fd13-photos.leclercdrive.fr/image.ashx?id=2392233&use=l&cat=p&typeid=i","cat":284427},{"id":79555,"n":"Sauce Tomates Barilla Basilic - 200g","p":1.25,"u":"6,25 €/KG","img":"https://fd13-photos.leclercdrive.fr/image.ashx?id=2834044&use=l&cat=p&typeid=i","cat":287599},{"id":79556,"n":"Couscous parfumé Tipiak Epice - 510g","p":2.09,"u":"4,10 €/KG","img":"https://fd13-photos.leclercdrive.fr/image.ashx?id=2882866&use=l&cat=p&typeid=i","cat":284429},{"id":79560,"n":"Madeleines moelleuses Saint Michel x10 - 250g","p":1.72,"u":"6,88 €/KG","img":"https://fd13-photos.leclercdrive.fr/image.ashx?id=2936155&use=l&cat=p&typeid=i","cat":284492},{"id":79597,"n":"Sardine tomate&huile La Quiberonaise - 69g","p":4.01,"u":"58,12 €/KG","img":"https://fd13-photos.leclercdrive.fr/image.ashx?id=2686966&use=l&cat=p&typeid=i","cat":305146},{"id":79610,"n":"Crème glacée bac vanille terres Bleues - 415g","p":5.4,"u":"13,01 €/KG","img":"https://fd13-photos.leclercdrive.fr/image.ashx?id=2657550&use=l&cat=p&typeid=i","cat":284263},{"id":79623,"n":"Barre de céréales Nature Valley  Crunchy avoine miel X5-210g","p":2.52,"u":"12,00 €/KG","img":"https://fd13-photos.leclercdrive.fr/image.ashx?id=2844472&use=l&cat=p&typeid=i","cat":285869},{"id":79624,"n":"Barre de céréales Nature Valley Crunchy avoine chocolat x5-210g","p":2.49,"u":"11,86 €/KG","img":"https://fd13-photos.leclercdrive.fr/image.ashx?id=2844475&use=l&cat=p&typeid=i","cat":285869},{"id":79625,"n":"Barre de céréales Nature Valley  Sweet & Salty chocolat x5-150g","p":2.77,"u":"18,47 €/KG","img":"https://fd13-photos.leclercdrive.fr/image.ashx?id=2737714&use=l&cat=p&typeid=i","cat":285869},{"id":79674,"n":"Mascara Maybelline  Colossal Big Shot volume Noir","p":9.6,"img":"https://fd13-photos.leclercdrive.fr/image.ashx?id=2422734&use=l&cat=p&typeid=i","cat":287029},{"id":79692,"n":"Mascara L'Oréal Paris Millions de Cils Noir","p":10.79,"pp":7.12,"img":"https://fd13-photos.leclercdrive.fr/image.ashx?id=2419167&use=l&cat=p&typeid=i","cat":287029},{"id":79798,"n":"Fond de Teint L'Oréal Paris Accord Parfait 3.D Beige Doré","p":13.94,"img":"https://fd13-photos.leclercdrive.fr/image.ashx?id=2900974&use=l&cat=p&typeid=i","cat":287029},{"id":79877,"n":"Correcteur anticerne Maybelline Instant Anti-Age 01 Beige Rose","p":12.35,"img":"https://fd13-photos.leclercdrive.fr/image.ashx?id=2770542&use=l&cat=p&typeid=i","cat":287029},{"id":79890,"n":"Kit traçage Esquisse Vert - 3 pièces","p":1.85,"img":"https://fd13-photos.leclercdrive.fr/image.ashx?id=1700866&use=l&cat=p&typeid=i","cat":334133},{"id":79892,"n":"Coffret compas Maped Open Orange - 6 pièces","p":5.08,"img":"https://fd13-photos.leclercdrive.fr/image.ashx?id=1410061&use=l&cat=p&typeid=i","cat":334133},{"id":79893,"n":"Coffret compas Maped Open Vert - 6 pièces","p":5.08,"img":"https://fd13-photos.leclercdrive.fr/image.ashx?id=1410064&use=l&cat=p&typeid=i","cat":334133},{"id":79899,"n":"Agrafeuse de poche Maped Taupe - + 400 agrafes","p":3.42,"img":"https://fd13-photos.leclercdrive.fr/image.ashx?id=1410067&use=l&cat=p&typeid=i","cat":334133},{"id":79903,"n":"Rouge à lèvres Maybelline Superstay - Matte ink 15 lover","p":12.99,"img":"https://fd13-photos.leclercdrive.fr/image.ashx?id=2925451&use=l&cat=p&typeid=i","cat":287029},{"id":79907,"n":"Poudre libre fixante Maybelline Matifiante - Lasting fix","p":8.6,"img":"https://fd13-photos.leclercdrive.fr/image.ashx?id=2925448&use=l&cat=p&typeid=i","cat":287029},{"id":79908,"n":"Eyeliner express Maybelline Liner liquide Noir","p":10.91,"img":"https://fd13-photos.leclercdrive.fr/image.ashx?id=2670854&use=l&cat=p&typeid=i","cat":287029},{"id":79909,"n":"Mascara Maybelline  Cils Sensational Intense Noir","p":9.36,"img":"https://fd13-photos.leclercdrive.fr/image.ashx?id=2278154&use=l&cat=p&typeid=i","cat":287029},{"id":79936,"n":"Jambon Tranché Fin Fleury Michon -25% de sel x4 - 120g","p":2.21,"u":"18,42 €/KG","img":"https://fd13-photos.leclercdrive.fr/image.ashx?id=2889295&use=l&cat=p&typeid=i","cat":316009},{"id":79937,"n":"Dés de jambon Fleury Michon -25% de sel - 2x75g","p":1.86,"u":"12,40 €/KG","img":"https://fd13-photos.leclercdrive.fr/image.ashx?id=2645492&use=l&cat=p&typeid=i","cat":316011},{"id":79938,"n":"Desperados Red Boite 50cl","p":1.9,"u":"3,80 €/L","img":"https://fd13-photos.leclercdrive.fr/image.ashx?id=2983111&use=l&cat=p&typeid=i","cat":334853},{"id":79940,"n":"Bière blonde Grimbergen 6,7° - 50cl canette","p":1.76,"u":"3,52 €/L","img":"https://fd13-photos.leclercdrive.fr/image.ashx?id=2605458&use=l&cat=p&typeid=i","cat":334853},{"id":79957,"n":"Paires de ciseaux Sensoft Maped Rouge - Droitier - 16cm","p":2.86,"img":"https://fd13-photos.leclercdrive.fr/image.ashx?id=1410070&use=l&cat=p&typeid=i","cat":334133},{"id":79958,"n":"Paire de ciseaux Zenoa Maped Asymétrique - Violet - 15cm","p":3.16,"img":"https://fd13-photos.leclercdrive.fr/image.ashx?id=1690508&use=l&cat=p&typeid=i","cat":334133},{"id":79959,"n":"Paire de ciseaux Zenoa Maped Asymétrique - Vert - 15cm","p":3.16,"img":"https://fd13-photos.leclercdrive.fr/image.ashx?id=1690511&use=l&cat=p&typeid=i","cat":334133},{"id":79966,"n":"Joker Pur Jus Engagé Orange sans pulpe - 1,5L","p":3.59,"u":"2,39 €/L","img":"https://fd13-photos.leclercdrive.fr/image.ashx?id=3001290&use=l&cat=p&typeid=i","cat":284521},{"id":79967,"n":"Joker Pur Jus Engagé Orange  avec pulpe - 1,5L","p":4.1,"u":"2,73 €/L","img":"https://fd13-photos.leclercdrive.fr/image.ashx?id=3008140&use=l&cat=p&typeid=i","cat":284521},{"id":79971,"n":"Boisson Citronnade Pulco Citron - 1L","p":1.89,"u":"1,89 €/L","img":"https://fd13-photos.leclercdrive.fr/image.ashx?id=2942263&use=l&cat=p&typeid=i","cat":295018},{"id":79972,"n":"Soda rouge Orangina Orange Sanguine - 1,5L","p":1.89,"u":"1,26 €/L","img":"https://fd13-photos.leclercdrive.fr/image.ashx?id=2539833&use=l&cat=p&typeid=i","cat":284532},{"id":79979,"n":"Cahier classeur Exacompta Rouge - A4 - dos 2cm","p":2.6,"img":"https://fd13-photos.leclercdrive.fr/image.ashx?id=1686109&use=l&cat=p&typeid=i","cat":284745},{"id":79980,"n":"Cahier classeur Exacompta Vert - A4 - dos 2cm","p":2.6,"img":"https://fd13-photos.leclercdrive.fr/image.ashx?id=1686112&use=l&cat=p&typeid=i","cat":284745},{"id":79981,"n":"Cahier classeur Exacompta Turquoise - A4 - dos 2cm","p":2.6,"img":"https://fd13-photos.leclercdrive.fr/image.ashx?id=1686115&use=l&cat=p&typeid=i","cat":284745},{"id":79982,"n":"Cahier classeur Exacompta Incolore - A4 - dos 2cm","p":2.6,"img":"https://fd13-photos.leclercdrive.fr/image.ashx?id=1686118&use=l&cat=p&typeid=i","cat":284745},{"id":79997,"n":"Classeur extra large Exacompta Noir - 24.2x29.7cm","p":2.75,"img":"https://fd13-photos.leclercdrive.fr/image.ashx?id=1686121&use=l&cat=p&typeid=i","cat":284745},{"id":79998,"n":"Classeur extra large Exacompta Vert pétrole - 24.2x29.7cm","p":2.75,"img":"https://fd13-photos.leclercdrive.fr/image.ashx?id=1686124&use=l&cat=p&typeid=i","cat":284745},{"id":79999,"n":"Classeur extra large Exacompta Vert - 24.2x29.7cm","p":2.75,"img":"https://fd13-photos.leclercdrive.fr/image.ashx?id=1686127&use=l&cat=p&typeid=i","cat":284745},{"id":80002,"n":"Classeur extra large Exacompta Rose - 24.2x29.7cm","p":2.75,"img":"https://fd13-photos.leclercdrive.fr/image.ashx?id=1685883&use=l&cat=p&typeid=i","cat":284745},{"id":80003,"n":"Classeur extra large Exacompta Jaune - 24.2x29.7cm","p":2.75,"img":"https://fd13-photos.leclercdrive.fr/image.ashx?id=1686133&use=l&cat=p&typeid=i","cat":284745},{"id":80004,"n":"Classeur extra large Exacompta Violet - 24.2x29.7cm","p":2.75,"img":"https://fd13-photos.leclercdrive.fr/image.ashx?id=1686136&use=l&cat=p&typeid=i","cat":284745},{"id":80005,"n":"Classeur extra large Exacompta Bleu foncé - 24.2x29.7cm","p":2.75,"img":"https://fd13-photos.leclercdrive.fr/image.ashx?id=1686139&use=l&cat=p&typeid=i","cat":284745},{"id":80007,"n":"Classeur extra-large Exacompta Bleu clair - 24.2x29.7cm","p":3.0,"img":"https://fd13-photos.leclercdrive.fr/image.ashx?id=1685886&use=l&cat=p&typeid=i","cat":284745},{"id":80016,"n":"Chemise  à élastique Elba  Gris - 21x29.7cm - Hawaï","p":1.99,"img":"https://fd13-photos.leclercdrive.fr/image.ashx?id=1410589&use=l&cat=p&typeid=i","cat":284745},{"id":80017,"n":"Chemise  à élastique Elba  Incolore- 21x29.7cm - Hawaï","p":1.99,"img":"https://fd13-photos.leclercdrive.fr/image.ashx?id=1410142&use=l&cat=p&typeid=i","cat":284745},{"id":80018,"n":"Chemise  à élastique Elba  Vert - 21x29.7cm - Hawaï","p":1.99,"img":"https://fd13-photos.leclercdrive.fr/image.ashx?id=1410145&use=l&cat=p&typeid=i","cat":284745},{"id":80019,"n":"Chemise  à élastique Elba  Rose - 21x29.7cm - Hawaï","p":1.99,"img":"https://fd13-photos.leclercdrive.fr/image.ashx?id=1410592&use=l&cat=p&typeid=i","cat":284745},{"id":80021,"n":"Chemise  à élastique Elba  Violet - 21x29.7cm - Hawaï","p":1.99,"img":"https://fd13-photos.leclercdrive.fr/image.ashx?id=1410148&use=l&cat=p&typeid=i","cat":284745},{"id":80026,"n":"Trieur à soufflet Exacompta Rouge foncé - 6 positions","p":3.83,"img":"https://fd13-photos.leclercdrive.fr/image.ashx?id=1410154&use=l&cat=p&typeid=i","cat":284745},{"id":80053,"n":"Paire de ciseaux Sensoft Maped Rouge - Gaucher - 16cm","p":2.86,"img":"https://fd13-photos.leclercdrive.fr/image.ashx?id=1410598&use=l&cat=p&typeid=i","cat":334133},{"id":80100,"n":"Graine de courge bio Happy Bio 250g","p":5.22,"u":"20,88 €/KG","img":"https://fd13-photos.leclercdrive.fr/image.ashx?id=2970993&use=l&cat=p&typeid=i","cat":323809},{"id":80114,"n":"Lait bébé Les récoltes bio croissance Blédina 10 mois 6x1l","p":14.41,"u":"2,40 €/L","img":"https://fd13-photos.leclercdrive.fr/image.ashx?id=2605440&use=l&cat=p&typeid=i","cat":284728},{"id":80118,"n":"Stylo bille 4 couleurs Bic + 1HB Porte-Mines - 2+1","p":3.59,"u":"1,20 €/P","img":"https://fd13-photos.leclercdrive.fr/image.ashx?id=2252142&use=l&cat=p&typeid=i","cat":284696},{"id":80128,"n":"Rosette de Lyon Saint-Azay 12 tranches - 100g","p":1.44,"u":"14,40 €/KG","img":"https://fd13-photos.leclercdrive.fr/image.ashx?id=2728264&use=l&cat=p&typeid=i","cat":316007},{"id":80130,"n":"Alèses absorbantes DryNites 78x88cm - x12","p":13.01,"u":"1,08 €/P","img":"https://fd13-photos.leclercdrive.fr/image.ashx?id=2883717&use=l&cat=p&typeid=i","cat":290633},{"id":80141,"n":"IGP Cidre de la ferme de Kerloick - 75cl","p":3.12,"u":"4,16 €/L","img":"https://fd13-photos.leclercdrive.fr/image.ashx?id=1614345&use=l&cat=p&typeid=i","cat":334880},{"id":80156,"n":"Tube de peintureColorPeps Maped Gouache boîte en plastique -x10","p":3.53,"img":"https://fd13-photos.leclercdrive.fr/image.ashx?id=2014016&use=l&cat=p&typeid=i","cat":334133},{"id":80157,"n":"Feutres pour ardoise Bic Velleda 1741 Effaçable à sec x5","p":3.56,"img":"https://fd13-photos.leclercdrive.fr/image.ashx?id=2228564&use=l&cat=p&typeid=i","cat":334133},{"id":80160,"n":"Bloc notes cube jaune Post-it 76x76mm - x450 feuilles","p":3.57,"img":"https://fd13-photos.leclercdrive.fr/image.ashx?id=2612748&use=l&cat=p&typeid=i","cat":334133},{"id":80170,"n":"Pochettes A4 perforées Oxford  Lisse en polypropylène x50","p":2.7,"img":"https://fd13-photos.leclercdrive.fr/image.ashx?id=2896144&use=l&cat=p&typeid=i","cat":284745},{"id":80182,"n":"Bière blonde Morgane bio 6x25cl","p":6.21,"pp":4.35,"u":"2,90 €/L","img":"https://fd13-photos.leclercdrive.fr/image.ashx?id=1758442&use=l&cat=p&typeid=i","cat":334873},{"id":80183,"n":"Bière blonde Duchesse Anne Triple - 6x25cl","p":6.21,"pp":4.35,"u":"2,90 €/L","img":"https://fd13-photos.leclercdrive.fr/image.ashx?id=1650626&use=l&cat=p&typeid=i","cat":334872},{"id":80186,"n":"Rhum tradition Rivière du Mat Blanc - 40%vol - 70cl","p":11.5,"pp":10.35,"u":"14,79 €/L","img":"https://fd13-photos.leclercdrive.fr/image.ashx?id=2616117&use=l&cat=p&typeid=i","cat":284550},{"id":80230,"n":"Graines de sésame Bio Village Bio - 200g","p":1.99,"u":"9,95 €/KG","img":"https://fd13-photos.leclercdrive.fr/image.ashx?id=2059113&use=l&cat=p&typeid=i","cat":284357},{"id":80231,"n":"Graines de courge bio Bio Village - 200g","p":3.56,"u":"17,80 €/KG","img":"https://fd13-photos.leclercdrive.fr/image.ashx?id=2043047&use=l&cat=p&typeid=i","cat":323809},{"id":80264,"n":"Joker Pur Jus Engagé  Multifruits - 2L","p":5.01,"u":"2,51 €/L","img":"https://fd13-photos.leclercdrive.fr/image.ashx?id=2846358&use=l&cat=p&typeid=i","cat":284917},{"id":80275,"n":"Joker Pur Jus Engagé Mandarine Orange du matin - 1L","p":2.4,"u":"2,40 €/L","img":"https://fd13-photos.leclercdrive.fr/image.ashx?id=2731183&use=l&cat=p&typeid=i","cat":284521},{"id":80302,"n":"Eau minérale naturelle Volvic 6x1,5L","p":3.04,"u":"0,34 €/L","img":"https://fd13-photos.leclercdrive.fr/image.ashx?id=2730244&use=l&cat=p&typeid=i","cat":284535},{"id":80305,"n":"Boisson aux fruits Oasis Tropical - 12x33cl","p":6.51,"u":"1,64 €/L","img":"https://fd13-photos.leclercdrive.fr/image.ashx?id=2880706&use=l&cat=p&typeid=i","cat":295018},{"id":80306,"n":"Soda Schweppes Saveur Agrumes -12x33cl","p":7.34,"u":"1,85 €/L","img":"https://fd13-photos.leclercdrive.fr/image.ashx?id=2852426&use=l&cat=p&typeid=i","cat":284532},{"id":80346,"n":"yaourt aux fruits bifidus activia cerise - 4x125g","p":1.87,"u":"3,74 €/KG","img":"https://fd13-photos.leclercdrive.fr/image.ashx?id=2885327&use=l&cat=p&typeid=i","cat":315000},{"id":80352,"n":"Cannelloni Côté Table  - 400g","p":2.07,"u":"5,18 €/KG","img":"https://fd13-photos.leclercdrive.fr/image.ashx?id=2977900&use=l&cat=p&typeid=i","cat":284442},{"id":80382,"n":"Tablette De Chocolat Poulain Noir Extra - 2x100g","p":2.2,"u":"11,00 €/KG","img":"https://fd13-photos.leclercdrive.fr/image.ashx?id=2867566&use=l&cat=p&typeid=i","cat":284956},{"id":80383,"n":"Tablette KINDER Chocolat Chocolat au Lait x12 - 150g","p":2.84,"u":"18,93 €/KG","img":"https://fd13-photos.leclercdrive.fr/image.ashx?id=1904474&use=l&cat=p&typeid=i","cat":284498},{"id":80385,"n":"Barres Chocolatées KINDER BUENO  Chocolat au Lait x5 - 215g","p":3.67,"u":"17,07 €/KG","img":"https://fd13-photos.leclercdrive.fr/image.ashx?id=2679621&use=l&cat=p&typeid=i","cat":284498},{"id":80386,"n":"Barres KINDER BUENO White  Chocolat Blanc x6 - 234g","p":4.23,"u":"18,08 €/KG","img":"https://fd13-photos.leclercdrive.fr/image.ashx?id=2679639&use=l&cat=p&typeid=i","cat":284498},{"id":80391,"n":"Mascara L'Oréal Paris  Lash Paradise Noir","p":15.04,"img":"https://fd13-photos.leclercdrive.fr/image.ashx?id=2580158&use=l&cat=p&typeid=i","cat":287029},{"id":80396,"n":"Eau Micellaire visage Nivea Peaux sèches - 400ml","p":3.54,"u":"8,85 €/L","img":"https://fd13-photos.leclercdrive.fr/image.ashx?id=3014599&use=l&cat=p&typeid=i","cat":284603},{"id":80398,"n":"Eau Micellaire visage Nivea Peaux sensibles - 400ml","p":3.13,"u":"7,83 €/L","img":"https://fd13-photos.leclercdrive.fr/image.ashx?id=2800965&use=l&cat=p&typeid=i","cat":284603},{"id":80479,"n":"Bières Blondes Chouffe 6x33cl","p":11.66,"u":"5,89 €/L","img":"https://fd13-photos.leclercdrive.fr/image.ashx?id=2877079&use=l&cat=p&typeid=i","cat":334872},{"id":80506,"n":"Bière bio Bio Village Blonde - 6x25cl","p":4.89,"u":"3,26 €/L","img":"https://fd13-photos.leclercdrive.fr/image.ashx?id=1879337&use=l&cat=p&typeid=i","cat":334873},{"id":80524,"n":"Saucisson sec au poivre 200g - Charcuterie des druides","p":4.34,"u":"21,70 €/KG","img":"https://fd13-photos.leclercdrive.fr/image.ashx?id=2506269&use=l&cat=p&typeid=i","cat":316006},{"id":80528,"n":"Saucisson sec Senan Charcuterie des druides","p":4.22,"img":"https://fd13-photos.leclercdrive.fr/image.ashx?id=2506266&use=l&cat=p&typeid=i","cat":316006},{"id":80618,"n":"Sucette Smart Night Tigex En silicone T3 - Panda","p":5.9,"img":"https://fd13-photos.leclercdrive.fr/image.ashx?id=2091485&use=l&cat=p&typeid=i","cat":284743},{"id":80630,"n":"Purée de tomates Bio Village Bio  - 72cl","p":1.53,"u":"2,13 €/L","img":"https://fd13-photos.leclercdrive.fr/image.ashx?id=2699589&use=l&cat=p&typeid=i","cat":288384},{"id":80663,"n":"Soda Pepsi Cola - 5x1.5L + 1 offerte","p":5.9,"u":"0,66 €/L","img":"https://fd13-photos.leclercdrive.fr/image.ashx?id=2983324&use=l&cat=p&typeid=i","cat":284530},{"id":80685,"n":"Gorgonzola AOP Eccellenza Galbani 28%MG - 150g","p":3.1,"u":"20,67 €/KG","img":"https://fd13-photos.leclercdrive.fr/image.ashx?id=2215854&use=l&cat=p&typeid=i","cat":314032},{"id":80733,"n":"Riz Thai  500g","p":2.09,"u":"4,18 €/KG","img":"https://fd13-photos.leclercdrive.fr/image.ashx?id=2503662&use=l&cat=p&typeid=i","cat":284428},{"id":80840,"n":"Bouillon Cube Maggi Pot au feu - Dégraissé - 120g","p":1.59,"u":"13,25 €/KG","img":"https://fd13-photos.leclercdrive.fr/image.ashx?id=2212327&use=l&cat=p&typeid=i","cat":288379},{"id":80841,"n":"Bouillon Cube Maggi Volaille - Degraissé - 120g","p":1.49,"u":"12,42 €/KG","img":"https://fd13-photos.leclercdrive.fr/image.ashx?id=2737087&use=l&cat=p&typeid=i","cat":288379},{"id":80842,"n":"Bouillon Cube Maggi Dégraissé - 120g","p":1.49,"u":"12,42 €/KG","img":"https://fd13-photos.leclercdrive.fr/image.ashx?id=2737090&use=l&cat=p&typeid=i","cat":288379},{"id":80859,"n":"Hop-La Banana Goliath Jeu de société - Dès 4 ans","p":17.8,"img":"https://fd13-photos.leclercdrive.fr/image.ashx?id=2360245&use=l&cat=p&typeid=i","cat":334378},{"id":80875,"n":"Looky Studio Ravensburger Dès 6 ans","p":21.9,"u":"Dont 0,07 € d'éco-part.","img":"https://fd13-photos.leclercdrive.fr/image.ashx?id=2937637&use=l&cat=p&typeid=i","cat":334381},{"id":80877,"n":"La boîte de briques créatives Lego Classic - Dès 4 ans","p":25.9,"img":"https://fd13-photos.leclercdrive.fr/image.ashx?id=2963934&use=l&cat=p&typeid=i","cat":334380},{"id":80927,"n":"Fromage chèvre chaud Soignon Nature - 21% MG - 4x25g","p":1.94,"u":"19,40 €/KG","img":"https://fd13-photos.leclercdrive.fr/image.ashx?id=2844951&use=l&cat=p&typeid=i","cat":314027},{"id":81012,"n":"Lardons Volailles Le Gaulois Nature - 2x75g","p":1.85,"u":"12,33 €/KG","img":"https://fd13-photos.leclercdrive.fr/image.ashx?id=2947916&use=l&cat=p&typeid=i","cat":316011},{"id":81094,"n":"Trivial Pursuit Famille Jeu de société - Dès 8 ans","p":27.8,"img":"https://fd13-photos.leclercdrive.fr/image.ashx?id=2660925&use=l&cat=p&typeid=i","cat":334378},{"id":81188,"n":"Flan aromatisé vanille Flanby nappé de caramel - 12x100g","p":2.6,"u":"2,17 €/KG","img":"https://fd13-photos.leclercdrive.fr/image.ashx?id=2744584&use=l&cat=p&typeid=i","cat":284420},{"id":81196,"n":"Flan aromatisé vanille Flanby nappé de caramel - 6x100g","p":1.47,"u":"2,45 €/KG","img":"https://fd13-photos.leclercdrive.fr/image.ashx?id=2483786&use=l&cat=p&typeid=i","cat":284420},{"id":81199,"n":"Yaourt La Laitière  Vanille - 8x125g","p":3.21,"u":"3,21 €/KG","img":"https://fd13-photos.leclercdrive.fr/image.ashx?id=2613981&use=l&cat=p&typeid=i","cat":286006},{"id":81215,"n":"Compote Cool Fruits bio Vitabio Pomme Mangue Ananas -12x90g","p":8.42,"u":"7,80 €/KG","img":"https://fd13-photos.leclercdrive.fr/image.ashx?id=2621399&use=l&cat=p&typeid=i","cat":284508},{"id":81222,"n":"Pizza La pizz Sodebo Chorizo - 470g","p":3.3,"u":"7,02 €/KG","img":"https://fd13-photos.leclercdrive.fr/image.ashx?id=2868389&use=l&cat=p&typeid=i","cat":333679},{"id":81224,"n":"Pizza l'Ovale Sodebo Lardons & Chèvre affiné - 200g","p":1.8,"u":"9,00 €/KG","img":"https://fd13-photos.leclercdrive.fr/image.ashx?id=2438564&use=l&cat=p&typeid=i","cat":333679},{"id":81236,"n":"Fromage à tartiner Boursin Ail et fines herbes 10 portions","p":2.41,"u":"15,06 €/KG","img":"https://fd13-photos.leclercdrive.fr/image.ashx?id=2964682&use=l&cat=p&typeid=i","cat":314029},{"id":81243,"n":"Bière blonde Heineken Sans alcool - 12x25cl","p":8.23,"u":"2,74 €/L","img":"https://fd13-photos.leclercdrive.fr/image.ashx?id=2795944&use=l&cat=p&typeid=i","cat":334877},{"id":81246,"n":"Bière blonde Pelforth 12x25cl","p":6.95,"u":"2,32 €/L","img":"https://fd13-photos.leclercdrive.fr/image.ashx?id=2645146&use=l&cat=p&typeid=i","cat":334873},{"id":81250,"n":"Bière blonde Grimbergen 6,7° - 20x25cl","p":13.9,"u":"2,78 €/L","img":"https://fd13-photos.leclercdrive.fr/image.ashx?id=2294791&use=l&cat=p&typeid=i","cat":334852},{"id":81254,"n":"Bière blonde Grimbergen 6,7° - 12x25cl","p":8.93,"u":"2,98 €/L","img":"https://fd13-photos.leclercdrive.fr/image.ashx?id=2872865&use=l&cat=p&typeid=i","cat":334852},{"id":81255,"n":"Blère blonde Pelforth 6x25cl","p":4.04,"u":"2,69 €/L","img":"https://fd13-photos.leclercdrive.fr/image.ashx?id=2959025&use=l&cat=p&typeid=i","cat":334873},{"id":81262,"n":"Mort Subite Kriek Lambic 75cl","p":4.25,"u":"5,67 €/L","img":"https://fd13-photos.leclercdrive.fr/image.ashx?id=2944954&use=l&cat=p&typeid=i","cat":334878},{"id":81264,"n":"Fromage apéritif Apéricube Nature 48 cubes","p":4.23,"u":"16,92 €/KG","img":"https://fd13-photos.leclercdrive.fr/image.ashx?id=2686573&use=l&cat=p&typeid=i","cat":314027},{"id":81268,"n":"Bière blonde Grimbergen 6,7° - 6x25cl","p":4.62,"u":"3,08 €/L","img":"https://fd13-photos.leclercdrive.fr/image.ashx?id=2294381&use=l&cat=p&typeid=i","cat":334852},{"id":81272,"n":"Vin mousseux brut blanc  Produit en Allemagne - 75cl","p":1.6,"u":"2,13 €/L","img":"https://fd13-photos.leclercdrive.fr/image.ashx?id=2720133&use=l&cat=p&typeid=i","cat":284544},{"id":81277,"n":"Vin mousseux demi-sec blanc  Produit en Allemagne - 75cl","p":1.61,"u":"2,15 €/L","img":"https://fd13-photos.leclercdrive.fr/image.ashx?id=2720130&use=l&cat=p&typeid=i","cat":284544},{"id":81280,"n":"Fromage La Vache qui rit Toastinette nature 10 tranches","p":1.71,"u":"8,55 €/KG","img":"https://fd13-photos.leclercdrive.fr/image.ashx?id=2342776&use=l&cat=p&typeid=i","cat":314028},{"id":81281,"n":"Fromage La Vache qui rit Toastinette cheddar 10 tranches","p":1.72,"u":"8,60 €/KG","img":"https://fd13-photos.leclercdrive.fr/image.ashx?id=2342773&use=l&cat=p&typeid=i","cat":314028},{"id":81291,"n":"Bière sans alcool Tourtel Twist Citron Vert Menthe 0,0° -6x27cl","p":4.68,"u":"2,84 €/L","img":"https://fd13-photos.leclercdrive.fr/image.ashx?id=2896567&use=l&cat=p&typeid=i","cat":334877},{"id":81316,"n":"Tablette KINDER Chocolat Chocolat au Lait x24 - 300g","p":4.25,"u":"14,17 €/KG","img":"https://fd13-photos.leclercdrive.fr/image.ashx?id=2868167&use=l&cat=p&typeid=i","cat":284498},{"id":81318,"n":"Bonbons KINDER Schoko-Bons Chocolat au lait - 500G","p":7.83,"u":"15,66 €/KG","img":"https://fd13-photos.leclercdrive.fr/image.ashx?id=2402925&use=l&cat=p&typeid=i","cat":304238},{"id":81322,"n":"Huile de Tournesol Eco+ 3L","p":4.95,"u":"1,65 €/L","img":"https://fd13-photos.leclercdrive.fr/image.ashx?id=3002506&use=l&cat=p&typeid=i","cat":284453},{"id":81323,"n":"Huile d'olive Bio Carapelli Extra-vierge - 75cl","p":11.91,"u":"15,88 €/L","img":"https://fd13-photos.leclercdrive.fr/image.ashx?id=2737447&use=l&cat=p&typeid=i","cat":284453},{"id":81330,"n":"Huile d'arachide Eco+ 1L","p":3.17,"u":"3,17 €/L","img":"https://fd13-photos.leclercdrive.fr/image.ashx?id=2493010&use=l&cat=p&typeid=i","cat":284453},{"id":81352,"n":"Dosettes Bio Village Bio Amérique latine  x36 - 252g","p":3.34,"u":"13,25 €/KG","img":"https://fd13-photos.leclercdrive.fr/image.ashx?id=2181837&use=l&cat=p&typeid=i","cat":293238},{"id":81354,"n":"Confiture Eco+ Abricot - 1kg","p":2.18,"u":"2,18 €/KG","img":"https://fd13-photos.leclercdrive.fr/image.ashx?id=2953194&use=l&cat=p&typeid=i","cat":284480},{"id":81371,"n":"Tartine de pain Pasquier Au blé complet - 240g","p":1.42,"u":"5,92 €/KG","img":"https://fd13-photos.leclercdrive.fr/image.ashx?id=2927339&use=l&cat=p&typeid=i","cat":284479},{"id":81374,"n":"Vodka Zubrowka Biala 37.5%vol - 1L","p":14.95,"pp":13.45,"u":"13,45 €/L","img":"https://fd13-photos.leclercdrive.fr/image.ashx?id=2955510&use=l&cat=p&typeid=i","cat":284550},{"id":81378,"n":"Bière Arômatisée Desquiles Rhum - 5.9%vol - 50cl","p":1.7,"u":"3,40 €/L","img":"https://fd13-photos.leclercdrive.fr/image.ashx?id=2865074&use=l&cat=p&typeid=i","cat":334853},{"id":81379,"n":"Jambon cru -25%  de Sel Aoste 6 tranches - 100g","p":3.63,"u":"36,30 €/KG","img":"https://fd13-photos.leclercdrive.fr/image.ashx?id=2359507&use=l&cat=p&typeid=i","cat":316007},{"id":81380,"n":"Chorizo tranché César Moroni Doux 20 tranches - 100g","p":1.97,"u":"19,70 €/KG","img":"https://fd13-photos.leclercdrive.fr/image.ashx?id=2948836&use=l&cat=p&typeid=i","cat":316007},{"id":81383,"n":"Rillettes du Mans La Véritable Bordeau Chesnel - 220g","p":2.17,"u":"9,86 €/KG","img":"https://fd13-photos.leclercdrive.fr/image.ashx?id=2763100&use=l&cat=p&typeid=i","cat":316008},{"id":81384,"n":"Vodka Zubrowska Biala 37.5%vol - 70cl","p":12.09,"u":"17,27 €/L","img":"https://fd13-photos.leclercdrive.fr/image.ashx?id=2961227&use=l&cat=p&typeid=i","cat":284550},{"id":81450,"n":"Bière Blonde Duvel 6x33cl","p":10.87,"u":"5,49 €/L","img":"https://fd13-photos.leclercdrive.fr/image.ashx?id=2314587&use=l&cat=p&typeid=i","cat":334872},{"id":81462,"n":"Fromage Apéritif Apérivrais  Ail et Fines Herbes - 100g","p":2.08,"u":"20,80 €/KG","img":"https://fd13-photos.leclercdrive.fr/image.ashx?id=2854612&use=l&cat=p&typeid=i","cat":314027},{"id":81540,"n":"Bières Coreff des marées Coffret - 6x33cl","p":10.17,"u":"5,14 €/L","img":"https://fd13-photos.leclercdrive.fr/image.ashx?id=1560958&use=l&cat=p&typeid=i","cat":334872},{"id":81541,"n":"Bière Coreff Dramm Hud 7.5%vol -  6x25cl","p":6.74,"u":"4,49 €/L","img":"https://fd13-photos.leclercdrive.fr/image.ashx?id=1604864&use=l&cat=p&typeid=i","cat":334872},{"id":81547,"n":"Capsules Nescafé Dolce Gusto  Cappuccino - x8 - 186g","p":4.52,"u":"24,30 €/KG","img":"https://fd13-photos.leclercdrive.fr/image.ashx?id=2838809&use=l&cat=p&typeid=i","cat":293239},{"id":81548,"n":"Pain de mie Harrys 100% mie Nature Sans croûte Maxi - 650g","p":2.1,"u":"3,23 €/KG","img":"https://fd13-photos.leclercdrive.fr/image.ashx?id=2517468&use=l&cat=p&typeid=i","cat":284477},{"id":81549,"n":"Semoule au lait Bonne Maman Vanille Naturelle - 4x100g","p":2.31,"u":"23,10 €/KG","img":"https://fd13-photos.leclercdrive.fr/image.ashx?id=2924281&use=l&cat=p&typeid=i","cat":284418},{"id":81554,"n":"Riz au lait Bonne Maman Vanille Naturelle - 4x100g","p":2.27,"u":"5,68 €/KG","img":"https://fd13-photos.leclercdrive.fr/image.ashx?id=2619130&use=l&cat=p&typeid=i","cat":284418},{"id":81558,"n":"Pain de mie 100% Mie Harrys Nature petites tranches - 500g","p":1.71,"u":"3,42 €/KG","img":"https://fd13-photos.leclercdrive.fr/image.ashx?id=2517453&use=l&cat=p&typeid=i","cat":284477},{"id":81562,"n":"AOP Champagne Canard-Duchêne Rosé - 12%vol - 75cl","p":27.5,"u":"36,67 €/L","img":"https://fd13-photos.leclercdrive.fr/image.ashx?id=2757262&use=l&cat=p&typeid=i","cat":284542},{"id":81563,"n":"AOP Champagne Canard Duchêne Demi Sec - 75cl","p":23.9,"u":"31,87 €/L","img":"https://fd13-photos.leclercdrive.fr/image.ashx?id=2757259&use=l&cat=p&typeid=i","cat":284542},{"id":81564,"n":"AOP Champagne Canard-Duchêne Brut - 75cl","p":23.86,"u":"31,81 €/L","img":"https://fd13-photos.leclercdrive.fr/image.ashx?id=2756909&use=l&cat=p&typeid=i","cat":284542},{"id":81565,"n":"AOP Champagne Canard Duchêne Brut - 37.5cl","p":14.5,"u":"38,67 €/L","img":"https://fd13-photos.leclercdrive.fr/image.ashx?id=2104372&use=l&cat=p&typeid=i","cat":284542},{"id":81566,"n":"Fromage Raclette Burger Les Croisés 8 Tranches - 150g","p":1.22,"u":"8,13 €/KG","img":"https://fd13-photos.leclercdrive.fr/image.ashx?id=2555946&use=l&cat=p&typeid=i","cat":314028},{"id":81638,"n":"Cuisse de Poulet x1 220g","p":1.79,"u":"8,14 €/KG","img":"https://fd13-photos.leclercdrive.fr/image.ashx?id=2364276&use=l&cat=p&typeid=i","cat":284336},{"id":81639,"n":"Filet de Poulet x1 La Nouvelle Agriculture- 150g","p":2.89,"u":"19,27 €/KG","img":"https://fd13-photos.leclercdrive.fr/image.ashx?id=2364273&use=l&cat=p&typeid=i","cat":284336},{"id":81676,"n":"Filet de canard Le Gaulois 350g","p":8.88,"u":"25,37 €/KG","img":"https://fd13-photos.leclercdrive.fr/image.ashx?id=2271255&use=l&cat=p&typeid=i","cat":284339},{"id":81678,"n":"Pané de dinde Le Gaulois 200g","p":2.03,"u":"10,15 €/KG","img":"https://fd13-photos.leclercdrive.fr/image.ashx?id=2261648&use=l&cat=p&typeid=i","cat":333683},{"id":81735,"n":"Bière Blonde Delirium Tremens 33cl","p":2.56,"u":"7,76 €/L","img":"https://fd13-photos.leclercdrive.fr/image.ashx?id=2363111&use=l&cat=p&typeid=i","cat":334872},{"id":81768,"n":"Brioche tranchée La Boulangère Bio - 400g","p":1.97,"u":"4,93 €/KG","img":"https://fd13-photos.leclercdrive.fr/image.ashx?id=2912194&use=l&cat=p&typeid=i","cat":284478},{"id":81816,"n":"Rillettes du Mans  Bordeau Chesnel - 220g","p":2.84,"img":"https://fd13-photos.leclercdrive.fr/image.ashx?id=2746812&use=l&cat=p&typeid=i","cat":316008},{"id":81817,"n":"Blanc de dinde Fleury Michon -25% de sel x4 - 160g","p":3.03,"u":"18,94 €/KG","img":"https://fd13-photos.leclercdrive.fr/image.ashx?id=2962134&use=l&cat=p&typeid=i","cat":316010},{"id":81834,"n":"AOP Corse rosé Terra Nostra - BIB 3L","p":18.5,"u":"6,17 €/L","img":"https://fd13-photos.leclercdrive.fr/image.ashx?id=2107042&use=l&cat=p&typeid=i","cat":289558},{"id":81837,"n":"AOP Côtes du Rhône rouge Les Terres Pourpres - 75cl","p":5.9,"u":"7,87 €/L","img":"https://fd13-photos.leclercdrive.fr/image.ashx?id=2337759&use=l&cat=p&typeid=i","cat":289556},{"id":81839,"n":"AOP Coteaux d'Aix en Provence rosé Domaine Dalma - 75cl","p":6.5,"u":"8,67 €/L","img":"https://fd13-photos.leclercdrive.fr/image.ashx?id=2771100&use=l&cat=p&typeid=i","cat":289558},{"id":81847,"n":"IGP Côtes de Gascogne blanc Ménard Gros Manseng - 75cl","p":5.6,"u":"7,47 €/L","img":"https://fd13-photos.leclercdrive.fr/image.ashx?id=2981217&use=l&cat=p&typeid=i","cat":289557},{"id":81854,"n":"Vin rouge Taluau Bourgueil - 75cl","p":7.1,"u":"9,47 €/L","img":"https://fd13-photos.leclercdrive.fr/image.ashx?id=2986600&use=l&cat=p&typeid=i","cat":289556},{"id":81856,"n":"Vin rouge Taluau St Nicolas de Bourgueil - 75cl","p":7.95,"u":"10,60 €/L","img":"https://fd13-photos.leclercdrive.fr/image.ashx?id=2981575&use=l&cat=p&typeid=i","cat":289556},{"id":81860,"n":"AOP Anjou rouge Château Beaulieu - 75cl","p":4.75,"u":"6,33 €/L","img":"https://fd13-photos.leclercdrive.fr/image.ashx?id=1743737&use=l&cat=p&typeid=i","cat":289556},{"id":81861,"n":"Pain de mie 100% Mie Harrys Nature grandes tranches - 500g","p":1.77,"u":"3,54 €/KG","img":"https://fd13-photos.leclercdrive.fr/image.ashx?id=2517456&use=l&cat=p&typeid=i","cat":284477},{"id":81897,"n":"Noix de cajou Benenuts Grillées à sec - 220g","p":5.09,"u":"23,14 €/KG","img":"https://fd13-photos.leclercdrive.fr/image.ashx?id=2413537&use=l&cat=p&typeid=i","cat":284448},{"id":81909,"n":"Café moulu Grand Mère Familial - 250g","p":3.47,"u":"13,88 €/KG","img":"https://fd13-photos.leclercdrive.fr/image.ashx?id=1755046&use=l&cat=p&typeid=i","cat":284750},{"id":82008,"n":"Emmental râpé fondant Président 3x70g","p":2.66,"u":"12,67 €/KG","img":"https://fd13-photos.leclercdrive.fr/image.ashx?id=2462741&use=l&cat=p&typeid=i","cat":314035},{"id":82009,"n":"Mozzarella râpée cucina Galbani 150g","p":2.79,"u":"18,60 €/KG","img":"https://fd13-photos.leclercdrive.fr/image.ashx?id=2787887&use=l&cat=p&typeid=i","cat":314035},{"id":82011,"n":"Pecorino Romano râpé Galbani 60g","p":1.68,"u":"28,00 €/KG","img":"https://fd13-photos.leclercdrive.fr/image.ashx?id=2171225&use=l&cat=p&typeid=i","cat":314035},{"id":82073,"n":"Muscadet Les Hauts Perrières Sèvre et Maine - 75cl","p":5.3,"u":"7,07 €/L","img":"https://fd13-photos.leclercdrive.fr/image.ashx?id=2518223&use=l&cat=p&typeid=i","cat":289557},{"id":82074,"n":"Vin blanc Les Perrières Gros Plant - 75cl","p":4.15,"u":"5,53 €/L","img":"https://fd13-photos.leclercdrive.fr/image.ashx?id=1643869&use=l&cat=p&typeid=i","cat":289557},{"id":82078,"n":"AOP Lussac Saint-Emilion rouge Esprit de Lussac - 75cl","p":7.5,"u":"10,00 €/L","img":"https://fd13-photos.leclercdrive.fr/image.ashx?id=3014509&use=l&cat=p&typeid=i","cat":289556},{"id":82125,"n":"Vin rouge Western Cellars Californie - 75cl","p":4.75,"u":"6,33 €/L","img":"https://fd13-photos.leclercdrive.fr/image.ashx?id=2794349&use=l&cat=p&typeid=i","cat":289556},{"id":82145,"n":"Bière blonde La G de Goudale 7.9%vol - 75cl","p":3.9,"u":"5,20 €/L","img":"https://fd13-photos.leclercdrive.fr/image.ashx?id=2861566&use=l&cat=p&typeid=i","cat":334872},{"id":82148,"n":"Lardons fumés Supérieur Eco+ 2x100g","p":1.49,"u":"7,45 €/KG","img":"https://fd13-photos.leclercdrive.fr/image.ashx?id=2688252&use=l&cat=p&typeid=i","cat":316011},{"id":82149,"n":"lardons supérieurs ECO+ Nature - 2x100g","p":1.48,"u":"7,40 €/KG","img":"https://fd13-photos.leclercdrive.fr/image.ashx?id=2688249&use=l&cat=p&typeid=i","cat":316011},{"id":82157,"n":"Dessert fruitier pêche Andros En morceaux - 4x100g","p":1.91,"u":"4,78 €/KG","img":"https://fd13-photos.leclercdrive.fr/image.ashx?id=2845470&use=l&cat=p&typeid=i","cat":284416},{"id":82159,"n":"Compotes Andros Pomme/chataigne - 4x100g","p":1.62,"u":"4,05 €/KG","img":"https://fd13-photos.leclercdrive.fr/image.ashx?id=2937361&use=l&cat=p&typeid=i","cat":284416},{"id":82160,"n":"Compote Andros Pomme abricot - 4x100g","p":1.34,"u":"3,35 €/KG","img":"https://fd13-photos.leclercdrive.fr/image.ashx?id=2961074&use=l&cat=p&typeid=i","cat":284416},{"id":82167,"n":"Compotes Andros Pomme Banane - 4x100g","p":1.44,"u":"3,60 €/KG","img":"https://fd13-photos.leclercdrive.fr/image.ashx?id=2883997&use=l&cat=p&typeid=i","cat":284416},{"id":82172,"n":"Mini cônes Extrême  Vanille Caramel x8 - 312g","p":3.88,"u":"12,44 €/KG","img":"https://fd13-photos.leclercdrive.fr/image.ashx?id=2737033&use=l&cat=p&typeid=i","cat":284264},{"id":82174,"n":"Extrême  Citron Framboise - 6x71g","p":3.71,"u":"8,71 €/KG","img":"https://fd13-photos.leclercdrive.fr/image.ashx?id=2866076&use=l&cat=p&typeid=i","cat":284264},{"id":82177,"n":"Bière blonde Duvel 8.5%vol - 75cl","p":4.16,"u":"5,55 €/L","img":"https://fd13-photos.leclercdrive.fr/image.ashx?id=2111139&use=l&cat=p&typeid=i","cat":334872},{"id":82181,"n":"Bière Mort Subite Kriek A la cerise - 33cl","p":1.38,"u":"4,18 €/L","img":"https://fd13-photos.leclercdrive.fr/image.ashx?id=2796414&use=l&cat=p&typeid=i","cat":334872},{"id":82182,"n":"Miel de fleurs lune de miel Crémeux - 1kg","p":9.53,"u":"9,53 €/KG","img":"https://fd13-photos.leclercdrive.fr/image.ashx?id=2303831&use=l&cat=p&typeid=i","cat":287643},{"id":82184,"n":"Barres KINDER BUENO White  Chocolat Blanc x12 - 468g","p":8.35,"u":"17,84 €/KG","img":"https://fd13-photos.leclercdrive.fr/image.ashx?id=2679642&use=l&cat=p&typeid=i","cat":284498},{"id":82217,"n":"Gin Hendrick's 41.1%vol - 70cl","p":38.25,"u":"54,64 €/L","img":"https://fd13-photos.leclercdrive.fr/image.ashx?id=2225594&use=l&cat=p&typeid=i","cat":284550},{"id":82251,"n":"Thon MSC Naturel Petit Navire Entier -  112g","p":2.94,"u":"26,25 €/KG","img":"https://fd13-photos.leclercdrive.fr/image.ashx?id=2928357&use=l&cat=p&typeid=i","cat":303867},{"id":82253,"n":"Biscuits Thé LU 350g","p":1.44,"u":"4,11 €/KG","img":"https://fd13-photos.leclercdrive.fr/image.ashx?id=2977738&use=l&cat=p&typeid=i","cat":284487},{"id":82262,"n":"Sardine sans arêtes Connetable A l'huile d'olive - 140g","p":2.7,"u":"19,29 €/KG","img":"https://fd13-photos.leclercdrive.fr/image.ashx?id=2677336&use=l&cat=p&typeid=i","cat":305146},{"id":82264,"n":"Doonuts St Michel Pépites de chocolat - 180g","p":1.87,"u":"10,39 €/KG","img":"https://fd13-photos.leclercdrive.fr/image.ashx?id=1917782&use=l&cat=p&typeid=i","cat":284495},{"id":82265,"n":"Céréales Quaker Cruesli Chocolat - 450g","p":2.79,"u":"6,20 €/KG","img":"https://fd13-photos.leclercdrive.fr/image.ashx?id=2382791&use=l&cat=p&typeid=i","cat":309512},{"id":82267,"n":"Céréales Quaker Cruesli Chocolat au lait - 900g","p":5.05,"u":"5,61 €/KG","img":"https://fd13-photos.leclercdrive.fr/image.ashx?id=2212150&use=l&cat=p&typeid=i","cat":309512},{"id":82272,"n":"Sardine Parmentier Tomates - 135g","p":1.44,"u":"10,67 €/KG","img":"https://fd13-photos.leclercdrive.fr/image.ashx?id=3014416&use=l&cat=p&typeid=i","cat":305146},{"id":82277,"n":"Sardines Parmentier Citron - 135g","p":1.75,"u":"12,96 €/KG","img":"https://fd13-photos.leclercdrive.fr/image.ashx?id=2522575&use=l&cat=p&typeid=i","cat":305146},{"id":82283,"n":"Bière ambrée corse Pietra 6° - 33cl","p":1.69,"u":"5,12 €/L","img":"https://fd13-photos.leclercdrive.fr/image.ashx?id=2929362&use=l&cat=p&typeid=i","cat":334872},{"id":82309,"n":"yaourt fruits bio les 2 vaches brassé poire - 4x115g","p":1.9,"u":"4,13 €/KG","img":"https://fd13-photos.leclercdrive.fr/image.ashx?id=2571527&use=l&cat=p&typeid=i","cat":284410},{"id":82350,"n":"Frites fines McCain Côté Comptoir - 650g","p":3.09,"u":"4,75 €/KG","img":"https://fd13-photos.leclercdrive.fr/image.ashx?id=2693887&use=l&cat=p&typeid=i","cat":319791},{"id":82353,"n":"Biscuits Oréo enrobé chocolat Au lait - 246g","p":2.37,"u":"9,63 €/KG","img":"https://fd13-photos.leclercdrive.fr/image.ashx?id=2908333&use=l&cat=p&typeid=i","cat":284488},{"id":82408,"n":"Rillettes de Thon Saupiquet Au piment - 115g","p":2.39,"u":"20,78 €/KG","img":"https://fd13-photos.leclercdrive.fr/image.ashx?id=2799395&use=l&cat=p&typeid=i","cat":303867},{"id":82440,"n":"Boisson lactée Candy'UP Vanille - 6x20cl","p":2.51,"u":"2,09 €/L","img":"https://fd13-photos.leclercdrive.fr/image.ashx?id=2485632&use=l&cat=p&typeid=i","cat":295246},{"id":82452,"n":"Pruneaux d'Agen Maître Prunille IGP Dénoyautés - 500g","p":5.26,"u":"10,52 €/KG","img":"https://fd13-photos.leclercdrive.fr/image.ashx?id=2016023&use=l&cat=p&typeid=i","cat":284357},{"id":82520,"n":"Fromage Croque emmental Président - 12 tranches - 200g","p":1.52,"u":"7,60 €/KG","img":"https://fd13-photos.leclercdrive.fr/image.ashx?id=2446356&use=l&cat=p&typeid=i","cat":314028},{"id":82575,"n":"Bière ambrée La Goudale 7.2%vol - 6x25cl","p":4.3,"u":"2,87 €/L","img":"https://fd13-photos.leclercdrive.fr/image.ashx?id=2915521&use=l&cat=p&typeid=i","cat":334852},{"id":82611,"n":"L'Ortolan portions Fromagerie Milleret - 8 x 30 g","p":3.2,"u":"13,33 €/KG","img":"https://fd13-photos.leclercdrive.fr/image.ashx?id=1857850&use=l&cat=p&typeid=i","cat":314030},{"id":82663,"n":"Arrangé Rivière du Mât Banane Vanillé - 70cl - 35%vol","p":17.0,"pp":15.3,"u":"21,86 €/L","img":"https://fd13-photos.leclercdrive.fr/image.ashx?id=2731300&use=l&cat=p&typeid=i","cat":284551},{"id":82664,"n":"Arrangé Rivière du Mât Coco Torréfiée - 35%vol - 70cl","p":16.5,"pp":14.85,"u":"21,21 €/L","img":"https://fd13-photos.leclercdrive.fr/image.ashx?id=3002045&use=l&cat=p&typeid=i","cat":284551},{"id":82665,"n":"Arrangé Rivière du Mât Vanille des Tropiques - 70cl","p":17.0,"pp":15.3,"u":"21,86 €/L","img":"https://fd13-photos.leclercdrive.fr/image.ashx?id=2731291&use=l&cat=p&typeid=i","cat":284551},{"id":82667,"n":"Yaourt aux fruits bifidus Activia poire - 4x125g","p":1.87,"u":"3,74 €/KG","img":"https://fd13-photos.leclercdrive.fr/image.ashx?id=2885330&use=l&cat=p&typeid=i","cat":315000},{"id":82668,"n":"Yaourt aux fruits Activia bifidus - 8x125g","p":3.48,"u":"3,48 €/KG","img":"https://fd13-photos.leclercdrive.fr/image.ashx?id=3003146&use=l&cat=p&typeid=i","cat":315000},{"id":82669,"n":"Yaourt aux fruits bifidus Activia mangue - 4x125g","p":1.87,"u":"3,74 €/KG","img":"https://fd13-photos.leclercdrive.fr/image.ashx?id=2886642&use=l&cat=p&typeid=i","cat":315000},{"id":82670,"n":"Yaourt aux fruits bifidus Activia ananas - 4x125g","p":1.87,"u":"3,74 €/KG","img":"https://fd13-photos.leclercdrive.fr/image.ashx?id=2886639&use=l&cat=p&typeid=i","cat":315000},{"id":82672,"n":"Yaourt aux fruits bifidus Activia pruneau - 4x125g","p":1.84,"u":"3,68 €/KG","img":"https://fd13-photos.leclercdrive.fr/image.ashx?id=2886636&use=l&cat=p&typeid=i","cat":315000},{"id":82675,"n":"Yaourt aux fruits bifidus Activia mûre framboise - 4x125g","p":1.93,"u":"3,86 €/KG","img":"https://fd13-photos.leclercdrive.fr/image.ashx?id=2960651&use=l&cat=p&typeid=i","cat":315000},{"id":82676,"n":"Yaourt aux fruits bifidus Activia figue - 4x125g","p":1.93,"u":"3,86 €/KG","img":"https://fd13-photos.leclercdrive.fr/image.ashx?id=2886630&use=l&cat=p&typeid=i","cat":315000},{"id":82677,"n":"yaourt aux fruits bifidus activia fraise - 4x125g","p":1.86,"u":"3,72 €/KG","img":"https://fd13-photos.leclercdrive.fr/image.ashx?id=2886627&use=l&cat=p&typeid=i","cat":315000},{"id":82678,"n":"yaourt aux fruits bifidus activia - 16x125g","p":6.03,"u":"3,02 €/KG","img":"https://fd13-photos.leclercdrive.fr/image.ashx?id=2810609&use=l&cat=p&typeid=i","cat":315000},{"id":82717,"n":"Arrangé Rivière du Mât Ananas Caramélisé 35% vol 70cl","p":17.0,"pp":15.3,"u":"21,86 €/L","img":"https://fd13-photos.leclercdrive.fr/image.ashx?id=2731297&use=l&cat=p&typeid=i","cat":284551},{"id":82739,"n":"Poisson pané Croustibat Findus Petit trésor MSC - x15 - 450g","p":2.47,"u":"5,49 €/KG","img":"https://fd13-photos.leclercdrive.fr/image.ashx?id=3008758&use=l&cat=p&typeid=i","cat":319788},{"id":82741,"n":"Poisson pané Findus Colin  Alaska Fish and Chips x13- 364g","p":2.88,"u":"7,91 €/KG","img":"https://fd13-photos.leclercdrive.fr/image.ashx?id=3008761&use=l&cat=p&typeid=i","cat":319788},{"id":82745,"n":"Couches Activ+ Mots d'enfants  Taille 5 : 11/25kg - x35","p":12.99,"u":"0,37 €/P","img":"https://fd13-photos.leclercdrive.fr/image.ashx?id=1928653&use=l&cat=p&typeid=i","cat":284737},{"id":82748,"n":"Couches Activ+ Mots d'enfants  Taille 4+ 9/20kg - x37 changes","p":12.99,"u":"0,35 €/P","img":"https://fd13-photos.leclercdrive.fr/image.ashx?id=2699747&use=l&cat=p&typeid=i","cat":284737},{"id":82853,"n":"Café moulu Broceliande Colombie - 250g","p":5.33,"u":"21,32 €/KG","img":"https://fd13-photos.leclercdrive.fr/image.ashx?id=1793337&use=l&cat=p&typeid=i","cat":284750},{"id":82924,"n":"Bière Heineken 6x33cl","p":4.51,"u":"2,28 €/L","img":"https://fd13-photos.leclercdrive.fr/image.ashx?id=3008113&use=l&cat=p&typeid=i","cat":334853},{"id":83005,"n":"Vinaigrette Melfor 50cl","p":2.01,"u":"4,02 €/L","img":"https://fd13-photos.leclercdrive.fr/image.ashx?id=2339547&use=l&cat=p&typeid=i","cat":284456},{"id":83107,"n":"Bière La G de Goudale 7.9% vol - 33cl","p":1.85,"u":"5,61 €/L","img":"https://fd13-photos.leclercdrive.fr/image.ashx?id=1736938&use=l&cat=p&typeid=i","cat":334872},{"id":83109,"n":"Bières Rince Cochon rouge 75cl","p":4.85,"u":"6,47 €/L","img":"https://fd13-photos.leclercdrive.fr/image.ashx?id=2021238&use=l&cat=p&typeid=i","cat":334872},{"id":83117,"n":"Bière blonde Affligem Triple D'abbaye - 6x25cl","p":6.17,"u":"4,11 €/L","img":"https://fd13-photos.leclercdrive.fr/image.ashx?id=2959889&use=l&cat=p&typeid=i","cat":334852},{"id":83120,"n":"Bière brune Pelforth 12x25cl","p":8.34,"u":"2,78 €/L","img":"https://fd13-photos.leclercdrive.fr/image.ashx?id=2646182&use=l&cat=p&typeid=i","cat":334852},{"id":83132,"n":"Boisson lactée Tous mes amis pour chats - 3x200ml","p":2.13,"u":"3,55 €/L","img":"https://fd13-photos.leclercdrive.fr/image.ashx?id=2313482&use=l&cat=p&typeid=i","cat":285285},{"id":83227,"n":"Nuggets de poulet Le Gaulois x10 - 200g","p":2.58,"u":"12,90 €/KG","img":"https://fd13-photos.leclercdrive.fr/image.ashx?id=2342818&use=l&cat=p&typeid=i","cat":333684},{"id":83303,"n":"Happy Cola Haribo Sachet bonbons - 300g","p":1.76,"u":"5,87 €/KG","img":"https://fd13-photos.leclercdrive.fr/image.ashx?id=2806087&use=l&cat=p&typeid=i","cat":304250},{"id":83348,"n":"Coloration permanente Vitanove Chatain cuivre","p":3.49,"img":"https://fd13-photos.leclercdrive.fr/image.ashx?id=2522521&use=l&cat=p&typeid=i","cat":288899},{"id":83350,"n":"Bonbons Haribo Moam Happy fruttis - 200g","p":1.62,"u":"8,10 €/KG","img":"https://fd13-photos.leclercdrive.fr/image.ashx?id=2984916&use=l&cat=p&typeid=i","cat":304250},{"id":83382,"n":"Coeurs d'Artichauts Florelli A la paysanne - 280g","p":2.99,"u":"10,68 €/KG","img":"https://fd13-photos.leclercdrive.fr/image.ashx?id=2594533&use=l&cat=p&typeid=i","cat":289010},{"id":83697,"n":"Vin d'Espagne blanc Sauvignon Bernard Cordelier - 75 cl","p":1.75,"u":"2,33 €/L","img":"https://fd13-photos.leclercdrive.fr/image.ashx?id=2886528&use=l&cat=p&typeid=i","cat":289557},{"id":83698,"n":"IGP Pays d'Oc Grenache vin rosé Vieux Carion 12.5% vol - 75cl","p":2.25,"u":"3,00 €/L","img":"https://fd13-photos.leclercdrive.fr/image.ashx?id=2523368&use=l&cat=p&typeid=i","cat":289558},{"id":83707,"n":"Amandes Seeberger 200g","p":4.72,"u":"23,60 €/KG","img":"https://fd13-photos.leclercdrive.fr/image.ashx?id=2950594&use=l&cat=p&typeid=i","cat":284448},{"id":83764,"n":"Thon vapeur Petit Navire Filet d'huile d'olive - 130g","p":2.24,"u":"17,23 €/KG","img":"https://fd13-photos.leclercdrive.fr/image.ashx?id=2829658&use=l&cat=p&typeid=i","cat":303867},{"id":83790,"n":"Desserts Lactés P'TIT BRASSE BIO Pomme Pêche 6M+ - 4x90g","p":2.31,"u":"6,42 €/KG","img":"https://fd13-photos.leclercdrive.fr/image.ashx?id=2670863&use=l&cat=p&typeid=i","cat":312392},{"id":83846,"n":"Rillettes de poulet pimenté Bordeau Chesnel - 200g","p":2.84,"u":"14,20 €/KG","img":"https://fd13-photos.leclercdrive.fr/image.ashx?id=2904077&use=l&cat=p&typeid=i","cat":316008},{"id":83852,"n":"Petites tranches Saint-Agaûne Nature - 70g","p":2.98,"u":"42,57 €/KG","img":"https://fd13-photos.leclercdrive.fr/image.ashx?id=2852558&use=l&cat=p&typeid=i","cat":316006},{"id":83864,"n":"Petites tranches Saint-Agaûne  Délicatement fumé - 70g","p":3.12,"u":"44,57 €/KG","img":"https://fd13-photos.leclercdrive.fr/image.ashx?id=2762205&use=l&cat=p&typeid=i","cat":316006},{"id":83944,"n":"Vin d'Espagne rouge Merlot Bernard Cordelier - 75cl","p":1.75,"u":"2,33 €/L","img":"https://fd13-photos.leclercdrive.fr/image.ashx?id=2756855&use=l&cat=p&typeid=i","cat":289556},{"id":83947,"n":"Vin d'Espagne vin rouge Bernard Cordelier - 75cl","p":1.75,"u":"2,33 €/L","img":"https://fd13-photos.leclercdrive.fr/image.ashx?id=2760789&use=l&cat=p&typeid=i","cat":289556},{"id":83951,"n":"IGP Pays d'Oc rouge Merlot J-P Chenet 13% vol BIB 3L","p":10.8,"u":"3,60 €/L","img":"https://fd13-photos.leclercdrive.fr/image.ashx?id=2941709&use=l&cat=p&typeid=i","cat":289560},{"id":83953,"n":"Vin d'Union Européenne rosé François D'Aubigné - 75 cl","p":1.46,"u":"1,95 €/L","img":"https://fd13-photos.leclercdrive.fr/image.ashx?id=2895756&use=l&cat=p&typeid=i","cat":289558},{"id":83974,"n":"IGP  Pays d'Hérault vin rosé Bernard Cordelier - 75cl","p":1.99,"u":"2,65 €/L","img":"https://fd13-photos.leclercdrive.fr/image.ashx?id=2891908&use=l&cat=p&typeid=i","cat":289558},{"id":83979,"n":"Vin de l'Union Européenne Vieux Papes 12.5%vol - 75cl","p":2.25,"u":"3,00 €/L","img":"https://fd13-photos.leclercdrive.fr/image.ashx?id=2093388&use=l&cat=p&typeid=i","cat":289556},{"id":83985,"n":"IGP Pays d'Oc rouge Merlot Grand Sud 13% vol - 1L","p":4.1,"u":"4,10 €/L","img":"https://fd13-photos.leclercdrive.fr/image.ashx?id=2941583&use=l&cat=p&typeid=i","cat":289556},{"id":83986,"n":"IGP Pays d'Oc rosé Merlot Grand Sud 12.5% vol - 1L","p":3.97,"u":"3,97 €/L","img":"https://fd13-photos.leclercdrive.fr/image.ashx?id=2941580&use=l&cat=p&typeid=i","cat":289558},{"id":84009,"n":"IGP Côtes de Gascogne vin rosé Terrasses d'Autan 12% vol 75cl","p":2.99,"u":"3,99 €/L","img":"https://fd13-photos.leclercdrive.fr/image.ashx?id=2872727&use=l&cat=p&typeid=i","cat":289558},{"id":84011,"n":"IGP  Pays d'Hérault vin rosé Bernard Cordelier - BIB 3L","p":5.99,"u":"2,00 €/L","img":"https://fd13-photos.leclercdrive.fr/image.ashx?id=2891911&use=l&cat=p&typeid=i","cat":289560},{"id":84014,"n":"AOP Bordeaux vin blanc Bernard Cordelier - 75 cl","p":2.99,"u":"3,99 €/L","img":"https://fd13-photos.leclercdrive.fr/image.ashx?id=2615361&use=l&cat=p&typeid=i","cat":289557},{"id":84017,"n":"AOC Corbères vin rouge Bernard Cordelier - 75 cl","p":1.99,"u":"2,65 €/L","img":"https://fd13-photos.leclercdrive.fr/image.ashx?id=2747607&use=l&cat=p&typeid=i","cat":289556},{"id":84020,"n":"IGP  Pays d'Hérault vin rouge Bernard Cordelier - 75cl","p":1.85,"u":"2,47 €/L","img":"https://fd13-photos.leclercdrive.fr/image.ashx?id=2804139&use=l&cat=p&typeid=i","cat":289556},{"id":84028,"n":"IGP Méditerranée rosé Les Calandières 12% vol BIB 3L","p":11.89,"u":"3,96 €/L","img":"https://fd13-photos.leclercdrive.fr/image.ashx?id=2997766&use=l&cat=p&typeid=i","cat":289560},{"id":84031,"n":"Maca-ginseng-gimgembre  Tonifiant sexuel - 40 comprimés","p":5.12,"u":"0,13 €/P","img":"https://fd13-photos.leclercdrive.fr/image.ashx?id=2773376&use=l&cat=p&typeid=i","cat":313217},{"id":84057,"n":"Sommeil mélatonine  30 gélules","p":6.42,"u":"0,21 €/P","img":"https://fd13-photos.leclercdrive.fr/image.ashx?id=2744722&use=l&cat=p&typeid=i","cat":313217},{"id":84059,"n":"Artichaut SOS minceur  500ml","p":5.74,"u":"11,48 €/L","img":"https://fd13-photos.leclercdrive.fr/image.ashx?id=2177794&use=l&cat=p&typeid=i","cat":313217},{"id":84152,"n":"Pain pour Panini La Boulangère x4 - 300g","p":1.39,"u":"4,63 €/KG","img":"https://fd13-photos.leclercdrive.fr/image.ashx?id=2937457&use=l&cat=p&typeid=i","cat":284985},{"id":84154,"n":"Bonbons VICHY Menthe 230g","p":1.07,"u":"4,65 €/KG","img":"https://fd13-photos.leclercdrive.fr/image.ashx?id=2806342&use=l&cat=p&typeid=i","cat":304252},{"id":84155,"n":"Michoko La pie qui chante 280g","p":2.86,"u":"10,21 €/KG","img":"https://fd13-photos.leclercdrive.fr/image.ashx?id=2862560&use=l&cat=p&typeid=i","cat":284499},{"id":84156,"n":"Carambar mini mix 220g","p":2.16,"u":"9,82 €/KG","img":"https://fd13-photos.leclercdrive.fr/image.ashx?id=2817845&use=l&cat=p&typeid=i","cat":304250},{"id":84158,"n":"Bonbons CARAMBAR Fruits Assortiment - 320g","p":1.72,"u":"5,38 €/KG","img":"https://fd13-photos.leclercdrive.fr/image.ashx?id=2964499&use=l&cat=p&typeid=i","cat":304250},{"id":84159,"n":"Bonbons CARAMBAR Family Assortiment - 450g","p":2.77,"u":"6,16 €/KG","img":"https://fd13-photos.leclercdrive.fr/image.ashx?id=2903446&use=l&cat=p&typeid=i","cat":304250},{"id":84160,"n":"Bonbons CARAMBAR Caramel 320g","p":1.74,"u":"5,44 €/KG","img":"https://fd13-photos.leclercdrive.fr/image.ashx?id=2770124&use=l&cat=p&typeid=i","cat":304250},{"id":84161,"n":"Bonbons LA PIE QUI CHANTE Michoko Noir - 280g","p":2.34,"u":"8,36 €/KG","img":"https://fd13-photos.leclercdrive.fr/image.ashx?id=2817842&use=l&cat=p&typeid=i","cat":304250},{"id":84163,"n":"Break P'tit Déli 135g","p":1.33,"u":"9,85 €/KG","img":"https://fd13-photos.leclercdrive.fr/image.ashx?id=2566200&use=l&cat=p&typeid=i","cat":284488},{"id":84186,"n":"Lait bébé en poudre Bio Guigoz 2ème âge - 6-12 mois - 800g","p":18.41,"u":"23,01 €/KG","img":"https://fd13-photos.leclercdrive.fr/image.ashx?id=2740286&use=l&cat=p&typeid=i","cat":284727},{"id":84188,"n":"Lait bébé en poudre Bio Guigoz 1er âge - 0-6 mois - 800g","p":20.05,"u":"25,06 €/KG","img":"https://fd13-photos.leclercdrive.fr/image.ashx?id=3000438&use=l&cat=p&typeid=i","cat":284726},{"id":84220,"n":"Cartouche encre multipack Epson Fraise x4 - 14.9ml","p":46.99,"u":"Dont 0,02 € d'éco-part.","img":"https://fd13-photos.leclercdrive.fr/image.ashx?id=1675272&use=l&cat=p&typeid=i","cat":316445},{"id":84225,"n":"Cartouche encre Epson Fraise - Noir - 5.3ml - x1","p":16.99,"u":"Dont 0,01 € d'éco-part.","img":"https://fd13-photos.leclercdrive.fr/image.ashx?id=1675269&use=l&cat=p&typeid=i","cat":316445},{"id":84226,"n":"Cartouche d'encre HP Noire authentique - 62","p":24.89,"u":"Dont 0,01 € d'éco-part.","img":"https://fd13-photos.leclercdrive.fr/image.ashx?id=1884124&use=l&cat=p&typeid=i","cat":316445},{"id":84227,"n":"Cartouche d'encre HP Noire authentique 302","p":21.99,"u":"Dont 0,01 € d'éco-part.","img":"https://fd13-photos.leclercdrive.fr/image.ashx?id=1744229&use=l&cat=p&typeid=i","cat":316445},{"id":84228,"n":"Cartouche d'encre HP Tricolore - 302","p":26.99,"u":"Dont 0,02 € d'éco-part.","img":"https://fd13-photos.leclercdrive.fr/image.ashx?id=1884130&use=l&cat=p&typeid=i","cat":316445},{"id":84230,"n":"Cartouche d'encre HP Noir - 304","p":16.9,"u":"Dont 0,01 € d'éco-part.","img":"https://fd13-photos.leclercdrive.fr/image.ashx?id=1874219&use=l&cat=p&typeid=i","cat":316445},{"id":84235,"n":"Cartouche d'encre HP Noir - 302XL","p":43.9,"u":"Dont 0,02 € d'éco-part.","img":"https://fd13-photos.leclercdrive.fr/image.ashx?id=1880134&use=l&cat=p&typeid=i","cat":316445},{"id":84236,"n":"Cartouches d'encre HP Pack Noir / Couleurs 302","p":44.99,"img":"https://fd13-photos.leclercdrive.fr/image.ashx?id=1744232&use=l&cat=p&typeid=i","cat":316445},{"id":84240,"n":"Cartouche d'encre Canon Black 545","p":20.49,"u":"Dont 0,01 € d'éco-part.","img":"https://fd13-photos.leclercdrive.fr/image.ashx?id=1674204&use=l&cat=p&typeid=i","cat":316445},{"id":84247,"n":"Dentifrice Dentavie Bio Haleine fraiche - 75ml","p":3.69,"u":"49,20 €/L","img":"https://fd13-photos.leclercdrive.fr/image.ashx?id=2575522&use=l&cat=p&typeid=i","cat":284612},{"id":84249,"n":"Crème Bio Hydratante Sobio Etic Aloe Vera - 100ml","p":10.72,"u":"107,20 €/L","img":"https://fd13-photos.leclercdrive.fr/image.ashx?id=2787074&use=l&cat=p&typeid=i","cat":325345},{"id":84266,"n":"Crème de jour bio Sobio Etic  Hydratante à l'aloé Vera - 50ml","p":7.64,"u":"152,80 €/L","img":"https://fd13-photos.leclercdrive.fr/image.ashx?id=2802485&use=l&cat=p&typeid=i","cat":325345},{"id":84327,"n":"Chicorée en grains Leroux  nature - 520g","p":2.15,"u":"4,13 €/KG","img":"https://fd13-photos.leclercdrive.fr/image.ashx?id=2730496&use=l&cat=p&typeid=i","cat":284843},{"id":84458,"n":"Crème glacée L'Angélys Artisanale Chocolat noir - 450g","p":5.26,"u":"11,69 €/KG","img":"https://fd13-photos.leclercdrive.fr/image.ashx?id=2963571&use=l&cat=p&typeid=i","cat":284263},{"id":84763,"n":"Chipolatas supérieures La Nouvelle Agriculture x6-330g","p":4.65,"u":"14,09 €/KG","img":"https://fd13-photos.leclercdrive.fr/image.ashx?id=2831939&use=l&cat=p&typeid=i","cat":284334},{"id":84774,"n":"Préparation brownie Nestlé Au chocolat - 405g","p":4.01,"u":"9,90 €/KG","img":"https://fd13-photos.leclercdrive.fr/image.ashx?id=2849259&use=l&cat=p&typeid=i","cat":284505},{"id":84789,"n":"Filet de poulet blanc Le Gaulois x2 - 300g","p":4.28,"u":"14,27 €/KG","img":"https://fd13-photos.leclercdrive.fr/image.ashx?id=2633989&use=l&cat=p&typeid=i","cat":284336},{"id":84790,"n":"Cuisse de poulet blanc Le Gaulois - 500g","p":3.23,"u":"6,46 €/KG","img":"https://fd13-photos.leclercdrive.fr/image.ashx?id=2732752&use=l&cat=p&typeid=i","cat":284336},{"id":84794,"n":"Coton Lotus Baby Peau nette - x85","p":2.99,"u":"0,04 €/P","img":"https://fd13-photos.leclercdrive.fr/image.ashx?id=2981355&use=l&cat=p&typeid=i","cat":284739},{"id":84819,"n":"Cerneaux de noix Seeberger 150g","p":4.93,"u":"32,87 €/KG","img":"https://fd13-photos.leclercdrive.fr/image.ashx?id=2950615&use=l&cat=p&typeid=i","cat":284357},{"id":84820,"n":"Minis sandwich Daunat jambon/emmental - 130g","p":1.67,"u":"12,85 €/KG","img":"https://fd13-photos.leclercdrive.fr/image.ashx?id=2951812&use=l&cat=p&typeid=i","cat":333658},{"id":84823,"n":"Wrap Daunat façon fajitas Poulet rôti - 190g","p":2.61,"u":"13,74 €/KG","img":"https://fd13-photos.leclercdrive.fr/image.ashx?id=2532622&use=l&cat=p&typeid=i","cat":333658},{"id":84874,"n":"Fromage blanc La Ledanaise Nature - 4x125g","p":4.26,"u":"8,52 €/KG","img":"https://fd13-photos.leclercdrive.fr/image.ashx?id=1419414&use=l&cat=p&typeid=i","cat":284409},{"id":85022,"n":"Shampooing Naturé Moi Extra-doux - 250ml","p":2.35,"u":"9,40 €/L","img":"https://fd13-photos.leclercdrive.fr/image.ashx?id=2740673&use=l&cat=p&typeid=i","cat":284606},{"id":85027,"n":"Couscous Happy Bio 1/2 complet - Bio  400g","p":2.93,"u":"7,33 €/KG","img":"https://fd13-photos.leclercdrive.fr/image.ashx?id=1718518&use=l&cat=p&typeid=i","cat":284429},{"id":85028,"n":"Sésame grillé bio Happy Bio 250 G","p":3.66,"u":"14,64 €/KG","img":"https://fd13-photos.leclercdrive.fr/image.ashx?id=2970987&use=l&cat=p&typeid=i","cat":284430},{"id":85029,"n":"Flocon avoine Happy Bio gros bio  - 500g","p":2.34,"u":"4,68 €/KG","img":"https://fd13-photos.leclercdrive.fr/image.ashx?id=2684994&use=l&cat=p&typeid=i","cat":318651},{"id":85032,"n":"Après-shampooing Naturé Moi Nourrissant-cheveux secs- 200ml","p":2.35,"u":"11,75 €/L","img":"https://fd13-photos.leclercdrive.fr/image.ashx?id=2741475&use=l&cat=p&typeid=i","cat":284607},{"id":85040,"n":"Shampooing sec Batiste Cherry - 200ml","p":3.55,"u":"17,75 €/L","img":"https://fd13-photos.leclercdrive.fr/image.ashx?id=2983459&use=l&cat=p&typeid=i","cat":289143},{"id":85052,"n":"Croquettes petit chien Ultima  Nature Poulet - 1,25kg","p":6.48,"u":"5,18 €/KG","img":"https://fd13-photos.leclercdrive.fr/image.ashx?id=2593164&use=l&cat=p&typeid=i","cat":294526},{"id":85059,"n":"Protection auditive Quies En mousse fluo - x16","p":6.26,"u":"0,39 €/P","img":"https://fd13-photos.leclercdrive.fr/image.ashx?id=2159511&use=l&cat=p&typeid=i","cat":284630},{"id":85106,"n":"Mayonnaise American Style Heinz  - 395g","p":2.39,"u":"6,05 €/KG","img":"https://fd13-photos.leclercdrive.fr/image.ashx?id=2927059&use=l&cat=p&typeid=i","cat":298295},{"id":85206,"n":"Génoises fourrées Pim's LU Fraise des bois - 150g","p":1.49,"u":"9,93 €/KG","img":"https://fd13-photos.leclercdrive.fr/image.ashx?id=3002204&use=l&cat=p&typeid=i","cat":284489},{"id":85207,"n":"Génoise fourrées Pim's LU Poire - 150g","p":1.64,"u":"10,93 €/KG","img":"https://fd13-photos.leclercdrive.fr/image.ashx?id=2145202&use=l&cat=p&typeid=i","cat":284489},{"id":85278,"n":"Barres Têtes Brûlées Fraise/pomme - 200g","p":1.95,"u":"9,75 €/KG","img":"https://fd13-photos.leclercdrive.fr/image.ashx?id=2917882&use=l&cat=p&typeid=i","cat":304250},{"id":85368,"n":"Tampons Nett Original Digitaux - Super+ - x24","p":2.27,"u":"0,09 €/P","img":"https://fd13-photos.leclercdrive.fr/image.ashx?id=2685132&use=l&cat=p&typeid=i","cat":284626},{"id":85388,"n":"Serviette Men Active Fit Tena Pants plus L - x8","p":6.94,"u":"0,87 €/P","img":"https://fd13-photos.leclercdrive.fr/image.ashx?id=2399060&use=l&cat=p&typeid=i","cat":291514},{"id":85445,"n":"Serpillères jetables St Marc  Anti-Bactériennes - x20","p":2.64,"u":"0,13 €/P","img":"https://fd13-photos.leclercdrive.fr/image.ashx?id=2228552&use=l&cat=p&typeid=i","cat":325358},{"id":85532,"n":"Tenders de Poulet Père Dodu  Aiguillettes - 380g","p":5.62,"u":"14,79 €/KG","img":"https://fd13-photos.leclercdrive.fr/image.ashx?id=2957200&use=l&cat=p&typeid=i","cat":333684},{"id":85666,"n":"IGP Ardeche rosé Pont d'Arc 12.5% vol - BIB 5L","p":11.2,"u":"2,24 €/L","img":"https://fd13-photos.leclercdrive.fr/image.ashx?id=2527922&use=l&cat=p&typeid=i","cat":289560},{"id":85670,"n":"AOP Côtes du Rhone Vin rouge Château de Ruth - 75cl","p":5.75,"u":"7,67 €/L","img":"https://fd13-photos.leclercdrive.fr/image.ashx?id=2687041&use=l&cat=p&typeid=i","cat":289556},{"id":85677,"n":"AOP Saumur Vin blanc pétillant  Ackerman brut - 75cl","p":6.05,"u":"8,07 €/L","img":"https://fd13-photos.leclercdrive.fr/image.ashx?id=2730232&use=l&cat=p&typeid=i","cat":284544},{"id":85683,"n":"Bière blonde Leffe 6,6% - 6x33cl","p":7.54,"u":"3,81 €/L","img":"https://fd13-photos.leclercdrive.fr/image.ashx?id=2833966&use=l&cat=p&typeid=i","cat":334852},{"id":85735,"n":"Soda au cola Pepsi Zéro sucres La bouteille de 2L","p":1.51,"pp":1.06,"u":"0,53 €/L","img":"https://fd13-photos.leclercdrive.fr/image.ashx?id=2682297&use=l&cat=p&typeid=i","cat":284530},{"id":85745,"n":"Batonnets Surimi Coraya x30 - 450g","p":3.98,"u":"8,84 €/KG","img":"https://fd13-photos.leclercdrive.fr/image.ashx?id=2962683&use=l&cat=p&typeid=i","cat":285189},{"id":85996,"n":"Bière French IPA Ninkasi 75cl","p":4.85,"u":"6,47 €/L","img":"https://fd13-photos.leclercdrive.fr/image.ashx?id=2458787&use=l&cat=p&typeid=i","cat":334872},{"id":85998,"n":"Sauce Curry Mango Heinz - 225g","p":1.92,"u":"8,53 €/KG","img":"https://fd13-photos.leclercdrive.fr/image.ashx?id=2927050&use=l&cat=p&typeid=i","cat":318431},{"id":86017,"n":"Chocolat Nougatti Côte d'Or Nougat/chocolat au lait - 180g","p":3.91,"u":"21,72 €/KG","img":"https://fd13-photos.leclercdrive.fr/image.ashx?id=3002273&use=l&cat=p&typeid=i","cat":284498},{"id":86020,"n":"Champagne Alfred Rothschild Brut - 75cl","p":26.3,"u":"35,07 €/L","img":"https://fd13-photos.leclercdrive.fr/image.ashx?id=2628473&use=l&cat=p&typeid=i","cat":284542},{"id":86047,"n":"Sandwich Club Sodebo Pain Complet Rosette - 125g","p":1.48,"u":"11,84 €/KG","img":"https://fd13-photos.leclercdrive.fr/image.ashx?id=2851794&use=l&cat=p&typeid=i","cat":333658},{"id":86049,"n":"Éventail de Crevettes Pescanova ASC Sauce Cocktail - 130g","p":4.54,"u":"34,92 €/KG","img":"https://fd13-photos.leclercdrive.fr/image.ashx?id=2816871&use=l&cat=p&typeid=i","cat":284343},{"id":86050,"n":"Éventail de Crevettes Pescanova ASC Sauce Tartare - 130g","p":4.54,"u":"34,92 €/KG","img":"https://fd13-photos.leclercdrive.fr/image.ashx?id=2180067&use=l&cat=p&typeid=i","cat":284343},{"id":86071,"n":"AOP Prosecco Perlino Extra Dry - 75cl","p":6.65,"u":"8,87 €/L","img":"https://fd13-photos.leclercdrive.fr/image.ashx?id=2612778&use=l&cat=p&typeid=i","cat":289461},{"id":86208,"n":"Pâte à tartiner Nutella 1kg","p":6.62,"u":"6,62 €/KG","img":"https://fd13-photos.leclercdrive.fr/image.ashx?id=2935648&use=l&cat=p&typeid=i","cat":284481},{"id":86220,"n":"Bière pack découverte Mutine 6x33cl","p":10.6,"pp":7.42,"u":"3,75 €/L","img":"https://fd13-photos.leclercdrive.fr/image.ashx?id=2644806&use=l&cat=p&typeid=i","cat":334872},{"id":86317,"n":"Saucisse sèche droite 250g - Charcuterie des Druides","p":4.68,"u":"18,72 €/KG","img":"https://fd13-photos.leclercdrive.fr/image.ashx?id=2506278&use=l&cat=p&typeid=i","cat":316006},{"id":86375,"n":"Rochers Suchard  Lait - 7x35g","p":4.17,"u":"17,02 €/KG","img":"https://fd13-photos.leclercdrive.fr/image.ashx?id=2950372&use=l&cat=p&typeid=i","cat":284499},{"id":86376,"n":"Rochers Suchard Noir - 7x35g","p":4.19,"u":"17,10 €/KG","img":"https://fd13-photos.leclercdrive.fr/image.ashx?id=2950375&use=l&cat=p&typeid=i","cat":284499},{"id":86395,"n":"Brioche tranchée Pasquier Familiale - 650g","p":2.5,"u":"3,85 €/KG","img":"https://fd13-photos.leclercdrive.fr/image.ashx?id=2850949&use=l&cat=p&typeid=i","cat":284478},{"id":86403,"n":"Capsules café L'Or Espresso Delizioso N°5 x10","p":3.13,"u":"60,19 €/KG","img":"https://fd13-photos.leclercdrive.fr/image.ashx?id=3000462&use=l&cat=p&typeid=i","cat":284749},{"id":86411,"n":"Biscuit bio Bjorg Avoine pépites chocolat - 130g","p":2.47,"u":"19,00 €/KG","img":"https://fd13-photos.leclercdrive.fr/image.ashx?id=2999985&use=l&cat=p&typeid=i","cat":325066},{"id":86438,"n":"Dentifrice Integral 8 Signal Nature Elements Coco 75ml","p":1.77,"u":"23,60 €/L","img":"https://fd13-photos.leclercdrive.fr/image.ashx?id=2974659&use=l&cat=p&typeid=i","cat":284612},{"id":86448,"n":"Désinfectant protection Sanytol Salle de bain - 500ml","p":3.39,"u":"6,78 €/L","img":"https://fd13-photos.leclercdrive.fr/image.ashx?id=2848620&use=l&cat=p&typeid=i","cat":325357},{"id":86451,"n":"Lessive gel Génie Lavage main - 200ml","p":1.53,"u":"7,65 €/L","img":"https://fd13-photos.leclercdrive.fr/image.ashx?id=2664142&use=l&cat=p&typeid=i","cat":284643},{"id":86452,"n":"Gel douche Monsavon Amande très douce - 300ml","p":1.86,"u":"6,20 €/L","img":"https://fd13-photos.leclercdrive.fr/image.ashx?id=2532291&use=l&cat=p&typeid=i","cat":284594},{"id":86462,"n":"Gratte éponge Spontex Mosaik - x3","p":2.64,"u":"0,88 €/P","img":"https://fd13-photos.leclercdrive.fr/image.ashx?id=2393224&use=l&cat=p&typeid=i","cat":284667},{"id":86470,"n":"Bonbons KREMA Festival Assortiment - 360g","p":2.38,"u":"6,61 €/KG","img":"https://fd13-photos.leclercdrive.fr/image.ashx?id=2817875&use=l&cat=p&typeid=i","cat":304250},{"id":86482,"n":"Bonbons KREMA Régal'ad Assortiment Fruits - 360g","p":2.41,"u":"6,69 €/KG","img":"https://fd13-photos.leclercdrive.fr/image.ashx?id=2855295&use=l&cat=p&typeid=i","cat":304250},{"id":86483,"n":"Bonbons La pie qui chante Menthe claire - 360g","p":2.19,"u":"6,08 €/KG","img":"https://fd13-photos.leclercdrive.fr/image.ashx?id=2817869&use=l&cat=p&typeid=i","cat":304252},{"id":86488,"n":"Bonbons La pie qui chante Stoptou à la réglisse - 450g","p":2.44,"u":"5,42 €/KG","img":"https://fd13-photos.leclercdrive.fr/image.ashx?id=2817872&use=l&cat=p&typeid=i","cat":304250},{"id":86565,"n":"Chocolat en poudre Poulain Grand Arôme: 32% cacao - 800g","p":5.18,"u":"6,48 €/KG","img":"https://fd13-photos.leclercdrive.fr/image.ashx?id=2867119&use=l&cat=p&typeid=i","cat":293235},{"id":86570,"n":"Chewing gum Malabar Tutti Frutti - 214g","p":1.84,"u":"8,60 €/KG","img":"https://fd13-photos.leclercdrive.fr/image.ashx?id=2817848&use=l&cat=p&typeid=i","cat":304251},{"id":86586,"n":"Pain de mie Harrys Nature extra moelleux - 500g","p":1.31,"u":"2,62 €/KG","img":"https://fd13-photos.leclercdrive.fr/image.ashx?id=2660730&use=l&cat=p&typeid=i","cat":284477},{"id":86654,"n":"Lait concentré Régilait Lait sucré entier -boîte - 397g","p":1.66,"u":"4,18 €/KG","img":"https://fd13-photos.leclercdrive.fr/image.ashx?id=1557463&use=l&cat=p&typeid=i","cat":293236},{"id":86656,"n":"Bouillon cubes légumes Knorr Méditerranéens x12- 132g","p":1.44,"u":"10,91 €/KG","img":"https://fd13-photos.leclercdrive.fr/image.ashx?id=2940636&use=l&cat=p&typeid=i","cat":288379},{"id":86658,"n":"Thé vert Twinings Simplement pur - x25 - 37g","p":2.37,"u":"64,05 €/KG","img":"https://fd13-photos.leclercdrive.fr/image.ashx?id=2893015&use=l&cat=p&typeid=i","cat":293233},{"id":86665,"n":"Dosettes café Senseo Grand Mère Classique x54","p":5.28,"u":"14,83 €/KG","img":"https://fd13-photos.leclercdrive.fr/image.ashx?id=2769837&use=l&cat=p&typeid=i","cat":293238},{"id":86675,"n":"Sachet fraîcheur chien Pedigree  Mixte en sauce - 24x100g","p":9.87,"u":"4,11 €/KG","img":"https://fd13-photos.leclercdrive.fr/image.ashx?id=2870245&use=l&cat=p&typeid=i","cat":284673},{"id":86724,"n":"Huile d'olive Bio Village Bio Vierge extra fruité - 75 cl","p":7.99,"u":"10,65 €/L","img":"https://fd13-photos.leclercdrive.fr/image.ashx?id=3005712&use=l&cat=p&typeid=i","cat":284453},{"id":86725,"n":"Poudre de cacao bio Bio Village 500g - 32% de cacao","p":3.95,"u":"7,90 €/KG","img":"https://fd13-photos.leclercdrive.fr/image.ashx?id=2441516&use=l&cat=p&typeid=i","cat":293235},{"id":86732,"n":"Chips Barbecue Pom'lisse Maxi format - 270g","p":1.82,"u":"6,74 €/KG","img":"https://fd13-photos.leclercdrive.fr/image.ashx?id=2710837&use=l&cat=p&typeid=i","cat":284447},{"id":86743,"n":"IGP Côtes de Gascogne blanc  Vieux Carion - 12% vol 75 cl","p":2.79,"u":"3,72 €/L","img":"https://fd13-photos.leclercdrive.fr/image.ashx?id=2872724&use=l&cat=p&typeid=i","cat":289557},{"id":86744,"n":"Mouchoirs blancs 3 plis Caresse Boîte mouchoirs papier parf x80","p":1.65,"u":"0,02 €/P","img":"https://fd13-photos.leclercdrive.fr/image.ashx?id=2339876&use=l&cat=p&typeid=i","cat":284638},{"id":86747,"n":"Sacs de congélation Elembal Curseur moyen - x15","p":1.99,"u":"0,13 €/P","img":"https://fd13-photos.leclercdrive.fr/image.ashx?id=2511120&use=l&cat=p&typeid=i","cat":334134},{"id":86748,"n":"Adoucissant Hyperdou Lingettes Rêve de fraîcheur - x20","p":1.71,"u":"0,09 €/P","img":"https://fd13-photos.leclercdrive.fr/image.ashx?id=2489203&use=l&cat=p&typeid=i","cat":325302},{"id":86749,"n":"Rasoir Siliss 5 lames","p":6.99,"u":"3,50 €/P","img":"https://fd13-photos.leclercdrive.fr/image.ashx?id=2510452&use=l&cat=p&typeid=i","cat":325352},{"id":86753,"n":"Spray nettoyant Uni Vert Désinfectant écocert - 750ml","p":2.19,"u":"2,92 €/L","img":"https://fd13-photos.leclercdrive.fr/image.ashx?id=2569050&use=l&cat=p&typeid=i","cat":325357},{"id":86779,"n":"Colin d'Alaska Pêche Océan Beurre citron - MSC - 400g","p":3.31,"u":"8,28 €/KG","img":"https://fd13-photos.leclercdrive.fr/image.ashx?id=2930126&use=l&cat=p&typeid=i","cat":319786},{"id":86788,"n":"Tartinable thon Fromage frais MSC Ronde des mers - 140g","p":1.99,"u":"14,21 €/KG","img":"https://fd13-photos.leclercdrive.fr/image.ashx?id=2823084&use=l&cat=p&typeid=i","cat":285191},{"id":86884,"n":"Amande en poudre Vahiné 200g","p":3.56,"u":"17,80 €/KG","img":"https://fd13-photos.leclercdrive.fr/image.ashx?id=2559850&use=l&cat=p&typeid=i","cat":284504},{"id":86885,"n":"Pralin Vahiné 200g","p":3.99,"u":"19,95 €/KG","img":"https://fd13-photos.leclercdrive.fr/image.ashx?id=2524320&use=l&cat=p&typeid=i","cat":284504},{"id":86905,"n":"Bière blonde 1664 5,5° - 12x33cl canettes","p":10.22,"u":"2,58 €/L","img":"https://fd13-photos.leclercdrive.fr/image.ashx?id=2246617&use=l&cat=p&typeid=i","cat":334853},{"id":86916,"n":"Lames de rasoir Carré Homme 2 lames - x10","p":1.05,"u":"0,11 €/P","img":"https://fd13-photos.leclercdrive.fr/image.ashx?id=2591721&use=l&cat=p&typeid=i","cat":284616},{"id":86917,"n":"Lames de rasoir Siliss 5 lames - x3","p":6.69,"u":"2,23 €/P","img":"https://fd13-photos.leclercdrive.fr/image.ashx?id=2602898&use=l&cat=p&typeid=i","cat":325352},{"id":86956,"n":"Pains au chocolat surgelé Gourmet d'Alsace - 1.25kg - x25","p":9.41,"u":"7,53 €/KG","img":"https://fd13-photos.leclercdrive.fr/image.ashx?id=2167104&use=l&cat=p&typeid=i","cat":288858},{"id":86957,"n":"Lentilles blondes Notre Jardin 500g","p":2.6,"u":"5,20 €/KG","img":"https://fd13-photos.leclercdrive.fr/image.ashx?id=2096455&use=l&cat=p&typeid=i","cat":284430},{"id":86967,"n":"Pois Cassés Notre Jardin 500g","p":2.15,"u":"4,30 €/KG","img":"https://fd13-photos.leclercdrive.fr/image.ashx?id=2096452&use=l&cat=p&typeid=i","cat":284430},{"id":86969,"n":"Haricots blancs Notre Jardin 500g","p":2.09,"u":"4,18 €/KG","img":"https://fd13-photos.leclercdrive.fr/image.ashx?id=2096449&use=l&cat=p&typeid=i","cat":284430},{"id":86986,"n":"Sachet fraicheur chat Sheba Thon saumon en gelée - 6x50g","p":2.61,"u":"8,70 €/KG","img":"https://fd13-photos.leclercdrive.fr/image.ashx?id=2850162&use=l&cat=p&typeid=i","cat":285286},{"id":87001,"n":"Petits Pois Notre Jardin 600g","p":1.43,"u":"2,38 €/KG","img":"https://fd13-photos.leclercdrive.fr/image.ashx?id=2873156&use=l&cat=p&typeid=i","cat":319805},{"id":87007,"n":"Bâtonnets à mâcher Dentalife Extra mini x23 - 207g","p":4.03,"u":"19,47 €/KG","img":"https://fd13-photos.leclercdrive.fr/image.ashx?id=2963970&use=l&cat=p&typeid=i","cat":294527},{"id":87011,"n":"Sachet repas chat Gourmet Perle Régal de sauces - 12x85g","p":5.52,"u":"5,41 €/KG","img":"https://fd13-photos.leclercdrive.fr/image.ashx?id=2902361&use=l&cat=p&typeid=i","cat":285286},{"id":87024,"n":"Smoothie innocent énergie boogie ruby 750ml","p":3.58,"u":"4,77 €/L","img":"https://fd13-photos.leclercdrive.fr/image.ashx?id=2187631&use=l&cat=p&typeid=i","cat":285435},{"id":87025,"n":"yaourt aux fruits bifidus activia - 8x125g","p":3.48,"u":"3,48 €/KG","img":"https://fd13-photos.leclercdrive.fr/image.ashx?id=2741751&use=l&cat=p&typeid=i","cat":315000},{"id":87026,"n":"Smoothie innocent antioxydant green 750ml","p":3.48,"u":"4,64 €/L","img":"https://fd13-photos.leclercdrive.fr/image.ashx?id=2860049&use=l&cat=p&typeid=i","cat":285435},{"id":87038,"n":"Yaourt nature Danone 8x125g","p":1.82,"u":"1,82 €/KG","img":"https://fd13-photos.leclercdrive.fr/image.ashx?id=3001985&use=l&cat=p&typeid=i","cat":284409},{"id":87054,"n":"Yaourt à boire Michel&Augustin Mangue Passion - 500ml","p":2.51,"u":"5,02 €/L","img":"https://fd13-photos.leclercdrive.fr/image.ashx?id=2165707&use=l&cat=p&typeid=i","cat":284415},{"id":87061,"n":"Boisson gourmande PAGO ACE Orange carotte citron - 75cl","p":1.56,"u":"2,08 €/L","img":"https://fd13-photos.leclercdrive.fr/image.ashx?id=2861237&use=l&cat=p&typeid=i","cat":284916},{"id":87065,"n":"Yaourts aux fruits Délisse Saveur Orientale - 8x125g","p":2.59,"u":"2,59 €/KG","img":"https://fd13-photos.leclercdrive.fr/image.ashx?id=2520304&use=l&cat=p&typeid=i","cat":284410},{"id":87066,"n":"Yaourts aux fruits Délisse  Saveur d'Asie - 8x125g","p":2.59,"u":"2,59 €/KG","img":"https://fd13-photos.leclercdrive.fr/image.ashx?id=2465053&use=l&cat=p&typeid=i","cat":284410},{"id":87074,"n":"Nappe Damassée Homeside Grise - 7m","p":2.96,"img":"https://fd13-photos.leclercdrive.fr/image.ashx?id=1659750&use=l&cat=p&typeid=i","cat":334134},{"id":87076,"n":"Serviettes en papier Ardence Olive - 3 plis - 33x33cm","p":1.99,"u":"0,04 €/P","img":"https://fd13-photos.leclercdrive.fr/image.ashx?id=2726068&use=l&cat=p&typeid=i","cat":334134},{"id":87078,"n":"Serviettes en papier Homeside Aqua - 33x33cm - 3 plis","p":1.99,"img":"https://fd13-photos.leclercdrive.fr/image.ashx?id=1659729&use=l&cat=p&typeid=i","cat":334134},{"id":87079,"n":"Serviettes en papier Homeside Gris - 33x33cm - x50","p":1.99,"img":"https://fd13-photos.leclercdrive.fr/image.ashx?id=1659726&use=l&cat=p&typeid=i","cat":334134},{"id":87081,"n":"Serviettes en papier Homeside Rouge - 33x33cm - x50","p":1.5,"img":"https://fd13-photos.leclercdrive.fr/image.ashx?id=1659723&use=l&cat=p&typeid=i","cat":334134},{"id":87083,"n":"Rhum premium Bacardi Reserva  Ocho 8 ans d'âge 40° - 70cl","p":30.5,"u":"43,57 €/L","img":"https://fd13-photos.leclercdrive.fr/image.ashx?id=2848373&use=l&cat=p&typeid=i","cat":284550},{"id":87084,"n":"Rhum ambré Bacardi Carta Oro 37,5° - 70cl","p":16.2,"u":"23,14 €/L","img":"https://fd13-photos.leclercdrive.fr/image.ashx?id=2858171&use=l&cat=p&typeid=i","cat":284550},{"id":87089,"n":"Pavé Gourmand Garden Gourmet Epinards et Fromage 180g","p":2.4,"u":"13,33 €/KG","img":"https://fd13-photos.leclercdrive.fr/image.ashx?id=2971389&use=l&cat=p&typeid=i","cat":316036},{"id":87090,"n":"Burrata di Bufala Casa Azzurra 200g","p":4.43,"u":"22,15 €/KG","img":"https://fd13-photos.leclercdrive.fr/image.ashx?id=1950711&use=l&cat=p&typeid=i","cat":314026},{"id":87091,"n":"St Jacques Marie Fondue de poireaux riz - 280g","p":3.84,"u":"13,71 €/KG","img":"https://fd13-photos.leclercdrive.fr/image.ashx?id=2317531&use=l&cat=p&typeid=i","cat":333665},{"id":87093,"n":"Eau coiffante Vitanove 150ml","p":1.99,"u":"13,27 €/L","img":"https://fd13-photos.leclercdrive.fr/image.ashx?id=2496419&use=l&cat=p&typeid=i","cat":284609},{"id":87100,"n":"Gel lavant Manava Purifiant mandarine - 300ml","p":1.25,"u":"4,17 €/L","img":"https://fd13-photos.leclercdrive.fr/image.ashx?id=2935519&use=l&cat=p&typeid=i","cat":284597},{"id":87311,"n":"Intercalaires Exacompta Extra larges - 23x29.7cm - x12","p":3.04,"img":"https://fd13-photos.leclercdrive.fr/image.ashx?id=1939123&use=l&cat=p&typeid=i","cat":284745},{"id":87375,"n":"Serviettes Doulys Ultra mince Nuit + large - x9","p":2.26,"u":"0,25 €/P","img":"https://fd13-photos.leclercdrive.fr/image.ashx?id=2839927&use=l&cat=p&typeid=i","cat":284624},{"id":87377,"n":"Shampooing douceur L'Arbre Vert 250ml","p":2.44,"u":"9,76 €/L","img":"https://fd13-photos.leclercdrive.fr/image.ashx?id=2886118&use=l&cat=p&typeid=i","cat":284606},{"id":87378,"n":"Shampooing detox L'Arbre Vert Cheveux gras - 250ml","p":2.44,"u":"9,76 €/L","img":"https://fd13-photos.leclercdrive.fr/image.ashx?id=2175906&use=l&cat=p&typeid=i","cat":284606},{"id":87379,"n":"Shampooing L'Arbre Vert Nutrition cheveux secs - 250ml","p":2.48,"u":"9,92 €/L","img":"https://fd13-photos.leclercdrive.fr/image.ashx?id=2885390&use=l&cat=p&typeid=i","cat":284606},{"id":87623,"n":"Langue de bœuf Larzul Sauce madère - 205g","p":4.07,"u":"19,85 €/KG","img":"https://fd13-photos.leclercdrive.fr/image.ashx?id=2469226&use=l&cat=p&typeid=i","cat":284441},{"id":87633,"n":"Langue de bœuf sauce piquante Larzul - 205g","p":4.21,"u":"20,54 €/KG","img":"https://fd13-photos.leclercdrive.fr/image.ashx?id=2516239&use=l&cat=p&typeid=i","cat":284441},{"id":87634,"n":"Langue de bœuf Larzul micro-ondable - 285g","p":4.5,"u":"15,79 €/KG","img":"https://fd13-photos.leclercdrive.fr/image.ashx?id=2504491&use=l&cat=p&typeid=i","cat":284441},{"id":87635,"n":"Soupe de poisson 4/4 Larzul 800g","p":3.75,"u":"4,69 €/KG","img":"https://fd13-photos.leclercdrive.fr/image.ashx?id=2209309&use=l&cat=p&typeid=i","cat":287366},{"id":87701,"n":"Carrés feuilletés Croustipate x4 - 240g","p":1.44,"u":"6,00 €/KG","img":"https://fd13-photos.leclercdrive.fr/image.ashx?id=2875069&use=l&cat=p&typeid=i","cat":333681},{"id":87784,"n":"Fiches bristol Exacompta 4 coloris - 14.8x21cm - x100","p":3.99,"u":"0,04 €/P","img":"https://fd13-photos.leclercdrive.fr/image.ashx?id=2795015&use=l&cat=p&typeid=i","cat":284697},{"id":87785,"n":"Fiches bristol Exacompta 4 coloris - 12.5x20cm - x100","p":4.09,"img":"https://fd13-photos.leclercdrive.fr/image.ashx?id=2677777&use=l&cat=p&typeid=i","cat":284697},{"id":87786,"n":"Fiches bristol Exacompta 4 coloris - 10x15cm - x100","p":3.11,"img":"https://fd13-photos.leclercdrive.fr/image.ashx?id=2795006&use=l&cat=p&typeid=i","cat":284697},{"id":87787,"n":"Fiches bristol Exacompta Blanc - 12.5x20cm - x50","p":1.8,"u":"0,04 €/P","img":"https://fd13-photos.leclercdrive.fr/image.ashx?id=2677774&use=l&cat=p&typeid=i","cat":284697},{"id":87790,"n":"Cahier Clairefontaine Koverbook Assortiment - 24x32cm - 48p","p":2.6,"img":"https://fd13-photos.leclercdrive.fr/image.ashx?id=1657966&use=l&cat=p&typeid=i","cat":284697},{"id":87849,"n":"Boisson végétale Alpro lait de coco riz - 1l","p":2.19,"u":"2,19 €/L","img":"https://fd13-photos.leclercdrive.fr/image.ashx?id=2790243&use=l&cat=p&typeid=i","cat":316067},{"id":87894,"n":"Boisson énergisante Crazy Tiger Bouteille - 1L","p":2.27,"u":"2,27 €/L","img":"https://fd13-photos.leclercdrive.fr/image.ashx?id=2927555&use=l&cat=p&typeid=i","cat":284533},{"id":87923,"n":"Compotes  gourdes Pom'Potes Multivariétés - 12x90g","p":4.85,"u":"4,49 €/KG","img":"https://fd13-photos.leclercdrive.fr/image.ashx?id=3010942&use=l&cat=p&typeid=i","cat":284508},{"id":87924,"n":"Dosettes café Senseo Classique x40","p":6.32,"u":"22,82 €/KG","img":"https://fd13-photos.leclercdrive.fr/image.ashx?id=2876326&use=l&cat=p&typeid=i","cat":293238},{"id":87925,"n":"Dosettes café Senseo Corsé x40","p":6.37,"u":"23,00 €/KG","img":"https://fd13-photos.leclercdrive.fr/image.ashx?id=2393581&use=l&cat=p&typeid=i","cat":293238},{"id":87926,"n":"Dosettes café Senseo Doux x40","p":6.36,"u":"22,96 €/KG","img":"https://fd13-photos.leclercdrive.fr/image.ashx?id=2337567&use=l&cat=p&typeid=i","cat":293238},{"id":87927,"n":"Dosettes café Senseo Décaféiné x40","p":6.44,"u":"23,25 €/KG","img":"https://fd13-photos.leclercdrive.fr/image.ashx?id=2324921&use=l&cat=p&typeid=i","cat":293238},{"id":87929,"n":"Dosettes café Senseo Classique x54","p":7.95,"u":"21,20 €/KG","img":"https://fd13-photos.leclercdrive.fr/image.ashx?id=2391798&use=l&cat=p&typeid=i","cat":293238},{"id":87931,"n":"Dosettes café Senseo Doux x54","p":8.39,"u":"22,37 €/KG","img":"https://fd13-photos.leclercdrive.fr/image.ashx?id=2289951&use=l&cat=p&typeid=i","cat":293238},{"id":87977,"n":"Fromage a raclette Richesmonts Tranché nature pour burger 140g","p":2.49,"u":"17,79 €/KG","img":"https://fd13-photos.leclercdrive.fr/image.ashx?id=2247931&use=l&cat=p&typeid=i","cat":314028},{"id":88041,"n":"Croquettes chat stérilisé  Ultima saumon - 7,5kg","p":29.83,"u":"3,98 €/KG","img":"https://fd13-photos.leclercdrive.fr/image.ashx?id=2886184&use=l&cat=p&typeid=i","cat":284680},{"id":88048,"n":"Compote Charles & Alice Pommes Bananes Vanille -4x100g","p":1.7,"u":"4,38 €/KG","img":"https://fd13-photos.leclercdrive.fr/image.ashx?id=2757698&use=l&cat=p&typeid=i","cat":284416},{"id":88053,"n":"Lasagne à la bolognaise Marie - 1 kg","p":4.77,"u":"4,77 €/KG","img":"https://fd13-photos.leclercdrive.fr/image.ashx?id=2993394&use=l&cat=p&typeid=i","cat":284254},{"id":88054,"n":"Fromage à tartiner Madame Loïk Fouetté Nat. Sel réduit - 150g","p":1.65,"pp":1.09,"u":"7,27 €/KG","img":"https://fd13-photos.leclercdrive.fr/image.ashx?id=2948018&use=l&cat=p&typeid=i","cat":314029},{"id":88062,"n":"Matière grasse Primevere Oméga 3 - 55% - 250g","p":1.5,"u":"6,00 €/KG","img":"https://fd13-photos.leclercdrive.fr/image.ashx?id=2928468&use=l&cat=p&typeid=i","cat":315229},{"id":88115,"n":"yaourt à boire danonino fraise banane abricot - 6x100g","p":2.54,"u":"4,23 €/KG","img":"https://fd13-photos.leclercdrive.fr/image.ashx?id=3003143&use=l&cat=p&typeid=i","cat":284415},{"id":88214,"n":"Céréales bébé Blédine 15 mois  vanille pépites  - 400g","p":2.12,"u":"5,30 €/KG","img":"https://fd13-photos.leclercdrive.fr/image.ashx?id=2760814&use=l&cat=p&typeid=i","cat":312225},{"id":88218,"n":"Céréales bébé Blédine 15 mois  Briochée pépite - 400g","p":2.12,"u":"5,30 €/KG","img":"https://fd13-photos.leclercdrive.fr/image.ashx?id=2763127&use=l&cat=p&typeid=i","cat":312225},{"id":88272,"n":"Stylo correcteur Tipp-ex Bic x3","p":2.82,"img":"https://fd13-photos.leclercdrive.fr/image.ashx?id=2741430&use=l&cat=p&typeid=i","cat":334133},{"id":88275,"n":"Bâton de colle Bic Décoré - 8x8g","p":4.12,"u":"64,38 €/KG","img":"https://fd13-photos.leclercdrive.fr/image.ashx?id=2263751&use=l&cat=p&typeid=i","cat":334133},{"id":88339,"n":"Purée de sésame Jardin Bio Tahini bio - 350g","p":6.39,"u":"18,26 €/KG","img":"https://fd13-photos.leclercdrive.fr/image.ashx?id=3000183&use=l&cat=p&typeid=i","cat":284481},{"id":88340,"n":"Berries Haribo Sachet bonbons - 200g","p":1.79,"u":"8,95 €/KG","img":"https://fd13-photos.leclercdrive.fr/image.ashx?id=2982411&use=l&cat=p&typeid=i","cat":304250},{"id":88342,"n":"Fécule et farine Tipiak Sans gluten - 500g","p":2.87,"u":"5,74 €/KG","img":"https://fd13-photos.leclercdrive.fr/image.ashx?id=2649217&use=l&cat=p&typeid=i","cat":318654},{"id":88344,"n":"Bonbons Regal'ad Krema 590g","p":3.45,"u":"5,85 €/KG","img":"https://fd13-photos.leclercdrive.fr/image.ashx?id=2806351&use=l&cat=p&typeid=i","cat":304250},{"id":88359,"n":"Bougies et chiffres Vahiné Plastique","p":4.05,"img":"https://fd13-photos.leclercdrive.fr/image.ashx?id=2402702&use=l&cat=p&typeid=i","cat":335913},{"id":88396,"n":"Matière grasse St Hubert  Omega3 - 1/2 sel - 52% MG -250g","p":2.75,"u":"11,00 €/KG","img":"https://fd13-photos.leclercdrive.fr/image.ashx?id=2886094&use=l&cat=p&typeid=i","cat":315229},{"id":88414,"n":"Boisson a base de thé Fresh Tea Thé vert saveur menthe 1L","p":0.96,"u":"0,96 €/L","img":"https://fd13-photos.leclercdrive.fr/image.ashx?id=2622272&use=l&cat=p&typeid=i","cat":295019},{"id":88417,"n":"Matière grasse St Hubert 51%MG-Sans huile de palme -500g","p":4.93,"u":"9,86 €/KG","img":"https://fd13-photos.leclercdrive.fr/image.ashx?id=2734117&use=l&cat=p&typeid=i","cat":315229},{"id":88418,"n":"Boisson a base de thé Fresh Tea Pêche - 1L","p":0.89,"u":"0,89 €/L","img":"https://fd13-photos.leclercdrive.fr/image.ashx?id=2622275&use=l&cat=p&typeid=i","cat":295019},{"id":88438,"n":"Coulommiers Cœur de Lion  Extra-Crèmeux - 385g","p":3.19,"u":"8,29 €/KG","img":"https://fd13-photos.leclercdrive.fr/image.ashx?id=2999958&use=l&cat=p&typeid=i","cat":314033},{"id":88441,"n":"Fromage à tartiner St Môret Nature maxi format - 400g","p":4.43,"u":"11,08 €/KG","img":"https://fd13-photos.leclercdrive.fr/image.ashx?id=2755459&use=l&cat=p&typeid=i","cat":314029},{"id":88446,"n":"Fromage Le Rustique Tomme  Fruitée - 280g","p":3.95,"u":"14,11 €/KG","img":"https://fd13-photos.leclercdrive.fr/image.ashx?id=2921549&use=l&cat=p&typeid=i","cat":329184},{"id":88448,"n":"Fromage à Tartiner Carré Frais  Nature 0% - 8 Portions - 200g","p":2.33,"u":"11,65 €/KG","img":"https://fd13-photos.leclercdrive.fr/image.ashx?id=2868684&use=l&cat=p&typeid=i","cat":314029},{"id":88450,"n":"Escalope Cordon Bleu Père Dodu  Dinde x2 - 200g","p":2.85,"u":"14,25 €/KG","img":"https://fd13-photos.leclercdrive.fr/image.ashx?id=2957203&use=l&cat=p&typeid=i","cat":333683},{"id":88451,"n":"AOP Champagne Chanoine Frères Brut - 75cl","p":20.84,"u":"27,79 €/L","img":"https://fd13-photos.leclercdrive.fr/image.ashx?id=2673217&use=l&cat=p&typeid=i","cat":284542},{"id":88454,"n":"Saucisson Fuet Justin Bridou  170g","p":3.24,"u":"19,06 €/KG","img":"https://fd13-photos.leclercdrive.fr/image.ashx?id=2751165&use=l&cat=p&typeid=i","cat":316006},{"id":88460,"n":"Fromage de Chèvre Chavroux  9 Portions - 162g","p":2.79,"u":"17,22 €/KG","img":"https://fd13-photos.leclercdrive.fr/image.ashx?id=2936689&use=l&cat=p&typeid=i","cat":314031},{"id":88461,"n":"Salami Danois  Saint-Azay x16 - 160g","p":1.58,"u":"9,88 €/KG","img":"https://fd13-photos.leclercdrive.fr/image.ashx?id=2708354&use=l&cat=p&typeid=i","cat":316007},{"id":88471,"n":"Protège slip Tena Long - x20","p":2.35,"u":"0,12 €/P","img":"https://fd13-photos.leclercdrive.fr/image.ashx?id=2428588&use=l&cat=p&typeid=i","cat":284628},{"id":88511,"n":"Éventail de Crevettes Pescanova ASC Sauce Tzatziki - 130g","p":4.54,"u":"34,92 €/KG","img":"https://fd13-photos.leclercdrive.fr/image.ashx?id=2180073&use=l&cat=p&typeid=i","cat":284343},{"id":88542,"n":"Tomato Ketchup Allégé Heinz 50% sucre/sel en moins - 435g","p":2.36,"u":"5,43 €/KG","img":"https://fd13-photos.leclercdrive.fr/image.ashx?id=2973357&use=l&cat=p&typeid=i","cat":284455},{"id":88548,"n":"Tartines campagne La Boulangère 450g","p":1.4,"u":"3,11 €/KG","img":"https://fd13-photos.leclercdrive.fr/image.ashx?id=2912395&use=l&cat=p&typeid=i","cat":284477},{"id":88561,"n":"Céréales bébé Blédine 6 mois  Multi céréales - 400g","p":2.15,"u":"5,38 €/KG","img":"https://fd13-photos.leclercdrive.fr/image.ashx?id=2763118&use=l&cat=p&typeid=i","cat":312225},{"id":88563,"n":"AOP Côtes du Rhône Vin rouge E. Guigal - 75cl","p":9.63,"u":"12,84 €/L","img":"https://fd13-photos.leclercdrive.fr/image.ashx?id=2555658&use=l&cat=p&typeid=i","cat":289556},{"id":88662,"n":"Yaourt bifidus Activia Vanille - 4x125g","p":1.6,"u":"3,20 €/KG","img":"https://fd13-photos.leclercdrive.fr/image.ashx?id=3006184&use=l&cat=p&typeid=i","cat":315000},{"id":88698,"n":"Citrons bio Bio Village Sachet x4","p":3.08,"u":"0,77 €/P","img":"https://fd13-photos.leclercdrive.fr/image.ashx?id=2805063&use=l&cat=p&typeid=i","cat":284356},{"id":88738,"n":"Yaourt bifidus Activia citron vanille coco - 12x125g","p":4.82,"u":"3,21 €/KG","img":"https://fd13-photos.leclercdrive.fr/image.ashx?id=3003149&use=l&cat=p&typeid=i","cat":315000},{"id":88740,"n":"Yaourt bifidus Activia citron - 4x125g","p":1.6,"u":"3,20 €/KG","img":"https://fd13-photos.leclercdrive.fr/image.ashx?id=3006181&use=l&cat=p&typeid=i","cat":315000},{"id":88742,"n":"Yaourt bifidus Activia coco - 4x125g","p":1.65,"u":"3,30 €/KG","img":"https://fd13-photos.leclercdrive.fr/image.ashx?id=2886651&use=l&cat=p&typeid=i","cat":315000},{"id":88986,"n":"Barre Chocolat au Lait KitKat x6 barres - 249g","p":3.14,"u":"12,61 €/KG","img":"https://fd13-photos.leclercdrive.fr/image.ashx?id=2989426&use=l&cat=p&typeid=i","cat":284498},{"id":88987,"n":"Smarties Tube Géant Bonbons Chocolat - 130g","p":2.11,"u":"16,23 €/KG","img":"https://fd13-photos.leclercdrive.fr/image.ashx?id=2625586&use=l&cat=p&typeid=i","cat":304238},{"id":89010,"n":"Fromage Roquefort Société Crème 2x100g","p":4.18,"u":"20,90 €/KG","img":"https://fd13-photos.leclercdrive.fr/image.ashx?id=2789706&use=l&cat=p&typeid=i","cat":314032},{"id":89054,"n":"Bière blonde Kronenbourg 4,2° - 50cl canette","p":0.92,"u":"1,84 €/L","img":"https://fd13-photos.leclercdrive.fr/image.ashx?id=1586574&use=l&cat=p&typeid=i","cat":334853},{"id":89088,"n":"Boisson au Soja Alpro Goût vanille - 1L","p":2.59,"u":"2,59 €/L","img":"https://fd13-photos.leclercdrive.fr/image.ashx?id=2944383&use=l&cat=p&typeid=i","cat":316067},{"id":89089,"n":"Boisson végétale Alpro Soja sans sucres - 1L","p":1.55,"u":"1,55 €/L","img":"https://fd13-photos.leclercdrive.fr/image.ashx?id=2980082&use=l&cat=p&typeid=i","cat":316067},{"id":89090,"n":"Boisson végétale Alpro Soja - 1L","p":1.73,"u":"1,73 €/L","img":"https://fd13-photos.leclercdrive.fr/image.ashx?id=2977681&use=l&cat=p&typeid=i","cat":316067},{"id":89092,"n":"Boisson au soja Alpro Saveur chocolat - 1L","p":2.54,"u":"2,54 €/L","img":"https://fd13-photos.leclercdrive.fr/image.ashx?id=1889294&use=l&cat=p&typeid=i","cat":316067},{"id":89093,"n":"Boisson végétale Alpro avoine - 1l","p":2.19,"u":"2,19 €/L","img":"https://fd13-photos.leclercdrive.fr/image.ashx?id=2986852&use=l&cat=p&typeid=i","cat":316067},{"id":89094,"n":"Boisson végétale lait d'amande grillée sans sucre alpro - 1l","p":2.11,"u":"2,11 €/L","img":"https://fd13-photos.leclercdrive.fr/image.ashx?id=2985543&use=l&cat=p&typeid=i","cat":316067},{"id":89099,"n":"IGP Pays d'Oc rosé Bleu de Mer  75 cl","p":5.49,"u":"7,32 €/L","img":"https://fd13-photos.leclercdrive.fr/image.ashx?id=2677477&use=l&cat=p&typeid=i","cat":289558},{"id":89160,"n":"Recharge liquide nettoyant Swiffer WetJet - 1.25L","p":4.69,"pp":2.81,"u":"2,25 €/L","img":"https://fd13-photos.leclercdrive.fr/image.ashx?id=2867800&use=l&cat=p&typeid=i","cat":325364},{"id":89190,"n":"Carotte Bio Bio Village 1kg","p":2.29,"u":"2,29 €/KG","img":"https://fd13-photos.leclercdrive.fr/image.ashx?id=1457160&use=l&cat=p&typeid=i","cat":284352},{"id":89196,"n":"Eau gazeuse aromatisée Badoit Citron vert - 1L","p":1.28,"u":"1,28 €/L","img":"https://fd13-photos.leclercdrive.fr/image.ashx?id=2730658&use=l&cat=p&typeid=i","cat":284536},{"id":89198,"n":"Eau gazeuse aromatisée Badoit Citron menthe - 1L","p":1.35,"u":"1,35 €/L","img":"https://fd13-photos.leclercdrive.fr/image.ashx?id=2730661&use=l&cat=p&typeid=i","cat":284536},{"id":89329,"n":"Dentifrice Aquafresh Triple protection menthe - 75ml","p":1.18,"u":"15,73 €/L","img":"https://fd13-photos.leclercdrive.fr/image.ashx?id=2487614&use=l&cat=p&typeid=i","cat":284612},{"id":89336,"n":"Cire coiffante Vitanove Effet mat - 75ml","p":2.28,"u":"30,40 €/L","img":"https://fd13-photos.leclercdrive.fr/image.ashx?id=2791314&use=l&cat=p&typeid=i","cat":284609},{"id":89337,"n":"Cire coiffante Vitanove Brillance - 75ml","p":1.99,"u":"26,53 €/L","img":"https://fd13-photos.leclercdrive.fr/image.ashx?id=2780683&use=l&cat=p&typeid=i","cat":284609},{"id":89338,"n":"Soin anti-rides Inell Q10 Jour - 50ml","p":2.49,"u":"49,80 €/L","img":"https://fd13-photos.leclercdrive.fr/image.ashx?id=2822132&use=l&cat=p&typeid=i","cat":325345},{"id":89344,"n":"Serviettes Normal Doulys Ultra mince - x28","p":2.07,"u":"0,07 €/P","img":"https://fd13-photos.leclercdrive.fr/image.ashx?id=2789143&use=l&cat=p&typeid=i","cat":284624},{"id":89345,"n":"Serviettes Super Doulys Ultra mince - x24","p":1.83,"u":"0,08 €/P","img":"https://fd13-photos.leclercdrive.fr/image.ashx?id=2839931&use=l&cat=p&typeid=i","cat":284624},{"id":89346,"n":"Serviettes Nuit Doulys Ultra mince - x20","p":2.55,"u":"0,13 €/P","img":"https://fd13-photos.leclercdrive.fr/image.ashx?id=2839935&use=l&cat=p&typeid=i","cat":284624},{"id":89424,"n":"Pesto vert Bio Village Bio - 185g","p":1.8,"u":"9,73 €/KG","img":"https://fd13-photos.leclercdrive.fr/image.ashx?id=1466304&use=l&cat=p&typeid=i","cat":287599},{"id":89483,"n":"Salade & Cie Sodebo Stockhlom Saumon Pâtes - 320g","p":3.88,"u":"12,13 €/KG","img":"https://fd13-photos.leclercdrive.fr/image.ashx?id=2795722&use=l&cat=p&typeid=i","cat":333657},{"id":89506,"n":"Oeufs Plein air  Eco + x12","p":2.59,"u":"0,22 €/P","img":"https://fd13-photos.leclercdrive.fr/image.ashx?id=2756579&use=l&cat=p&typeid=i","cat":284378},{"id":89507,"n":"Xtrem Box Sodebo Radiatori à la Carbonara 400g","p":3.07,"u":"7,68 €/KG","img":"https://fd13-photos.leclercdrive.fr/image.ashx?id=2631588&use=l&cat=p&typeid=i","cat":334983},{"id":89519,"n":"Bouillon chinois Régal Soupe Instantané - 48g","p":1.32,"u":"27,50 €/KG","img":"https://fd13-photos.leclercdrive.fr/image.ashx?id=2071345&use=l&cat=p&typeid=i","cat":288992},{"id":89520,"n":"Mouliné 10 légumes Régal Soupe Instantané - 80g","p":1.37,"u":"17,13 €/KG","img":"https://fd13-photos.leclercdrive.fr/image.ashx?id=1886623&use=l&cat=p&typeid=i","cat":293527},{"id":89522,"n":"Barre bretonne Ker Cadélac 800g","p":3.57,"u":"4,46 €/KG","img":"https://fd13-photos.leclercdrive.fr/image.ashx?id=2956146&use=l&cat=p&typeid=i","cat":294776},{"id":89524,"n":"Moelleux Ker Cadélac Original - 690g","p":3.65,"u":"5,29 €/KG","img":"https://fd13-photos.leclercdrive.fr/image.ashx?id=2959937&use=l&cat=p&typeid=i","cat":294776},{"id":89635,"n":"Infusion Les 2 Marmottes Thym x30 - 35g","p":4.85,"u":"138,57 €/KG","img":"https://fd13-photos.leclercdrive.fr/image.ashx?id=2833555&use=l&cat=p&typeid=i","cat":293234},{"id":89636,"n":"Infusion Les 2 Marmottes Verveine x30 - 46g","p":5.3,"u":"115,22 €/KG","img":"https://fd13-photos.leclercdrive.fr/image.ashx?id=2833564&use=l&cat=p&typeid=i","cat":293234},{"id":89640,"n":"Infusion Les 2 marmottes Detox et vous x30 - 50g","p":5.49,"u":"109,80 €/KG","img":"https://fd13-photos.leclercdrive.fr/image.ashx?id=2833585&use=l&cat=p&typeid=i","cat":293234},{"id":89660,"n":"Xtrem Box Sodebo Radiatori  4 Fromages - 400g","p":3.18,"u":"7,95 €/KG","img":"https://fd13-photos.leclercdrive.fr/image.ashx?id=2631591&use=l&cat=p&typeid=i","cat":334983},{"id":89686,"n":"Taboulé poulet rôti Bonduelle 500g","p":2.75,"u":"5,50 €/KG","img":"https://fd13-photos.leclercdrive.fr/image.ashx?id=2904694&use=l&cat=p&typeid=i","cat":333657},{"id":89695,"n":"Poulet Weight Watchers Curry-coco - 300g","p":3.3,"u":"11,00 €/KG","img":"https://fd13-photos.leclercdrive.fr/image.ashx?id=2827203&use=l&cat=p&typeid=i","cat":333665},{"id":89825,"n":"AOP Côtes du Rhône villages  rouge Romain Duvernay - 75cl","p":6.8,"pp":5.1,"u":"6,80 €/L","img":"https://fd13-photos.leclercdrive.fr/image.ashx?id=2322400&use=l&cat=p&typeid=i","cat":289556},{"id":89914,"n":"Bouillon Cube Maggi Légumes x18 - 180g","p":1.56,"u":"8,67 €/KG","img":"https://fd13-photos.leclercdrive.fr/image.ashx?id=2737039&use=l&cat=p&typeid=i","cat":288379},{"id":90021,"n":"Thon Le Mariné Petit Navire Emietté -Tomates séchées - 110g","p":2.13,"u":"19,36 €/KG","img":"https://fd13-photos.leclercdrive.fr/image.ashx?id=2682857&use=l&cat=p&typeid=i","cat":303867},{"id":90054,"n":"Confiture extra bio Jardin Bio 60% d'abricot - 320g","p":3.04,"u":"9,50 €/KG","img":"https://fd13-photos.leclercdrive.fr/image.ashx?id=2475750&use=l&cat=p&typeid=i","cat":284480},{"id":90056,"n":"Quinotto Jardin Bio Bio légumes parmesan - 220g","p":2.46,"u":"11,18 €/KG","img":"https://fd13-photos.leclercdrive.fr/image.ashx?id=2535421&use=l&cat=p&typeid=i","cat":287600},{"id":90058,"n":"Ravioli Jardin Bio Bio chèvre ciboulette - 250g","p":2.75,"u":"11,00 €/KG","img":"https://fd13-photos.leclercdrive.fr/image.ashx?id=2534842&use=l&cat=p&typeid=i","cat":287600},{"id":90082,"n":"Ciboulette Ducros 4g","p":0.98,"u":"245,00 €/KG","img":"https://fd13-photos.leclercdrive.fr/image.ashx?id=2559487&use=l&cat=p&typeid=i","cat":298297},{"id":90090,"n":"Gnocchi à poêler Lustucru Extra Fromage 500g","p":2.91,"u":"5,82 €/KG","img":"https://fd13-photos.leclercdrive.fr/image.ashx?id=2786171&use=l&cat=p&typeid=i","cat":333682},{"id":90091,"n":"Gaufre vergeoise Lotus Bakeries Coeur fondant 5x2 pièce - 310g","p":2.68,"u":"8,65 €/KG","img":"https://fd13-photos.leclercdrive.fr/image.ashx?id=2695887&use=l&cat=p&typeid=i","cat":294777},{"id":90120,"n":"Crème Saint Agur  155g","p":2.65,"u":"17,10 €/KG","img":"https://fd13-photos.leclercdrive.fr/image.ashx?id=2760014&use=l&cat=p&typeid=i","cat":314029},{"id":90122,"n":"Camembert Coeur de Lion 250g","p":1.98,"u":"7,92 €/KG","img":"https://fd13-photos.leclercdrive.fr/image.ashx?id=3008185&use=l&cat=p&typeid=i","cat":314033},{"id":90182,"n":"Savon Bionaïa Lait d'anesse - 100g","p":1.72,"u":"17,20 €/KG","img":"https://fd13-photos.leclercdrive.fr/image.ashx?id=2491047&use=l&cat=p&typeid=i","cat":284597},{"id":90188,"n":"Cremio Box Sodebo Poulet à l'Emmental - 280g","p":2.24,"u":"8,00 €/KG","img":"https://fd13-photos.leclercdrive.fr/image.ashx?id=2679068&use=l&cat=p&typeid=i","cat":334983},{"id":90237,"n":"Bière blonde Delirium Red 8% vol. - 33cl","p":2.56,"u":"7,76 €/L","img":"https://fd13-photos.leclercdrive.fr/image.ashx?id=2381300&use=l&cat=p&typeid=i","cat":334872},{"id":90357,"n":"AOC Côtes de Duras rouge Bio Berticot - 75cl","p":5.95,"u":"7,93 €/L","img":"https://fd13-photos.leclercdrive.fr/image.ashx?id=1572731&use=l&cat=p&typeid=i","cat":289556},{"id":90481,"n":"Eau infusée Bio Volvic  Hibiscus litchti passion - 75cl","p":1.71,"u":"2,28 €/L","img":"https://fd13-photos.leclercdrive.fr/image.ashx?id=2500437&use=l&cat=p&typeid=i","cat":284537},{"id":90535,"n":"Crabe Nautilus 100% morceaux - 105g","p":5.45,"pp":3.6,"u":"34,29 €/KG","img":"https://fd13-photos.leclercdrive.fr/image.ashx?id=2647516&use=l&cat=p&typeid=i","cat":305147},{"id":90547,"n":"Croquettes chat Purina One Chat Stérilisé Truite/Blé-1.5kg","p":6.73,"u":"4,49 €/KG","img":"https://fd13-photos.leclercdrive.fr/image.ashx?id=2488064&use=l&cat=p&typeid=i","cat":284680},{"id":90562,"n":"Yaourt bifidus Activia saveur framboise - 4x125g","p":1.9,"u":"3,80 €/KG","img":"https://fd13-photos.leclercdrive.fr/image.ashx?id=2886654&use=l&cat=p&typeid=i","cat":315000},{"id":90580,"n":"Mélange 4 baies bio Ducros 25g","p":3.33,"u":"133,20 €/KG","img":"https://fd13-photos.leclercdrive.fr/image.ashx?id=2484104&use=l&cat=p&typeid=i","cat":284457},{"id":90581,"n":"Poivre noir bio Ducros Moulin - 30g","p":3.35,"u":"111,67 €/KG","img":"https://fd13-photos.leclercdrive.fr/image.ashx?id=2484107&use=l&cat=p&typeid=i","cat":284457},{"id":90667,"n":"Céréales Chocapic Nestlé Bio - 375g","p":3.48,"u":"9,28 €/KG","img":"https://fd13-photos.leclercdrive.fr/image.ashx?id=2997262&use=l&cat=p&typeid=i","cat":309513},{"id":90675,"n":"Crème dessert Mont Blanc Boîte Chocolat - 570g","p":2.25,"u":"3,95 €/KG","img":"https://fd13-photos.leclercdrive.fr/image.ashx?id=3011614&use=l&cat=p&typeid=i","cat":284506},{"id":90676,"n":"Crème dessert Mont Blanc Boîte Vanille - 570g","p":2.25,"u":"3,95 €/KG","img":"https://fd13-photos.leclercdrive.fr/image.ashx?id=3008830&use=l&cat=p&typeid=i","cat":284506},{"id":90682,"n":"Génoise P'tit Déli Fraise - 150g","p":1.4,"u":"9,33 €/KG","img":"https://fd13-photos.leclercdrive.fr/image.ashx?id=2482505&use=l&cat=p&typeid=i","cat":284489},{"id":90689,"n":"Lotus Biscoff Speculoos Biscuit Pocket 248g (16x2p)","p":2.11,"u":"8,51 €/KG","img":"https://fd13-photos.leclercdrive.fr/image.ashx?id=2694986&use=l&cat=p&typeid=i","cat":284487},{"id":90697,"n":"Boisson Coco Végé 1L Végé - 200g","p":1.75,"u":"1,75 €/L","img":"https://fd13-photos.leclercdrive.fr/image.ashx?id=2869516&use=l&cat=p&typeid=i","cat":316067},{"id":90725,"n":"Infusion bio Clipper Vanille et saveur fraise - 40g","p":2.66,"u":"66,50 €/KG","img":"https://fd13-photos.leclercdrive.fr/image.ashx?id=2906751&use=l&cat=p&typeid=i","cat":293234},{"id":90727,"n":"Crok fondant tout chocolat bio  Terres et Céréales - 375g","p":4.73,"u":"12,61 €/KG","img":"https://fd13-photos.leclercdrive.fr/image.ashx?id=2672290&use=l&cat=p&typeid=i","cat":309513},{"id":90728,"n":"Effilés en sauce Purina One Saumon/carottes Junior - 4x85g","p":2.92,"u":"8,59 €/KG","img":"https://fd13-photos.leclercdrive.fr/image.ashx?id=1612554&use=l&cat=p&typeid=i","cat":285286},{"id":90734,"n":"Salade coffret Mix Buffet Poulet - 320g","p":4.14,"u":"12,94 €/KG","img":"https://fd13-photos.leclercdrive.fr/image.ashx?id=2735584&use=l&cat=p&typeid=i","cat":333657},{"id":90736,"n":"Crème Mains Nutritive Mixa Huile d’abricot BIO - 100ml","p":3.1,"u":"31,00 €/L","img":"https://fd13-photos.leclercdrive.fr/image.ashx?id=2425838&use=l&cat=p&typeid=i","cat":325354},{"id":90750,"n":"Déodorant homme bille Sanex Men Natur Protect Respect - 50ml","p":2.69,"u":"53,80 €/L","img":"https://fd13-photos.leclercdrive.fr/image.ashx?id=2684644&use=l&cat=p&typeid=i","cat":284618},{"id":90763,"n":"Shampooing Nat&Nove Bio Tous types de cheveux - 250ml","p":4.83,"u":"19,32 €/L","img":"https://fd13-photos.leclercdrive.fr/image.ashx?id=2583150&use=l&cat=p&typeid=i","cat":284606},{"id":90777,"n":"Crème visage La Provençale Bio Jouvence Anti-Âge - 50ml","p":8.5,"u":"170,00 €/L","img":"https://fd13-photos.leclercdrive.fr/image.ashx?id=2950357&use=l&cat=p&typeid=i","cat":325345},{"id":90799,"n":"Soupe Liquide Bio Liebig  Légumes du Soleil - 2x30cl","p":3.01,"u":"5,02 €/L","img":"https://fd13-photos.leclercdrive.fr/image.ashx?id=2643692&use=l&cat=p&typeid=i","cat":284462},{"id":90810,"n":"Soupe Liquide Bouteille Liebig  Velouté 5 Légumes - 75cl","p":2.47,"u":"3,29 €/L","img":"https://fd13-photos.leclercdrive.fr/image.ashx?id=2842552&use=l&cat=p&typeid=i","cat":284462},{"id":90812,"n":"Soupe liquide bouteille Liebig  Poireaux Pomme de Terre - 75cl","p":2.51,"u":"3,35 €/L","img":"https://fd13-photos.leclercdrive.fr/image.ashx?id=2842558&use=l&cat=p&typeid=i","cat":284462},{"id":90819,"n":"Soupe liquide Knorr Tomate Pointe de basilic - 45cl","p":2.42,"u":"5,38 €/L","img":"https://fd13-photos.leclercdrive.fr/image.ashx?id=2525989&use=l&cat=p&typeid=i","cat":284462},{"id":90820,"n":"Soupe liquide Knorr Potiron - 45cl","p":2.3,"u":"5,11 €/L","img":"https://fd13-photos.leclercdrive.fr/image.ashx?id=2338663&use=l&cat=p&typeid=i","cat":284462},{"id":90821,"n":"Soupe liquide Knorr Courgette Ricotta - 45cl","p":2.77,"u":"6,16 €/L","img":"https://fd13-photos.leclercdrive.fr/image.ashx?id=2629920&use=l&cat=p&typeid=i","cat":284462},{"id":90822,"n":"Soupe liquide Knorr Légumes du potager - 45cl","p":2.2,"u":"4,89 €/L","img":"https://fd13-photos.leclercdrive.fr/image.ashx?id=2324357&use=l&cat=p&typeid=i","cat":284462},{"id":90843,"n":"Café moulu Grand Mère Familial - 4x250g","p":13.24,"u":"13,24 €/KG","img":"https://fd13-photos.leclercdrive.fr/image.ashx?id=1755049&use=l&cat=p&typeid=i","cat":284750},{"id":90847,"n":"Dosettes café Senseo Grand Mère Corsé x54","p":5.35,"u":"15,03 €/KG","img":"https://fd13-photos.leclercdrive.fr/image.ashx?id=2745817&use=l&cat=p&typeid=i","cat":293238},{"id":90877,"n":"Barre Têtes-Brûlées Cola Framboise Kitache - 200g","p":2.1,"u":"10,50 €/KG","img":"https://fd13-photos.leclercdrive.fr/image.ashx?id=2981148&use=l&cat=p&typeid=i","cat":304250},{"id":90887,"n":"Whisky Japonais Akashi blend Sous étui - 40% vol. - 50cl","p":30.0,"u":"60,00 €/L","img":"https://fd13-photos.leclercdrive.fr/image.ashx?id=2860508&use=l&cat=p&typeid=i","cat":284547},{"id":90993,"n":"Soda Pepsi Regular - 2L","p":1.43,"pp":1.0,"u":"0,50 €/L","img":"https://fd13-photos.leclercdrive.fr/image.ashx?id=1583915&use=l&cat=p&typeid=i","cat":284530},{"id":90995,"n":"Soda Pepsi Cola Regular 1L","p":1.06,"u":"1,06 €/L","img":"https://fd13-photos.leclercdrive.fr/image.ashx?id=2692686&use=l&cat=p&typeid=i","cat":284530},{"id":91018,"n":"Cartouche d'encre HP Pack Noir / Couleurs 62","p":49.99,"img":"https://fd13-photos.leclercdrive.fr/image.ashx?id=1875962&use=l&cat=p&typeid=i","cat":316445},{"id":91019,"n":"Pastis de Marseille Sigale 45%vol. - 50cl","p":9.91,"u":"19,82 €/L","img":"https://fd13-photos.leclercdrive.fr/image.ashx?id=2637820&use=l&cat=p&typeid=i","cat":284548},{"id":91020,"n":"Gin Brighton's London Dry 37,5%vol. - 70cl","p":9.94,"u":"14,20 €/L","img":"https://fd13-photos.leclercdrive.fr/image.ashx?id=2869835&use=l&cat=p&typeid=i","cat":284550},{"id":91022,"n":"Vodka Boriskov Pure grain 37.5%vol - 70cl","p":9.97,"u":"14,24 €/L","img":"https://fd13-photos.leclercdrive.fr/image.ashx?id=2805009&use=l&cat=p&typeid=i","cat":284550},{"id":91025,"n":"Pur Jus Bio Village Bio Grenade - 1L","p":4.85,"u":"4,85 €/L","img":"https://fd13-photos.leclercdrive.fr/image.ashx?id=2901545&use=l&cat=p&typeid=i","cat":284916},{"id":91026,"n":"Pur Jus d'orange Bio Village Bio Carotte Citron - 1L","p":2.89,"u":"2,89 €/L","img":"https://fd13-photos.leclercdrive.fr/image.ashx?id=2901557&use=l&cat=p&typeid=i","cat":284521},{"id":91027,"n":"Chips Tortilla Old El Paso Nachips maxi format - 300g","p":3.64,"u":"12,13 €/KG","img":"https://fd13-photos.leclercdrive.fr/image.ashx?id=2737696&use=l&cat=p&typeid=i","cat":288993},{"id":91173,"n":"Sachet fraicheur chat Sheba Poulet saumon en sauce - 6x50g","p":2.73,"u":"9,10 €/KG","img":"https://fd13-photos.leclercdrive.fr/image.ashx?id=2850159&use=l&cat=p&typeid=i","cat":285286},{"id":91176,"n":"Lait Démaquillant Nivea Visage&Yeux Camomille - 200ml","p":3.75,"u":"18,75 €/L","img":"https://fd13-photos.leclercdrive.fr/image.ashx?id=2836097&use=l&cat=p&typeid=i","cat":284603},{"id":91178,"n":"Crème visage Jour FPS 15 Nivea Nourrissante Peau Sèche - 50ml","p":3.9,"u":"78,00 €/L","img":"https://fd13-photos.leclercdrive.fr/image.ashx?id=3014605&use=l&cat=p&typeid=i","cat":325345},{"id":91221,"n":"Pâtes Fusili Panzani Créatives - 500G","p":1.16,"u":"2,32 €/KG","img":"https://fd13-photos.leclercdrive.fr/image.ashx?id=2902942&use=l&cat=p&typeid=i","cat":284427},{"id":91231,"n":"Thé vert Twinings Framboise Passion x20 - 32g","p":2.25,"u":"70,31 €/KG","img":"https://fd13-photos.leclercdrive.fr/image.ashx?id=2893030&use=l&cat=p&typeid=i","cat":293233},{"id":91232,"n":"Thé vert Twinings Pamplemousse Citron x20 - 32g","p":2.7,"u":"84,38 €/KG","img":"https://fd13-photos.leclercdrive.fr/image.ashx?id=2906766&use=l&cat=p&typeid=i","cat":293233},{"id":91241,"n":"Torsades Délice Lustucru Blé complet - 400g","p":1.26,"u":"3,15 €/KG","img":"https://fd13-photos.leclercdrive.fr/image.ashx?id=2278577&use=l&cat=p&typeid=i","cat":284427},{"id":91249,"n":"Jambon cuit rôti aux herbes 120g","p":4.69,"u":"39,08 €/KG","img":"https://fd13-photos.leclercdrive.fr/image.ashx?id=2025170&use=l&cat=p&typeid=i","cat":316009},{"id":91290,"n":"After Eight Chocolat Noël Saveur orange - 400g","p":5.99,"u":"14,98 €/KG","img":"https://fd13-photos.leclercdrive.fr/image.ashx?id=2401327&use=l&cat=p&typeid=i","cat":327595},{"id":91330,"n":"AOC Crémant de Bourgogne 1/2 sec - Veuve Ambal - 75cl","p":7.99,"pp":5.99,"u":"7,99 €/L","img":"https://fd13-photos.leclercdrive.fr/image.ashx?id=1737211&use=l&cat=p&typeid=i","cat":284545},{"id":91440,"n":"IGP Pays d'Oc blanc Bio Vegan Chardonnay Naturae 12% vol 75cl","p":6.55,"u":"8,73 €/L","img":"https://fd13-photos.leclercdrive.fr/image.ashx?id=2676063&use=l&cat=p&typeid=i","cat":289557},{"id":91450,"n":"Calendrier de l'Avent Milka Traineau de Noël - 200g","p":5.47,"u":"27,35 €/KG","img":"https://fd13-photos.leclercdrive.fr/image.ashx?id=1984825&use=l&cat=p&typeid=i","cat":327590},{"id":91461,"n":"Mini toblerone Chocolat au lait - 280g","p":8.19,"u":"29,25 €/KG","img":"https://fd13-photos.leclercdrive.fr/image.ashx?id=2792951&use=l&cat=p&typeid=i","cat":284499},{"id":91462,"n":"Marrons glacés Equador Morceaux - 250g","p":6.38,"u":"25,52 €/KG","img":"https://fd13-photos.leclercdrive.fr/image.ashx?id=2228013&use=l&cat=p&typeid=i","cat":327603},{"id":91482,"n":"Riz Comptoir du Grain Champignons 2 min - 250g","p":1.22,"u":"4,88 €/KG","img":"https://fd13-photos.leclercdrive.fr/image.ashx?id=2856561&use=l&cat=p&typeid=i","cat":287600},{"id":91485,"n":"Riz long Comptoir du Grain Express 2 min - 250g","p":0.99,"u":"3,96 €/KG","img":"https://fd13-photos.leclercdrive.fr/image.ashx?id=2441393&use=l&cat=p&typeid=i","cat":287600},{"id":91524,"n":"Cartouche d'encre HP Pack n°304","p":17.6,"u":"Dont 0,01 € d'éco-part.","img":"https://fd13-photos.leclercdrive.fr/image.ashx?id=1880149&use=l&cat=p&typeid=i","cat":316445},{"id":91535,"n":"Cartouche d'encre HP Noir 303","p":19.99,"u":"Dont 0,01 € d'éco-part.","img":"https://fd13-photos.leclercdrive.fr/image.ashx?id=1884112&use=l&cat=p&typeid=i","cat":316445},{"id":91541,"n":"Cartouche d'encre HP Noir XL 304","p":33.99,"u":"Dont 0,01 € d'éco-part.","img":"https://fd13-photos.leclercdrive.fr/image.ashx?id=1884133&use=l&cat=p&typeid=i","cat":316445},{"id":91553,"n":"Quinoa Céréal Bio  Bio repas express 220g","p":2.09,"u":"9,50 €/KG","img":"https://fd13-photos.leclercdrive.fr/image.ashx?id=2575081&use=l&cat=p&typeid=i","cat":287600},{"id":91554,"n":"Blé Riz quinoa Céréal Bio  Bio repas express 220g","p":1.99,"u":"9,05 €/KG","img":"https://fd13-photos.leclercdrive.fr/image.ashx?id=2662844&use=l&cat=p&typeid=i","cat":287600},{"id":91585,"n":"Bicarbonate de soude Briochin Ecocert - 500g","p":3.7,"u":"7,40 €/KG","img":"https://fd13-photos.leclercdrive.fr/image.ashx?id=3000749&use=l&cat=p&typeid=i","cat":325365},{"id":91603,"n":"Gel pur So Bio Etic Aloe Vera bio - 125ml","p":8.6,"u":"68,80 €/L","img":"https://fd13-photos.leclercdrive.fr/image.ashx?id=2802497&use=l&cat=p&typeid=i","cat":325345},{"id":91605,"n":"Soin nutritif So Bio Etic Aloe Vera bio - 50ml","p":9.76,"u":"195,20 €/L","img":"https://fd13-photos.leclercdrive.fr/image.ashx?id=2992128&use=l&cat=p&typeid=i","cat":325345},{"id":91676,"n":"Détacheur à sec Dr. Beckmann Goudron/cire/résine - 50ml","p":1.87,"u":"37,40 €/L","img":"https://fd13-photos.leclercdrive.fr/image.ashx?id=2109506&use=l&cat=p&typeid=i","cat":284651},{"id":91679,"n":"Raclette plaque Dr.Beckmann Vitro-céramique - 1 pièce","p":4.93,"img":"https://fd13-photos.leclercdrive.fr/image.ashx?id=1868017&use=l&cat=p&typeid=i","cat":284667},{"id":91687,"n":"Détacheur Dr.Beckmann Bureau et bricolage - 42g","p":1.63,"u":"38,81 €/KG","img":"https://fd13-photos.leclercdrive.fr/image.ashx?id=2109509&use=l&cat=p&typeid=i","cat":325357},{"id":91688,"n":"Lingette Dr.Beckmann Anti décoloration - 1 pièce","p":3.85,"img":"https://fd13-photos.leclercdrive.fr/image.ashx?id=2625562&use=l&cat=p&typeid=i","cat":290450},{"id":91768,"n":"Roquefort AOP Société Fromage de brebis - 100g","p":2.44,"u":"24,40 €/KG","img":"https://fd13-photos.leclercdrive.fr/image.ashx?id=2729701&use=l&cat=p&typeid=i","cat":314032},{"id":91776,"n":"Crème UHT Elle&Vire Semi-Ep. Entière - 30% MG - 3x20cl","p":4.03,"u":"6,72 €/L","img":"https://fd13-photos.leclercdrive.fr/image.ashx?id=2979866&use=l&cat=p&typeid=i","cat":284381},{"id":91806,"n":"petit suisse aux fruits danonino - 24x50g","p":4.29,"u":"3,58 €/KG","img":"https://fd13-photos.leclercdrive.fr/image.ashx?id=2865602&use=l&cat=p&typeid=i","cat":284414},{"id":91807,"n":"petit suisse aux fruits danonino - 12x50g","p":2.4,"u":"4,00 €/KG","img":"https://fd13-photos.leclercdrive.fr/image.ashx?id=3003140&use=l&cat=p&typeid=i","cat":284414},{"id":91809,"n":"Yaourts bio - Les 300&Bio Mûre Myrtille - 4x125g","p":1.82,"u":"3,64 €/KG","img":"https://fd13-photos.leclercdrive.fr/image.ashx?id=2845452&use=l&cat=p&typeid=i","cat":284410},{"id":91810,"n":"Fromage blanc nature Les 300 Laitiers Bio - 4x100g","p":1.9,"u":"4,75 €/KG","img":"https://fd13-photos.leclercdrive.fr/image.ashx?id=2502323&use=l&cat=p&typeid=i","cat":284409},{"id":91813,"n":"Panés tomate mozza Végé - 2x90g","p":1.88,"u":"10,44 €/KG","img":"https://fd13-photos.leclercdrive.fr/image.ashx?id=2865275&use=l&cat=p&typeid=i","cat":316036},{"id":91814,"n":"Pommes bicolores bio Bio Village Barquette x4","p":1.89,"u":"0,47 €/P","img":"https://fd13-photos.leclercdrive.fr/image.ashx?id=2556538&use=l&cat=p&typeid=i","cat":284356},{"id":91842,"n":"Infusion Bio La Tisanière Nuit x20 - 30g","p":2.25,"u":"75,00 €/KG","img":"https://fd13-photos.leclercdrive.fr/image.ashx?id=2477051&use=l&cat=p&typeid=i","cat":293234},{"id":91864,"n":"Haricots verts Cassegrain Extra fin - 2x220g","p":4.12,"u":"9,36 €/KG","img":"https://fd13-photos.leclercdrive.fr/image.ashx?id=2955324&use=l&cat=p&typeid=i","cat":312606},{"id":91867,"n":"Desperados Mojito Pack 6x33cl","p":9.2,"u":"4,65 €/L","img":"https://fd13-photos.leclercdrive.fr/image.ashx?id=2651080&use=l&cat=p&typeid=i","cat":334878},{"id":91892,"n":"Champignons en bocal Borde Pour poisson - 290g","p":9.99,"u":"34,45 €/KG","img":"https://fd13-photos.leclercdrive.fr/image.ashx?id=2731090&use=l&cat=p&typeid=i","cat":312610},{"id":91907,"n":"Assortiment Copains Copines Tubo gélifie acide - 600g","p":3.69,"u":"6,15 €/KG","img":"https://fd13-photos.leclercdrive.fr/image.ashx?id=2417219&use=l&cat=p&typeid=i","cat":304250},{"id":91938,"n":"Café moulu Coïc Décafeiné - 250g","p":4.8,"u":"19,20 €/KG","img":"https://fd13-photos.leclercdrive.fr/image.ashx?id=2471223&use=l&cat=p&typeid=i","cat":284750},{"id":91941,"n":"Farine de blé bio Moulin de l'Ecluse - 1kg","p":2.56,"u":"2,56 €/KG","img":"https://fd13-photos.leclercdrive.fr/image.ashx?id=1560577&use=l&cat=p&typeid=i","cat":284503},{"id":91942,"n":"Farine de blé noir  Moulin de l'Ecluse - 500g","p":1.71,"u":"3,42 €/KG","img":"https://fd13-photos.leclercdrive.fr/image.ashx?id=2773487&use=l&cat=p&typeid=i","cat":284503},{"id":91943,"n":"Purée de pommes Le Cabanon  Sans sucre ajouté - 850g","p":2.11,"u":"2,48 €/KG","img":"https://fd13-photos.leclercdrive.fr/image.ashx?id=2628704&use=l&cat=p&typeid=i","cat":284508},{"id":91944,"n":"Vinaigre blanc Saas Melfor Bidon - 5L","p":4.5,"u":"0,90 €/L","img":"https://fd13-photos.leclercdrive.fr/image.ashx?id=1933779&use=l&cat=p&typeid=i","cat":298543},{"id":92027,"n":"Tablette chocolat au lait Lindt Caramel Pointe de sel - 100g","p":2.33,"u":"23,30 €/KG","img":"https://fd13-photos.leclercdrive.fr/image.ashx?id=2750384&use=l&cat=p&typeid=i","cat":284497},{"id":92028,"n":"Tablette de chocolat noir Lindt Amandes effilées - 100g","p":2.45,"u":"24,50 €/KG","img":"https://fd13-photos.leclercdrive.fr/image.ashx?id=2643764&use=l&cat=p&typeid=i","cat":284956},{"id":92247,"n":"Nettoyant spray La Croix Désinfectant Javel Frais -500ml","p":1.51,"u":"3,02 €/L","img":"https://fd13-photos.leclercdrive.fr/image.ashx?id=2471601&use=l&cat=p&typeid=i","cat":325357},{"id":92255,"n":"Soupe liquide brique Liebig  Courgettes Vache Qui Rit 2x30cl","p":2.48,"u":"4,13 €/L","img":"https://fd13-photos.leclercdrive.fr/image.ashx?id=2175518&use=l&cat=p&typeid=i","cat":284462},{"id":92267,"n":"Soupe instantanée Royco  Indienne - 3x200ml","p":1.64,"u":"2,73 €/L","img":"https://fd13-photos.leclercdrive.fr/image.ashx?id=2650988&use=l&cat=p&typeid=i","cat":293527},{"id":92273,"n":"Soupe paysanne Knorr Lentilles/Lard fumé/Légumes -1L","p":2.75,"u":"2,75 €/L","img":"https://fd13-photos.leclercdrive.fr/image.ashx?id=2408255&use=l&cat=p&typeid=i","cat":284462},{"id":92304,"n":"Soupe Saveurs d'Antan Knorr Poule vermicelles - 30cl","p":1.22,"u":"4,07 €/L","img":"https://fd13-photos.leclercdrive.fr/image.ashx?id=2738275&use=l&cat=p&typeid=i","cat":284462},{"id":92351,"n":"Crème mains Inell Réparatrice - 100ml","p":1.4,"u":"14,00 €/L","img":"https://fd13-photos.leclercdrive.fr/image.ashx?id=2822135&use=l&cat=p&typeid=i","cat":325354},{"id":92356,"n":"Serviettes Hygieniques Vania  Maxi confort super - x16","p":1.74,"u":"0,11 €/P","img":"https://fd13-photos.leclercdrive.fr/image.ashx?id=2908168&use=l&cat=p&typeid=i","cat":284624},{"id":92357,"n":"Serviettes Hygieniques Vania  Maxi confort nuit - x12","p":1.74,"u":"0,15 €/P","img":"https://fd13-photos.leclercdrive.fr/image.ashx?id=2735212&use=l&cat=p&typeid=i","cat":284624},{"id":92427,"n":"Café grains Brûlerie d'Alré Mélange signature - 500g","p":10.45,"u":"20,90 €/KG","img":"https://fd13-photos.leclercdrive.fr/image.ashx?id=2432779&use=l&cat=p&typeid=i","cat":293237},{"id":92430,"n":"Café moulu Brûlerie d'Alré Bresil Samba - 250g","p":4.95,"u":"19,80 €/KG","img":"https://fd13-photos.leclercdrive.fr/image.ashx?id=2442989&use=l&cat=p&typeid=i","cat":284750},{"id":92431,"n":"Café moulu Brûlerie d'Alré Mélange signature - 250g","p":4.95,"u":"19,80 €/KG","img":"https://fd13-photos.leclercdrive.fr/image.ashx?id=2444282&use=l&cat=p&typeid=i","cat":284750},{"id":92432,"n":"Café moulu Brûlerie d'Alré mélange italien - 250g","p":4.95,"u":"19,80 €/KG","img":"https://fd13-photos.leclercdrive.fr/image.ashx?id=2443466&use=l&cat=p&typeid=i","cat":284750},{"id":92485,"n":"Thé English Breakfast Tetley 25 sachets - 50g","p":1.39,"u":"27,80 €/KG","img":"https://fd13-photos.leclercdrive.fr/image.ashx?id=2312260&use=l&cat=p&typeid=i","cat":293233},{"id":92516,"n":"Poélée Légume Wok Notre Jardin Inde - 1kg","p":4.33,"u":"4,33 €/KG","img":"https://fd13-photos.leclercdrive.fr/image.ashx?id=2803957&use=l&cat=p&typeid=i","cat":319823},{"id":92530,"n":"Cidre fermier Doux NRT IGP  De Bretagne - 3%vol - 75cl","p":3.34,"u":"4,45 €/L","img":"https://fd13-photos.leclercdrive.fr/image.ashx?id=2791117&use=l&cat=p&typeid=i","cat":334880},{"id":92533,"n":"Céréales Quaker Cruesli Chocolat au lait - 450g","p":2.73,"u":"6,07 €/KG","img":"https://fd13-photos.leclercdrive.fr/image.ashx?id=2212156&use=l&cat=p&typeid=i","cat":309512},{"id":92689,"n":"Pain de mie Harrys Nature Extra moelleux - 280g","p":0.83,"u":"2,96 €/KG","img":"https://fd13-photos.leclercdrive.fr/image.ashx?id=2660727&use=l&cat=p&typeid=i","cat":284477},{"id":92693,"n":"Gel douche Mixa Bébé  Très Doux Corps Cheveux - 750ml","p":6.62,"u":"8,83 €/L","img":"https://fd13-photos.leclercdrive.fr/image.ashx?id=2316210&use=l&cat=p&typeid=i","cat":284740},{"id":92710,"n":"Ruban correcteur Tipp-Ex Mini pocket - 5mmx6m","p":3.35,"img":"https://fd13-photos.leclercdrive.fr/image.ashx?id=2174868&use=l&cat=p&typeid=i","cat":334133},{"id":92715,"n":"Pochettes coins Esquisses Transparentes - x10","p":1.55,"u":"0,16 €/P","img":"https://fd13-photos.leclercdrive.fr/image.ashx?id=1700197&use=l&cat=p&typeid=i","cat":284745},{"id":92761,"n":"Sacs poubelle 10L Eco+ Salle de bain - x30","p":0.99,"u":"0,03 €/P","img":"https://fd13-photos.leclercdrive.fr/image.ashx?id=2755052&use=l&cat=p&typeid=i","cat":285168},{"id":92780,"n":"Bière blonde Heineken 6x25cl","p":4.23,"u":"2,82 €/L","img":"https://fd13-photos.leclercdrive.fr/image.ashx?id=3011077&use=l&cat=p&typeid=i","cat":334873},{"id":92782,"n":"Thé glacé Fuze Tea Saveur pêche - 1.25L","p":1.55,"u":"1,24 €/L","img":"https://fd13-photos.leclercdrive.fr/image.ashx?id=2940390&use=l&cat=p&typeid=i","cat":295019},{"id":92834,"n":"Chips extra Vico 6x30g","p":2.16,"u":"12,00 €/KG","img":"https://fd13-photos.leclercdrive.fr/image.ashx?id=2917816&use=l&cat=p&typeid=i","cat":284447},{"id":92838,"n":"Vinaigre Rustica Au jus de citron - 75cl","p":1.35,"u":"1,80 €/L","img":"https://fd13-photos.leclercdrive.fr/image.ashx?id=1515723&use=l&cat=p&typeid=i","cat":298543},{"id":92840,"n":"Vinaigre balsamique Rustica Blanc - 25cl","p":1.99,"u":"7,96 €/L","img":"https://fd13-photos.leclercdrive.fr/image.ashx?id=2603590&use=l&cat=p&typeid=i","cat":298543},{"id":92841,"n":"Huile de tournesol Rustica 50cl","p":1.49,"u":"2,98 €/L","img":"https://fd13-photos.leclercdrive.fr/image.ashx?id=2900349&use=l&cat=p&typeid=i","cat":284453},{"id":92842,"n":"Mélange 4 huiles Rustica Végétales - 50cl","p":1.79,"u":"3,58 €/L","img":"https://fd13-photos.leclercdrive.fr/image.ashx?id=2508885&use=l&cat=p&typeid=i","cat":284453},{"id":92861,"n":"Crème Visage Jour FPS 15 Nivea Hydratante - 50ml","p":3.97,"u":"79,40 €/L","img":"https://fd13-photos.leclercdrive.fr/image.ashx?id=3015335&use=l&cat=p&typeid=i","cat":325345},{"id":93022,"n":"Bière blonde Heineken 20x25cl","p":12.4,"u":"2,48 €/L","img":"https://fd13-photos.leclercdrive.fr/image.ashx?id=3011074&use=l&cat=p&typeid=i","cat":334873},{"id":93023,"n":"Bière blonde Heineken 12x25cl","p":7.79,"u":"2,60 €/L","img":"https://fd13-photos.leclercdrive.fr/image.ashx?id=3011080&use=l&cat=p&typeid=i","cat":334873},{"id":93032,"n":"Saucisson Justin Bridou Bâton de Berger Nature 250g","p":3.82,"u":"15,28 €/KG","img":"https://fd13-photos.leclercdrive.fr/image.ashx?id=2921313&use=l&cat=p&typeid=i","cat":316006},{"id":93033,"n":"Saucisson Fuet César Moroni  170g","p":3.05,"u":"17,94 €/KG","img":"https://fd13-photos.leclercdrive.fr/image.ashx?id=2916138&use=l&cat=p&typeid=i","cat":316006},{"id":93036,"n":"Rosette tranchée Cochonou  10 tranches - 93g","p":1.77,"u":"19,03 €/KG","img":"https://fd13-photos.leclercdrive.fr/image.ashx?id=2924107&use=l&cat=p&typeid=i","cat":316007},{"id":93037,"n":"Saucisson sec Tranché Cochonou 30 tranches - 93g","p":1.65,"u":"17,74 €/KG","img":"https://fd13-photos.leclercdrive.fr/image.ashx?id=2924104&use=l&cat=p&typeid=i","cat":316007},{"id":93038,"n":"Jambon cru 4 tranches Aoste sans conservateur - 100g","p":3.96,"u":"39,60 €/KG","img":"https://fd13-photos.leclercdrive.fr/image.ashx?id=2937187&use=l&cat=p&typeid=i","cat":316007},{"id":93040,"n":"AOC Crémant de Bordeaux brut  Chantet Blanet - 75cl","p":4.99,"u":"6,65 €/L","img":"https://fd13-photos.leclercdrive.fr/image.ashx?id=2931717&use=l&cat=p&typeid=i","cat":284545},{"id":93041,"n":"Fromage Caprice Des Dieux 300g","p":3.6,"u":"12,00 €/KG","img":"https://fd13-photos.leclercdrive.fr/image.ashx?id=2763178&use=l&cat=p&typeid=i","cat":314033},{"id":93044,"n":"AOC Côtes du Rhône Villages Bio Rouge Rives & Terrasses - 75cl","p":5.49,"u":"7,32 €/L","img":"https://fd13-photos.leclercdrive.fr/image.ashx?id=2644966&use=l&cat=p&typeid=i","cat":289556},{"id":93045,"n":"AOC Corbières BIO vin rouge Prieur Barsanne - 75cl","p":3.99,"u":"5,32 €/L","img":"https://fd13-photos.leclercdrive.fr/image.ashx?id=2718478&use=l&cat=p&typeid=i","cat":289556},{"id":93089,"n":"Cidre fermier Brut NRT IGP  De Bretagne - 3%vol - 75cl","p":3.34,"u":"4,45 €/L","img":"https://fd13-photos.leclercdrive.fr/image.ashx?id=2791114&use=l&cat=p&typeid=i","cat":334880},{"id":93105,"n":"Skyr danone  nature 0%mg - 2x140g","p":2.13,"u":"7,61 €/KG","img":"https://fd13-photos.leclercdrive.fr/image.ashx?id=2810606&use=l&cat=p&typeid=i","cat":284409},{"id":93108,"n":"Bière Desperados Pack de 12x33cl","p":14.81,"u":"3,74 €/L","img":"https://fd13-photos.leclercdrive.fr/image.ashx?id=2983123&use=l&cat=p&typeid=i","cat":334878},{"id":93109,"n":"Bière Desperados Pack de 6x33cl","p":7.2,"u":"3,64 €/L","img":"https://fd13-photos.leclercdrive.fr/image.ashx?id=2999865&use=l&cat=p&typeid=i","cat":334878},{"id":93111,"n":"Camembert Le Rustique  250g","p":2.33,"u":"9,32 €/KG","img":"https://fd13-photos.leclercdrive.fr/image.ashx?id=2979722&use=l&cat=p&typeid=i","cat":314033},{"id":93112,"n":"Coulommiers Cœur de Lion  350g","p":2.59,"u":"7,40 €/KG","img":"https://fd13-photos.leclercdrive.fr/image.ashx?id=2766286&use=l&cat=p&typeid=i","cat":314033},{"id":93121,"n":"Escalope Cordon Bleu Père Dodu  Dinde x4 - 400g - Familial","p":5.09,"u":"12,73 €/KG","img":"https://fd13-photos.leclercdrive.fr/image.ashx?id=2957206&use=l&cat=p&typeid=i","cat":333683},{"id":93193,"n":"Langue de boeuf sauce piquante Charal -  300g","p":6.95,"u":"23,17 €/KG","img":"https://fd13-photos.leclercdrive.fr/image.ashx?id=1987902&use=l&cat=p&typeid=i","cat":333665},{"id":93195,"n":"Boulette de boeuf napolitaine Charal -  300g","p":5.19,"u":"17,30 €/KG","img":"https://fd13-photos.leclercdrive.fr/image.ashx?id=1987908&use=l&cat=p&typeid=i","cat":333665},{"id":93203,"n":"Lessive concentrée Epsil Pure fraîcheur x28 - 980ml","p":3.29,"u":"3,36 €/L","img":"https://fd13-photos.leclercdrive.fr/image.ashx?id=2450047&use=l&cat=p&typeid=i","cat":284640},{"id":93243,"n":"Dissolvant Inell Semi-permanent - 150ml","p":1.5,"u":"10,00 €/L","img":"https://fd13-photos.leclercdrive.fr/image.ashx?id=2691682&use=l&cat=p&typeid=i","cat":325347},{"id":93244,"n":"Sauce bolognaise Panzani 425g","p":1.89,"u":"4,45 €/KG","img":"https://fd13-photos.leclercdrive.fr/image.ashx?id=2989096&use=l&cat=p&typeid=i","cat":287599},{"id":93246,"n":"Assortiment Copains Copines Fraises bananes - 250g","p":1.19,"u":"4,76 €/KG","img":"https://fd13-photos.leclercdrive.fr/image.ashx?id=2934724&use=l&cat=p&typeid=i","cat":304250},{"id":93248,"n":"Assortiment Copains Copines Tubo gélifiés doux - 600g","p":3.32,"u":"5,53 €/KG","img":"https://fd13-photos.leclercdrive.fr/image.ashx?id=2934727&use=l&cat=p&typeid=i","cat":304250},{"id":93260,"n":"Biscuits Calèche LU Sélection gourmande - 250g","p":3.64,"u":"14,56 €/KG","img":"https://fd13-photos.leclercdrive.fr/image.ashx?id=1916631&use=l&cat=p&typeid=i","cat":284490},{"id":93289,"n":"Mayonnaise fraîche Delouis 110g","p":1.57,"u":"14,27 €/KG","img":"https://fd13-photos.leclercdrive.fr/image.ashx?id=1748711&use=l&cat=p&typeid=i","cat":284382},{"id":93290,"n":"Mayonnaise fraîche  Delouis - 350g","p":3.14,"u":"8,97 €/KG","img":"https://fd13-photos.leclercdrive.fr/image.ashx?id=2054067&use=l&cat=p&typeid=i","cat":284382},{"id":93305,"n":"Arrangé Isautier Gingembre Citron 40° - 50cl","p":17.17,"u":"34,34 €/L","img":"https://fd13-photos.leclercdrive.fr/image.ashx?id=2322193&use=l&cat=p&typeid=i","cat":284551},{"id":93310,"n":"Yaourt bifidus Activia vanille - 12x125g","p":4.24,"u":"2,83 €/KG","img":"https://fd13-photos.leclercdrive.fr/image.ashx?id=2999835&use=l&cat=p&typeid=i","cat":315000},{"id":93318,"n":"Vin de France Pinot Noir Bouchard Ainé et Fils - 75cl","p":5.95,"u":"7,93 €/L","img":"https://fd13-photos.leclercdrive.fr/image.ashx?id=2916105&use=l&cat=p&typeid=i","cat":289556},{"id":93398,"n":"Plat bébé Blédina 12 mois  Butternut dinde - 2x200g","p":2.79,"u":"6,98 €/KG","img":"https://fd13-photos.leclercdrive.fr/image.ashx?id=2975086&use=l&cat=p&typeid=i","cat":312237},{"id":93401,"n":"Bière blonde pression Heineken Fût de 5L","p":16.93,"u":"3,39 €/L","img":"https://fd13-photos.leclercdrive.fr/image.ashx?id=2646194&use=l&cat=p&typeid=i","cat":334879},{"id":93402,"n":"Bière Blonde Heineken 5% vol - 65cl","p":1.8,"u":"2,77 €/L","img":"https://fd13-photos.leclercdrive.fr/image.ashx?id=3008119&use=l&cat=p&typeid=i","cat":334873},{"id":93403,"n":"Bières Desperados 6x33cl","p":7.44,"u":"3,76 €/L","img":"https://fd13-photos.leclercdrive.fr/image.ashx?id=2977963&use=l&cat=p&typeid=i","cat":334853},{"id":93440,"n":"Boisson gourmande PAGO Citron Citron vert - 75cl","p":1.71,"u":"2,28 €/L","img":"https://fd13-photos.leclercdrive.fr/image.ashx?id=2861240&use=l&cat=p&typeid=i","cat":284915},{"id":93466,"n":"Crème UHT Elle&Vire Fluide Entière - 30% MG - 2x25cl","p":3.31,"u":"6,62 €/L","img":"https://fd13-photos.leclercdrive.fr/image.ashx?id=3008548&use=l&cat=p&typeid=i","cat":284381},{"id":93467,"n":"Crème UHT Elle&Vire Semi-Ep. Entière - 30% MG - 2x25cl","p":4.31,"u":"17,24 €/L","img":"https://fd13-photos.leclercdrive.fr/image.ashx?id=2827893&use=l&cat=p&typeid=i","cat":284381},{"id":93547,"n":"Long Nuggets Père Dodu  Poulet x8 - 200g","p":2.77,"u":"13,85 €/KG","img":"https://fd13-photos.leclercdrive.fr/image.ashx?id=2957188&use=l&cat=p&typeid=i","cat":333684},{"id":93596,"n":"Cidre bouché Envies De Doux - 75cl","p":2.57,"pp":1.7,"u":"2,27 €/L","img":"https://fd13-photos.leclercdrive.fr/image.ashx?id=2908978&use=l&cat=p&typeid=i","cat":334880},{"id":93600,"n":"Dessert végétal soja Alpro Nature à la coco - 500g","p":1.8,"u":"3,60 €/KG","img":"https://fd13-photos.leclercdrive.fr/image.ashx?id=2976080&use=l&cat=p&typeid=i","cat":316071},{"id":93636,"n":"Fromage RichesMonts Raclette  Caractère 18 Tranches - 420g","p":6.38,"u":"15,19 €/KG","img":"https://fd13-photos.leclercdrive.fr/image.ashx?id=2953812&use=l&cat=p&typeid=i","cat":314037},{"id":93690,"n":"Nems à la Crevette et Crabe Tables du Monde x4 - 280g","p":2.04,"u":"7,29 €/KG","img":"https://fd13-photos.leclercdrive.fr/image.ashx?id=2853898&use=l&cat=p&typeid=i","cat":333673},{"id":93700,"n":"Tablette chocolat Côte d'Or Chocolat lait praliné - 200g","p":3.81,"u":"19,05 €/KG","img":"https://fd13-photos.leclercdrive.fr/image.ashx?id=2850222&use=l&cat=p&typeid=i","cat":284497},{"id":93750,"n":"Ratatouille Cuisinée Cassegrain à la Provençale 380g","p":2.83,"u":"7,45 €/KG","img":"https://fd13-photos.leclercdrive.fr/image.ashx?id=2970831&use=l&cat=p&typeid=i","cat":312612},{"id":93776,"n":"Sauce tomate bio Jardin Bio Provençale - 510g","p":3.38,"u":"6,63 €/KG","img":"https://fd13-photos.leclercdrive.fr/image.ashx?id=2977435&use=l&cat=p&typeid=i","cat":287599},{"id":93788,"n":"Escalope Cordon Bleu Père Dodu  Poulet x2 - 200g","p":2.2,"u":"11,00 €/KG","img":"https://fd13-photos.leclercdrive.fr/image.ashx?id=2957170&use=l&cat=p&typeid=i","cat":333683},{"id":93790,"n":"Sauce tomate bio Jardin Bio Basilic - 510g","p":3.46,"u":"6,78 €/KG","img":"https://fd13-photos.leclercdrive.fr/image.ashx?id=2918832&use=l&cat=p&typeid=i","cat":287599},{"id":93819,"n":"Poêlée de légume Notre Jardin Wok cuisiné Asie - 1kg","p":2.62,"u":"2,62 €/KG","img":"https://fd13-photos.leclercdrive.fr/image.ashx?id=2878600&use=l&cat=p&typeid=i","cat":319823},{"id":93842,"n":"Coton rectangle bébé Eco+ x200","p":3.99,"u":"0,02 €/P","img":"https://fd13-photos.leclercdrive.fr/image.ashx?id=2869760&use=l&cat=p&typeid=i","cat":284739},{"id":93851,"n":"Petit Pois Tendres et Fondants Cassegrain 280g","p":1.84,"u":"6,57 €/KG","img":"https://fd13-photos.leclercdrive.fr/image.ashx?id=2955318&use=l&cat=p&typeid=i","cat":312607},{"id":93854,"n":"Aubergines Cuisinées Cassegrain à la Provençale 375g","p":2.89,"u":"7,71 €/KG","img":"https://fd13-photos.leclercdrive.fr/image.ashx?id=2962086&use=l&cat=p&typeid=i","cat":312612},{"id":93857,"n":"Répare crevaison TECH9 500ml","p":6.9,"u":"13,80 €/L","img":"https://fd13-photos.leclercdrive.fr/image.ashx?id=2162489&use=l&cat=p&typeid=i","cat":298252},{"id":93949,"n":"Sacs poubelle 5L Alfapac Salle de Bain - x25","p":1.85,"img":"https://fd13-photos.leclercdrive.fr/image.ashx?id=2526863&use=l&cat=p&typeid=i","cat":285168},{"id":93951,"n":"Huile fine TECH9 Multi-usage - 125ml","p":2.1,"u":"16,80 €/L","img":"https://fd13-photos.leclercdrive.fr/image.ashx?id=1543706&use=l&cat=p&typeid=i","cat":298253},{"id":94052,"n":"Haricot Vert Cassegrain Extra Fin Ceuillis main 220g","p":2.05,"u":"9,32 €/KG","img":"https://fd13-photos.leclercdrive.fr/image.ashx?id=2955321&use=l&cat=p&typeid=i","cat":312606},{"id":94053,"n":"Gaufrette P'tit Déli Fraise des bois - 160g","p":1.51,"u":"9,44 €/KG","img":"https://fd13-photos.leclercdrive.fr/image.ashx?id=2915299&use=l&cat=p&typeid=i","cat":284489},{"id":94073,"n":"Savon noir Le Briochin Liquide - 1L+33% offert","p":3.38,"u":"2,54 €/L","img":"https://fd13-photos.leclercdrive.fr/image.ashx?id=2613495&use=l&cat=p&typeid=i","cat":325365},{"id":94157,"n":"Madeleine moelleuse St-Michel 800g","p":3.99,"u":"4,99 €/KG","img":"https://fd13-photos.leclercdrive.fr/image.ashx?id=2936230&use=l&cat=p&typeid=i","cat":284492},{"id":94163,"n":"Comté AOP Entremont Tranché - 120g","p":2.55,"u":"21,25 €/KG","img":"https://fd13-photos.leclercdrive.fr/image.ashx?id=2983141&use=l&cat=p&typeid=i","cat":314028},{"id":94164,"n":"Fromage Crèmeux Saint Albray  200g","p":2.88,"u":"14,40 €/KG","img":"https://fd13-photos.leclercdrive.fr/image.ashx?id=2731825&use=l&cat=p&typeid=i","cat":329558},{"id":94180,"n":"Croquettes chat Ultima Stérilisé sensible - 3kg","p":12.9,"u":"4,30 €/KG","img":"https://fd13-photos.leclercdrive.fr/image.ashx?id=2906580&use=l&cat=p&typeid=i","cat":284680},{"id":94189,"n":"Sachet chat sénior Perfect Fit dinde poisson sauce - 4x85g","p":3.27,"u":"9,62 €/KG","img":"https://fd13-photos.leclercdrive.fr/image.ashx?id=2759730&use=l&cat=p&typeid=i","cat":285286},{"id":94281,"n":"Rhum blanc Bologne 50%vol - 100cl","p":19.75,"u":"19,75 €/L","img":"https://fd13-photos.leclercdrive.fr/image.ashx?id=2876554&use=l&cat=p&typeid=i","cat":284550},{"id":94309,"n":"Croquettes chat stérilisé D’intérieur Ultima - 3kg","p":12.89,"u":"4,30 €/KG","img":"https://fd13-photos.leclercdrive.fr/image.ashx?id=2922230&use=l&cat=p&typeid=i","cat":284680},{"id":94324,"n":"Rôti de porc Fleury Michon -25% de sel sans nitrite x6 - 210g","p":3.6,"u":"17,14 €/KG","img":"https://fd13-photos.leclercdrive.fr/image.ashx?id=2335505&use=l&cat=p&typeid=i","cat":316009},{"id":94383,"n":"Désodorisant Air Wick Fleur de lotus Relaxant - 250ml","p":4.15,"u":"16,60 €/L","img":"https://fd13-photos.leclercdrive.fr/image.ashx?id=2971930&use=l&cat=p&typeid=i","cat":311626},{"id":94489,"n":"Lames Wilkinson Quattro Titanium Sensitive - x4","p":8.61,"u":"2,15 €/P","img":"https://fd13-photos.leclercdrive.fr/image.ashx?id=2451405&use=l&cat=p&typeid=i","cat":284616},{"id":94525,"n":"Biscuits fourrés BN Chocolat - 375g","p":2.02,"u":"5,39 €/KG","img":"https://fd13-photos.leclercdrive.fr/image.ashx?id=2603216&use=l&cat=p&typeid=i","cat":284488},{"id":94635,"n":"Brasse végétal nature Andros 4x100g","p":2.68,"u":"6,70 €/KG","img":"https://fd13-photos.leclercdrive.fr/image.ashx?id=2872012&use=l&cat=p&typeid=i","cat":316071},{"id":94643,"n":"Brassé végétal Andros Framboise - 400g","p":2.6,"u":"6,50 €/KG","img":"https://fd13-photos.leclercdrive.fr/image.ashx?id=2879089&use=l&cat=p&typeid=i","cat":316071},{"id":94654,"n":"Yaourt bifidus Activia Vanille - 16x125g","p":5.24,"u":"2,62 €/KG","img":"https://fd13-photos.leclercdrive.fr/image.ashx?id=2741775&use=l&cat=p&typeid=i","cat":315000},{"id":94699,"n":"Biscottes Heudebert Blé complet - 280g","p":2.14,"u":"7,64 €/KG","img":"https://fd13-photos.leclercdrive.fr/image.ashx?id=2905060&use=l&cat=p&typeid=i","cat":284479},{"id":94748,"n":"Tartines La Boulangère  Quinoa et graine Bio - 450g","p":2.4,"u":"5,33 €/KG","img":"https://fd13-photos.leclercdrive.fr/image.ashx?id=2912419&use=l&cat=p&typeid=i","cat":284477},{"id":94801,"n":"Oeufs frais De Nos Régions Élevées au Sol - x12","p":2.71,"u":"0,23 €/P","img":"https://fd13-photos.leclercdrive.fr/image.ashx?id=2969842&use=l&cat=p&typeid=i","cat":284378},{"id":94853,"n":"Oeufs frais plein air Bio Bio village - x4","p":1.9,"u":"0,48 €/P","img":"https://fd13-photos.leclercdrive.fr/image.ashx?id=1519103&use=l&cat=p&typeid=i","cat":284378},{"id":94856,"n":"Oeufs frais plein air Oméga 3 - x20","p":4.55,"u":"0,23 €/P","img":"https://fd13-photos.leclercdrive.fr/image.ashx?id=2969976&use=l&cat=p&typeid=i","cat":284378},{"id":94857,"n":"Oeufs frais plein air Oeufs de Nos Régions - x4","p":0.99,"u":"0,25 €/P","img":"https://fd13-photos.leclercdrive.fr/image.ashx?id=2969961&use=l&cat=p&typeid=i","cat":284378},{"id":94859,"n":"Yaourt à la grecque YAOS  Stracciatella - 4x125g","p":2.46,"u":"4,92 €/KG","img":"https://fd13-photos.leclercdrive.fr/image.ashx?id=2679506&use=l&cat=p&typeid=i","cat":314999},{"id":94860,"n":"Oeufs frais De Nos Régions Élevées au sol - x6","p":1.49,"u":"0,25 €/P","img":"https://fd13-photos.leclercdrive.fr/image.ashx?id=2969824&use=l&cat=p&typeid=i","cat":284378},{"id":94908,"n":"AOP Saint-Véran blanc Bourgogne - 75cl","p":8.5,"u":"11,33 €/L","img":"https://fd13-photos.leclercdrive.fr/image.ashx?id=2178076&use=l&cat=p&typeid=i","cat":289557},{"id":95008,"n":"Mini tablettes chocolat Milka Chocolat au lait - 8x25g","p":3.57,"u":"17,85 €/KG","img":"https://fd13-photos.leclercdrive.fr/image.ashx?id=2832419&use=l&cat=p&typeid=i","cat":284497},{"id":95069,"n":"Patchs purifiants Bioré Au charbon - x6","p":4.5,"u":"0,75 €/P","img":"https://fd13-photos.leclercdrive.fr/image.ashx?id=2986819&use=l&cat=p&typeid=i","cat":325346},{"id":95077,"n":"Gel anti-calcaire Calgon  Hygiène Plus - 750ml","p":5.08,"u":"6,77 €/L","img":"https://fd13-photos.leclercdrive.fr/image.ashx?id=2953767&use=l&cat=p&typeid=i","cat":284653},{"id":95112,"n":"Bière Cervoise des Ancêtres BlondeTriple - 8.5% vol. - 75cl","p":4.66,"u":"6,21 €/L","img":"https://fd13-photos.leclercdrive.fr/image.ashx?id=2021244&use=l&cat=p&typeid=i","cat":334872},{"id":95132,"n":"AOP St-Nicolas de Bourgueil Bio La Coulée Douce - 75cl","p":8.5,"u":"11,33 €/L","img":"https://fd13-photos.leclercdrive.fr/image.ashx?id=2119820&use=l&cat=p&typeid=i","cat":289556},{"id":95430,"n":"Haricots verts D'Aucy en bocal Extra-fins - 180g","p":2.46,"u":"13,67 €/KG","img":"https://fd13-photos.leclercdrive.fr/image.ashx?id=2431539&use=l&cat=p&typeid=i","cat":312606},{"id":95524,"n":"Essuie-tout bobine Mimosa 500 feuilles","p":3.69,"img":"https://fd13-photos.leclercdrive.fr/image.ashx?id=1523297&use=l&cat=p&typeid=i","cat":284635},{"id":95534,"n":"Saumon fumé Ronde des Mers Ecosse x4T - 140g","p":4.99,"u":"35,64 €/KG","img":"https://fd13-photos.leclercdrive.fr/image.ashx?id=2450056&use=l&cat=p&typeid=i","cat":285188},{"id":95535,"n":"Saumon fumé ASC Ronde des Mers Norvège x4T - 140g","p":4.99,"u":"35,64 €/KG","img":"https://fd13-photos.leclercdrive.fr/image.ashx?id=2832999&use=l&cat=p&typeid=i","cat":285188},{"id":95545,"n":"Matière grasse St Hubert Omega 3 - 52% MG - 510g","p":3.2,"u":"6,27 €/KG","img":"https://fd13-photos.leclercdrive.fr/image.ashx?id=2734072&use=l&cat=p&typeid=i","cat":315229},{"id":95547,"n":"Matière grasse St Hubert Omega 3 - 52% MG - 510g","p":3.2,"u":"6,27 €/KG","img":"https://fd13-photos.leclercdrive.fr/image.ashx?id=2734075&use=l&cat=p&typeid=i","cat":315229},{"id":95548,"n":"Rillettes de sardine 140g","p":1.77,"u":"12,64 €/KG","img":"https://fd13-photos.leclercdrive.fr/image.ashx?id=2981885&use=l&cat=p&typeid=i","cat":285191},{"id":95564,"n":"Crème fraîche légère Yoplait Fleurette 15% mg - 38cl","p":1.91,"u":"5,03 €/L","img":"https://fd13-photos.leclercdrive.fr/image.ashx?id=2733664&use=l&cat=p&typeid=i","cat":284381},{"id":95582,"n":"Papier toilette Mimosa Blanc 2 plis - x6","p":2.95,"u":"0,49 €/P","img":"https://fd13-photos.leclercdrive.fr/image.ashx?id=2401906&use=l&cat=p&typeid=i","cat":284634},{"id":95584,"n":"Dentifrice dentavie Bio Gencives sensibles - 75ml","p":3.69,"u":"49,20 €/L","img":"https://fd13-photos.leclercdrive.fr/image.ashx?id=2494764&use=l&cat=p&typeid=i","cat":284612},{"id":95585,"n":"Déodorant bille bio SoBio Etic Peaux sensibles et épilées-50ml","p":4.66,"u":"93,20 €/L","img":"https://fd13-photos.leclercdrive.fr/image.ashx?id=2740124&use=l&cat=p&typeid=i","cat":284595},{"id":95586,"n":"Eau micellaire bio SoBio Etic Peau sensible aloé véra - 500ml","p":7.17,"u":"14,34 €/L","img":"https://fd13-photos.leclercdrive.fr/image.ashx?id=2801905&use=l&cat=p&typeid=i","cat":284603},{"id":95623,"n":"AOP Champagne Brut Demoiselle Vranken - 75cl","p":28.9,"pp":23.12,"u":"30,83 €/L","img":"https://fd13-photos.leclercdrive.fr/image.ashx?id=2203988&use=l&cat=p&typeid=i","cat":284542},{"id":95704,"n":"Vinaigrette Puget Xeres ail basilic - 330 ml","p":2.83,"u":"8,58 €/L","img":"https://fd13-photos.leclercdrive.fr/image.ashx?id=2939541&use=l&cat=p&typeid=i","cat":284456},{"id":95739,"n":"Coq'ailes Maître Coq Barbecue - 250g","p":3.21,"u":"12,84 €/KG","img":"https://fd13-photos.leclercdrive.fr/image.ashx?id=2403384&use=l&cat=p&typeid=i","cat":333685},{"id":95775,"n":"Yaourt brassé La Fermière  Mûres Myrtilles - 2x160g","p":2.23,"u":"6,97 €/KG","img":"https://fd13-photos.leclercdrive.fr/image.ashx?id=3004930&use=l&cat=p&typeid=i","cat":284410},{"id":95811,"n":"Mascara Waterproof L'OréalParis Lash Paradise Noir","p":15.04,"img":"https://fd13-photos.leclercdrive.fr/image.ashx?id=2559589&use=l&cat=p&typeid=i","cat":287029},{"id":95815,"n":"Dessert végétal soja alpro Vanille - 500g","p":1.79,"u":"3,58 €/KG","img":"https://fd13-photos.leclercdrive.fr/image.ashx?id=2977672&use=l&cat=p&typeid=i","cat":316071},{"id":95817,"n":"Dessert végétal soja alpro Nature à l'amande - 500g","p":1.8,"u":"3,60 €/KG","img":"https://fd13-photos.leclercdrive.fr/image.ashx?id=2977684&use=l&cat=p&typeid=i","cat":316071},{"id":95819,"n":"Dessert végétal soja alpro Nature à l'avoine - 500g","p":1.78,"u":"3,56 €/KG","img":"https://fd13-photos.leclercdrive.fr/image.ashx?id=2976083&use=l&cat=p&typeid=i","cat":316071},{"id":95840,"n":"Orange à déguster bio Bio Village Sachet x4","p":2.79,"u":"0,70 €/P","img":"https://fd13-photos.leclercdrive.fr/image.ashx?id=2801061&use=l&cat=p&typeid=i","cat":284356},{"id":95869,"n":"Feuilleté au fromage Boursin La Compagnie Artique - 4x80g","p":4.58,"u":"1,15 €/P","img":"https://fd13-photos.leclercdrive.fr/image.ashx?id=2487713&use=l&cat=p&typeid=i","cat":319776},{"id":95945,"n":"Pommes bicolores Panier du Primeur Barquette x6","p":2.49,"u":"0,42 €/P","img":"https://fd13-photos.leclercdrive.fr/image.ashx?id=2553920&use=l&cat=p&typeid=i","cat":284356},{"id":95946,"n":"Pommes vertes Panier du Primeur Barquette x6","p":2.49,"u":"0,42 €/P","img":"https://fd13-photos.leclercdrive.fr/image.ashx?id=2338703&use=l&cat=p&typeid=i","cat":284356},{"id":95947,"n":"Pommes jaunes Panier du Primeur x6","p":2.49,"u":"0,42 €/P","img":"https://fd13-photos.leclercdrive.fr/image.ashx?id=2338700&use=l&cat=p&typeid=i","cat":284356},{"id":95973,"n":"Eau minérale naturelle Evian  6x1,5l","p":3.46,"u":"0,38 €/L","img":"https://fd13-photos.leclercdrive.fr/image.ashx?id=2967717&use=l&cat=p&typeid=i","cat":284535},{"id":95974,"n":"Bière blonde Bud 5% - 12x25cl","p":8.23,"u":"2,74 €/L","img":"https://fd13-photos.leclercdrive.fr/image.ashx?id=2995406&use=l&cat=p&typeid=i","cat":334873},{"id":95975,"n":"Liquide vaisselle Visior Pomme poire - 750ml","p":1.19,"u":"1,59 €/L","img":"https://fd13-photos.leclercdrive.fr/image.ashx?id=2872718&use=l&cat=p&typeid=i","cat":284655},{"id":95976,"n":"Liquide vaisselle Visior Fruit rouge & Fleur - 750ml","p":1.19,"u":"1,59 €/L","img":"https://fd13-photos.leclercdrive.fr/image.ashx?id=2724586&use=l&cat=p&typeid=i","cat":284655},{"id":95977,"n":"Liquide vaisselle Visior Amande Calendula - 750ml","p":1.26,"u":"1,68 €/L","img":"https://fd13-photos.leclercdrive.fr/image.ashx?id=2872721&use=l&cat=p&typeid=i","cat":284655},{"id":95978,"n":"Liquide vaisselle Visior Pamplemousse vinaigre - 750ml","p":1.3,"u":"1,73 €/L","img":"https://fd13-photos.leclercdrive.fr/image.ashx?id=1995827&use=l&cat=p&typeid=i","cat":284655},{"id":95979,"n":"Gel douche Manava Orchidée Camélia - 250ml","p":1.15,"u":"4,60 €/L","img":"https://fd13-photos.leclercdrive.fr/image.ashx?id=2805033&use=l&cat=p&typeid=i","cat":284594},{"id":96035,"n":"Yaourts brassés Bio Les 300&Bio Pêche / Abricot  4x125g","p":1.95,"u":"3,90 €/KG","img":"https://fd13-photos.leclercdrive.fr/image.ashx?id=2502320&use=l&cat=p&typeid=i","cat":284410},{"id":96057,"n":"Café grains Méo Espresso - 1kg","p":16.5,"u":"16,50 €/KG","img":"https://fd13-photos.leclercdrive.fr/image.ashx?id=2593977&use=l&cat=p&typeid=i","cat":293237},{"id":96060,"n":"Chili con carné Bio Village Bio - 300g","p":3.49,"u":"11,63 €/KG","img":"https://fd13-photos.leclercdrive.fr/image.ashx?id=2437199&use=l&cat=p&typeid=i","cat":284953},{"id":96089,"n":"Gel douche Manava Citron basilic - 250ml","p":1.15,"u":"4,60 €/L","img":"https://fd13-photos.leclercdrive.fr/image.ashx?id=2626823&use=l&cat=p&typeid=i","cat":284594},{"id":96091,"n":"Gel douche Manava Concombre aloe vera - 250ml","p":1.18,"u":"4,72 €/L","img":"https://fd13-photos.leclercdrive.fr/image.ashx?id=2626826&use=l&cat=p&typeid=i","cat":284594},{"id":96094,"n":"Gel douche Manava Mangue Acai - 250ml","p":1.15,"u":"4,60 €/L","img":"https://fd13-photos.leclercdrive.fr/image.ashx?id=2805036&use=l&cat=p&typeid=i","cat":284594},{"id":96095,"n":"Gel douche Manava Envolée de pétales - 250ml","p":1.15,"u":"4,60 €/L","img":"https://fd13-photos.leclercdrive.fr/image.ashx?id=1980232&use=l&cat=p&typeid=i","cat":284594},{"id":96096,"n":"Gel douche Manava Crumble fruits rouges - 250ml","p":1.29,"u":"5,16 €/L","img":"https://fd13-photos.leclercdrive.fr/image.ashx?id=2486464&use=l&cat=p&typeid=i","cat":284594},{"id":96097,"n":"Gel douche Manava Noisettes caramel - 250ml","p":1.29,"u":"5,16 €/L","img":"https://fd13-photos.leclercdrive.fr/image.ashx?id=2805039&use=l&cat=p&typeid=i","cat":284594},{"id":96131,"n":"Soda Eco+ Gout orange - 1.5L","p":0.37,"u":"0,25 €/L","img":"https://fd13-photos.leclercdrive.fr/image.ashx?id=2741595&use=l&cat=p&typeid=i","cat":284532},{"id":96288,"n":"Donuts noisette Curly  100g","p":1.11,"u":"11,10 €/KG","img":"https://fd13-photos.leclercdrive.fr/image.ashx?id=2859398&use=l&cat=p&typeid=i","cat":284449},{"id":96289,"n":"Biscuit apéritif ancel Sticks Bretzels Original - 300g","p":1.69,"u":"5,63 €/KG","img":"https://fd13-photos.leclercdrive.fr/image.ashx?id=2841196&use=l&cat=p&typeid=i","cat":297000},{"id":96416,"n":"Sauce soja Kikkoman 250ml","p":4.55,"u":"18,20 €/L","img":"https://fd13-photos.leclercdrive.fr/image.ashx?id=2544952&use=l&cat=p&typeid=i","cat":288992},{"id":96429,"n":"Plats Bio Poulet Bio Village Olives, boulgour quinoa - 300g","p":4.61,"u":"15,37 €/KG","img":"https://fd13-photos.leclercdrive.fr/image.ashx?id=1960074&use=l&cat=p&typeid=i","cat":284953},{"id":96770,"n":"Eau minérale gazeuse Quézac  6x50cl","p":2.35,"u":"0,78 €/L","img":"https://fd13-photos.leclercdrive.fr/image.ashx?id=2884618&use=l&cat=p&typeid=i","cat":284536},{"id":96777,"n":"Crème mains Inell Hydratante - 100ml","p":1.35,"u":"13,50 €/L","img":"https://fd13-photos.leclercdrive.fr/image.ashx?id=2515688&use=l&cat=p&typeid=i","cat":325354},{"id":96920,"n":"Câbles de démarrage TECH9 25mm2","p":19.9,"img":"https://fd13-photos.leclercdrive.fr/image.ashx?id=2162561&use=l&cat=p&typeid=i","cat":298252},{"id":96923,"n":"Câbles de démarrage TECH9 35mm2","p":34.95,"img":"https://fd13-photos.leclercdrive.fr/image.ashx?id=2162564&use=l&cat=p&typeid=i","cat":298252},{"id":96932,"n":"Saumon fumé Rondes des Mers ASC Norvège x2T - 75g","p":3.95,"u":"52,67 €/KG","img":"https://fd13-photos.leclercdrive.fr/image.ashx?id=2833123&use=l&cat=p&typeid=i","cat":285188},{"id":96937,"n":"Saumon fumé Eco+ Norvège - 200g","p":4.69,"u":"23,45 €/KG","img":"https://fd13-photos.leclercdrive.fr/image.ashx?id=2794823&use=l&cat=p&typeid=i","cat":285188},{"id":96939,"n":"Emincés Saumon Bio Bio Village 100g","p":5.55,"u":"55,50 €/KG","img":"https://fd13-photos.leclercdrive.fr/image.ashx?id=2954118&use=l&cat=p&typeid=i","cat":285188},{"id":96959,"n":"Pains au chocolat Epi d'Or x6 - 450g","p":3.38,"u":"7,51 €/KG","img":"https://fd13-photos.leclercdrive.fr/image.ashx?id=1983598&use=l&cat=p&typeid=i","cat":284267},{"id":96970,"n":"Feuilletés Epinards Chèvre Côté Table - 2x150g","p":3.2,"u":"10,67 €/KG","img":"https://fd13-photos.leclercdrive.fr/image.ashx?id=2846523&use=l&cat=p&typeid=i","cat":333671},{"id":97033,"n":"Gel Bain douche Manava Fleur de cerisier - 500ml","p":2.25,"u":"4,50 €/L","img":"https://fd13-photos.leclercdrive.fr/image.ashx?id=2618356&use=l&cat=p&typeid=i","cat":284594},{"id":97045,"n":"Thon entier Petit Navire Au naturel - 2x93g","p":3.16,"u":"16,99 €/KG","img":"https://fd13-photos.leclercdrive.fr/image.ashx?id=2961837&use=l&cat=p&typeid=i","cat":303867},{"id":97059,"n":"Poulet au curry bio Bio Village Riz quinoa sarrasin - 300g","p":2.93,"u":"9,77 €/KG","img":"https://fd13-photos.leclercdrive.fr/image.ashx?id=1538334&use=l&cat=p&typeid=i","cat":284953},{"id":97060,"n":"Tagada Haribo Sachet bonbons - 400g","p":1.7,"u":"4,25 €/KG","img":"https://fd13-photos.leclercdrive.fr/image.ashx?id=2801854&use=l&cat=p&typeid=i","cat":304250},{"id":97170,"n":"Mini ruban correcteur Esquisse x6","p":3.3,"u":"0,55 €/P","img":"https://fd13-photos.leclercdrive.fr/image.ashx?id=2943262&use=l&cat=p&typeid=i","cat":334133},{"id":97286,"n":"Crayons de couleurs Esquisse Bicolores - x12","p":1.5,"u":"0,13 €/P","img":"https://fd13-photos.leclercdrive.fr/image.ashx?id=1678787&use=l&cat=p&typeid=i","cat":284696},{"id":97348,"n":"Crayons de couleur Eco+ Pochette de 18","p":0.73,"u":"0,04 €/P","img":"https://fd13-photos.leclercdrive.fr/image.ashx?id=1678664&use=l&cat=p&typeid=i","cat":284696},{"id":97660,"n":"Céréales Jordans Country Crisp Chocolat Noir 70% - 850g","p":5.19,"u":"6,11 €/KG","img":"https://fd13-photos.leclercdrive.fr/image.ashx?id=2940336&use=l&cat=p&typeid=i","cat":309512},{"id":97662,"n":"Thé vert Twinings Menthe x25 - 38g","p":2.18,"u":"57,37 €/KG","img":"https://fd13-photos.leclercdrive.fr/image.ashx?id=2906763&use=l&cat=p&typeid=i","cat":293233},{"id":97666,"n":"Thé vert gunpowder Twinings Menthe - x25 - 200g","p":6.09,"u":"30,45 €/KG","img":"https://fd13-photos.leclercdrive.fr/image.ashx?id=2955194&use=l&cat=p&typeid=i","cat":293233},{"id":97667,"n":"Thé russian Twinings Earl grey x20 - 30g","p":2.4,"u":"80,00 €/KG","img":"https://fd13-photos.leclercdrive.fr/image.ashx?id=2878306&use=l&cat=p&typeid=i","cat":293233},{"id":97671,"n":"Thé russian Earl Grey Twinings 150g","p":6.14,"u":"40,93 €/KG","img":"https://fd13-photos.leclercdrive.fr/image.ashx?id=2950729&use=l&cat=p&typeid=i","cat":293233},{"id":97672,"n":"Thé vert Twinings Citron miel - x20 - 32g","p":2.42,"u":"75,63 €/KG","img":"https://fd13-photos.leclercdrive.fr/image.ashx?id=2567783&use=l&cat=p&typeid=i","cat":293233},{"id":97673,"n":"Thé Darjeeling Twinings Sachet - x25 - 50g","p":2.34,"u":"46,80 €/KG","img":"https://fd13-photos.leclercdrive.fr/image.ashx?id=2922116&use=l&cat=p&typeid=i","cat":293233},{"id":97675,"n":"Coffret Tea Twinings Breakfast - 200g","p":5.73,"u":"28,65 €/KG","img":"https://fd13-photos.leclercdrive.fr/image.ashx?id=2961206&use=l&cat=p&typeid=i","cat":293233},{"id":97677,"n":"Thé Twinings English breakfast x25 - 40g","p":2.8,"u":"70,00 €/KG","img":"https://fd13-photos.leclercdrive.fr/image.ashx?id=2893027&use=l&cat=p&typeid=i","cat":293233},{"id":97678,"n":"Céréales Jordans Country Crisp 4 Baies - 550g","p":3.27,"u":"5,95 €/KG","img":"https://fd13-photos.leclercdrive.fr/image.ashx?id=2997205&use=l&cat=p&typeid=i","cat":309512},{"id":97713,"n":"Soda Tonic Sprink's 6x33cl","p":2.49,"u":"1,26 €/L","img":"https://fd13-photos.leclercdrive.fr/image.ashx?id=2956768&use=l&cat=p&typeid=i","cat":284531},{"id":97832,"n":"Foie gras canard IGP Sud-Ouest Nos Régions ont du Talent 80g","p":7.07,"u":"88,38 €/KG","img":"https://fd13-photos.leclercdrive.fr/image.ashx?id=2743888&use=l&cat=p&typeid=i","cat":316008},{"id":98098,"n":"Liquide vaisselle Visior Antiodeur - 500ml","p":0.64,"u":"1,28 €/L","img":"https://fd13-photos.leclercdrive.fr/image.ashx?id=2951122&use=l&cat=p&typeid=i","cat":284655},{"id":98114,"n":"Serviettes Doulys Normal+ Teenage - x14","p":1.29,"u":"0,09 €/P","img":"https://fd13-photos.leclercdrive.fr/image.ashx?id=2839938&use=l&cat=p&typeid=i","cat":284624},{"id":98251,"n":"Liquide Vaisselle Brillance  VISIOR - 500ml","p":0.64,"u":"1,28 €/L","img":"https://fd13-photos.leclercdrive.fr/image.ashx?id=2951125&use=l&cat=p&typeid=i","cat":284655},{"id":98252,"n":"Liquide vaisselle Visior Antibactérien - 500ml","p":0.64,"u":"1,28 €/L","img":"https://fd13-photos.leclercdrive.fr/image.ashx?id=2951131&use=l&cat=p&typeid=i","cat":284655},{"id":98253,"n":"Liquide vaisselle Visior Désincrustant sel - 500ml","p":0.64,"u":"1,28 €/L","img":"https://fd13-photos.leclercdrive.fr/image.ashx?id=2951128&use=l&cat=p&typeid=i","cat":284655},{"id":98296,"n":"Semoule au lait Yabon  Nappage caramel - 4x125g","p":2.91,"u":"5,82 €/KG","img":"https://fd13-photos.leclercdrive.fr/image.ashx?id=2644289&use=l&cat=p&typeid=i","cat":284506},{"id":98417,"n":"Liquide vaisselle floral Visior 500ml","p":0.64,"u":"1,28 €/L","img":"https://fd13-photos.leclercdrive.fr/image.ashx?id=2951134&use=l&cat=p&typeid=i","cat":284655},{"id":98421,"n":"Foie gras bloc P. Chaumeyrac À la figue - 100g","p":6.09,"u":"60,90 €/KG","img":"https://fd13-photos.leclercdrive.fr/image.ashx?id=2804335&use=l&cat=p&typeid=i","cat":316008},{"id":98426,"n":"Spécial mie Epi d'Or Nature - 780g","p":2.14,"u":"2,74 €/KG","img":"https://fd13-photos.leclercdrive.fr/image.ashx?id=3012863&use=l&cat=p&typeid=i","cat":284477},{"id":98427,"n":"Spécial mie longue 2pi d'Or Conservation - 400g","p":1.59,"u":"3,98 €/KG","img":"https://fd13-photos.leclercdrive.fr/image.ashx?id=3012866&use=l&cat=p&typeid=i","cat":284477},{"id":98431,"n":"Lamelles de kebab France Kebab Poulet dinde - 750g","p":9.46,"u":"12,61 €/KG","img":"https://fd13-photos.leclercdrive.fr/image.ashx?id=2231876&use=l&cat=p&typeid=i","cat":null},{"id":98438,"n":"Kiwis Bio Bio Village x6","p":3.49,"u":"0,58 €/P","img":"https://fd13-photos.leclercdrive.fr/image.ashx?id=2556443&use=l&cat=p&typeid=i","cat":284356},{"id":98440,"n":"Rôti de porc Fleury Michon -25% sel sans nitrite x4 - 160g","p":2.79,"u":"17,44 €/KG","img":"https://fd13-photos.leclercdrive.fr/image.ashx?id=2334569&use=l&cat=p&typeid=i","cat":316009},{"id":98443,"n":"Soda Coca-Cola Original Bouteille - Pack 6x1L","p":10.2,"u":"1,70 €/L","img":"https://fd13-photos.leclercdrive.fr/image.ashx?id=2830897&use=l&cat=p&typeid=i","cat":284530},{"id":98475,"n":"Blé soja haricots Céréal Bio  Façon Chili bio -220g","p":1.96,"u":"8,91 €/KG","img":"https://fd13-photos.leclercdrive.fr/image.ashx?id=2575096&use=l&cat=p&typeid=i","cat":287600},{"id":98499,"n":"Saumon fumé Petit Navire Ecosse - 4 tranches - 120g","p":6.51,"u":"54,25 €/KG","img":"https://fd13-photos.leclercdrive.fr/image.ashx?id=2950474&use=l&cat=p&typeid=i","cat":285188},{"id":98700,"n":"Gel  douche Carré Homme Energisant - 250ml","p":1.3,"u":"5,20 €/L","img":"https://fd13-photos.leclercdrive.fr/image.ashx?id=1547270&use=l&cat=p&typeid=i","cat":284619},{"id":98701,"n":"Lames Wilkinson Hydro5 Sense Energize - x3","p":13.4,"u":"4,47 €/P","img":"https://fd13-photos.leclercdrive.fr/image.ashx?id=1728105&use=l&cat=p&typeid=i","cat":284616},{"id":98715,"n":"Frixion-clicker Pilot Bleu - + Recharge + Fineliner","p":5.54,"img":"https://fd13-photos.leclercdrive.fr/image.ashx?id=2935954&use=l&cat=p&typeid=i","cat":284696},{"id":98728,"n":"Frixion-ball Pilot Noir - + Recharge + Fineliner","p":5.34,"img":"https://fd13-photos.leclercdrive.fr/image.ashx?id=2935969&use=l&cat=p&typeid=i","cat":284696},{"id":98734,"n":"Recharges Pilot Frixion Ball Clicker   Gomme x6","p":6.65,"img":"https://fd13-photos.leclercdrive.fr/image.ashx?id=2546383&use=l&cat=p&typeid=i","cat":284696},{"id":98746,"n":"Mousse Maronsui's La Laitière Crème de marrons - 4x68,8g","p":1.76,"u":"6,40 €/KG","img":"https://fd13-photos.leclercdrive.fr/image.ashx?id=2729755&use=l&cat=p&typeid=i","cat":284417},{"id":98807,"n":"Purée fruit bébé Blédina 6 mois Pomme cerise vanille - 4x100g","p":1.97,"u":"4,93 €/KG","img":"https://fd13-photos.leclercdrive.fr/image.ashx?id=2983024&use=l&cat=p&typeid=i","cat":312388},{"id":98809,"n":"Cornichons Maille Pasteurisés fin - 300g","p":2.87,"u":"9,57 €/KG","img":"https://fd13-photos.leclercdrive.fr/image.ashx?id=2082579&use=l&cat=p&typeid=i","cat":284458},{"id":98811,"n":"Comprimé antibactérien Polident x36","p":2.38,"u":"0,07 €/P","img":"https://fd13-photos.leclercdrive.fr/image.ashx?id=2303843&use=l&cat=p&typeid=i","cat":285158},{"id":98813,"n":"Dentifrice Parodontax Soin blancheur - 75ml","p":3.56,"u":"47,47 €/L","img":"https://fd13-photos.leclercdrive.fr/image.ashx?id=2606391&use=l&cat=p&typeid=i","cat":284612},{"id":98814,"n":"Dentifrice Parodontax Soin quotidien - 75ml","p":3.62,"u":"48,27 €/L","img":"https://fd13-photos.leclercdrive.fr/image.ashx?id=2606394&use=l&cat=p&typeid=i","cat":284612},{"id":98818,"n":"Sachets repas chiens Pedigree 16x100g + 8x100g offerts","p":6.78,"u":"2,83 €/KG","img":"https://fd13-photos.leclercdrive.fr/image.ashx?id=2876143&use=l&cat=p&typeid=i","cat":284673},{"id":98822,"n":"Purée fruit bébé Blédina 6 mois Pomme kiwi ananas - 4x100g","p":1.78,"u":"4,45 €/KG","img":"https://fd13-photos.leclercdrive.fr/image.ashx?id=2983030&use=l&cat=p&typeid=i","cat":312388},{"id":98827,"n":"Cube néon rose Post-it 325 feuilles 76mmx76mm","p":3.42,"img":"https://fd13-photos.leclercdrive.fr/image.ashx?id=2850150&use=l&cat=p&typeid=i","cat":334133},{"id":98828,"n":"Purée fruit bébé Blédina 6 mois Pomme poire mandarine - 4x100g","p":1.61,"u":"4,03 €/KG","img":"https://fd13-photos.leclercdrive.fr/image.ashx?id=2983033&use=l&cat=p&typeid=i","cat":312388},{"id":98831,"n":"Purée fruit bébé Blédina 6 mois Harmonie de fruits - 4x100g","p":1.78,"u":"4,45 €/KG","img":"https://fd13-photos.leclercdrive.fr/image.ashx?id=2983036&use=l&cat=p&typeid=i","cat":312388},{"id":98834,"n":"Purée fruit bébé Blédina 6 mois Pomme mangue passion - 4x100g","p":1.74,"u":"4,35 €/KG","img":"https://fd13-photos.leclercdrive.fr/image.ashx?id=2983039&use=l&cat=p&typeid=i","cat":312388},{"id":98836,"n":"Purée fruit bébé Blédina 6 mois Pomme poire vanille - 12x100g","p":5.2,"u":"4,33 €/KG","img":"https://fd13-photos.leclercdrive.fr/image.ashx?id=2983045&use=l&cat=p&typeid=i","cat":312388},{"id":98837,"n":"Purée fruit bébé Blédina 6 mois Pomme fraises banane - 4x100g","p":1.84,"u":"4,60 €/KG","img":"https://fd13-photos.leclercdrive.fr/image.ashx?id=2983048&use=l&cat=p&typeid=i","cat":312388},{"id":98872,"n":"Boisson Thé Glacé FuzeTea Mangue Camomille - 1,25L","p":1.55,"u":"1,24 €/L","img":"https://fd13-photos.leclercdrive.fr/image.ashx?id=2997220&use=l&cat=p&typeid=i","cat":295019},{"id":98875,"n":"Thé glacé Fuze Tea  Pêche Hibiscus - 1,25L","p":1.55,"u":"1,24 €/L","img":"https://fd13-photos.leclercdrive.fr/image.ashx?id=2940393&use=l&cat=p&typeid=i","cat":295019},{"id":98899,"n":"Pétillant Cava Revesco brut Espagne - 75cl","p":5.39,"u":"7,19 €/L","img":"https://fd13-photos.leclercdrive.fr/image.ashx?id=2019834&use=l&cat=p&typeid=i","cat":289461},{"id":98903,"n":"Vin Chili rouge Casillero del Diablo 75cl","p":9.15,"u":"12,20 €/L","img":"https://fd13-photos.leclercdrive.fr/image.ashx?id=2597253&use=l&cat=p&typeid=i","cat":289556},{"id":98933,"n":"AOP Ecrasé de pdt Florette Beurre - 2x200g","p":2.9,"u":"7,25 €/KG","img":"https://fd13-photos.leclercdrive.fr/image.ashx?id=2767699&use=l&cat=p&typeid=i","cat":333665},{"id":98994,"n":"Bière blonde Coreff IPA 5.6%vol. - 6x25cl","p":7.05,"u":"4,70 €/L","img":"https://fd13-photos.leclercdrive.fr/image.ashx?id=1635994&use=l&cat=p&typeid=i","cat":334872},{"id":99062,"n":"Pizza capricciosa 550g","p":7.89,"u":"14,35 €/KG","img":"https://fd13-photos.leclercdrive.fr/image.ashx?id=2802782&use=l&cat=p&typeid=i","cat":333679},{"id":99063,"n":"Pizza diavola  550g","p":7.89,"u":"14,35 €/KG","img":"https://fd13-photos.leclercdrive.fr/image.ashx?id=2802785&use=l&cat=p&typeid=i","cat":333679},{"id":99064,"n":"Pizza 4 fromages  550g","p":7.89,"u":"14,35 €/KG","img":"https://fd13-photos.leclercdrive.fr/image.ashx?id=2802788&use=l&cat=p&typeid=i","cat":333679},{"id":99197,"n":"Sauce froide Suzi Wan Aigre douce Pimentée - 350g","p":2.31,"u":"6,60 €/KG","img":"https://fd13-photos.leclercdrive.fr/image.ashx?id=2429902&use=l&cat=p&typeid=i","cat":288992},{"id":99248,"n":"Bouillon Kub Or Maggi 32 cubes - 128g","p":1.21,"u":"9,45 €/KG","img":"https://fd13-photos.leclercdrive.fr/image.ashx?id=2692737&use=l&cat=p&typeid=i","cat":288379},{"id":99281,"n":"Huile d'olive L'origine du Gout Vierge extra Arbequin - 50cl","p":9.49,"u":"18,98 €/L","img":"https://fd13-photos.leclercdrive.fr/image.ashx?id=1629744&use=l&cat=p&typeid=i","cat":284453},{"id":99489,"n":"Lingettes Pampers Sensitive x80","p":2.99,"u":"0,04 €/P","img":"https://fd13-photos.leclercdrive.fr/image.ashx?id=2956664&use=l&cat=p&typeid=i","cat":284738},{"id":99503,"n":"Huile d'olive L'Origine du Goût Vierge Extra Picual - 50cl","p":9.49,"u":"18,98 €/L","img":"https://fd13-photos.leclercdrive.fr/image.ashx?id=1632767&use=l&cat=p&typeid=i","cat":284453},{"id":99508,"n":"Piles Duracell CR2032 Lithium 3V - x4","p":9.4,"u":"2,35 €/P","img":"https://fd13-photos.leclercdrive.fr/image.ashx?id=3003405&use=l&cat=p&typeid=i","cat":300572},{"id":99545,"n":"Mogettes bio Bio VIllage 215g","p":1.73,"u":"8,05 €/KG","img":"https://fd13-photos.leclercdrive.fr/image.ashx?id=3002680&use=l&cat=p&typeid=i","cat":312606},{"id":99547,"n":"Haricots rouge Bio Village Bio - 205g","p":2.31,"u":"11,27 €/KG","img":"https://fd13-photos.leclercdrive.fr/image.ashx?id=3002686&use=l&cat=p&typeid=i","cat":312606},{"id":99553,"n":"Pois chiche Bio VIllage Bio - 215g","p":2.1,"u":"9,77 €/KG","img":"https://fd13-photos.leclercdrive.fr/image.ashx?id=3002683&use=l&cat=p&typeid=i","cat":312609},{"id":99555,"n":"Lentilles Bio Village Bio - 215g","p":1.99,"u":"9,26 €/KG","img":"https://fd13-photos.leclercdrive.fr/image.ashx?id=3002677&use=l&cat=p&typeid=i","cat":312609},{"id":99560,"n":"Haricots verts fins Eco  440g","p":1.09,"u":"2,48 €/KG","img":"https://fd13-photos.leclercdrive.fr/image.ashx?id=2729251&use=l&cat=p&typeid=i","cat":312606},{"id":99562,"n":"Haricots verts Eco  Très fins - 440g","p":1.02,"u":"2,32 €/KG","img":"https://fd13-photos.leclercdrive.fr/image.ashx?id=3003723&use=l&cat=p&typeid=i","cat":312606},{"id":99570,"n":"Ratatouille Eco+ 750g","p":1.06,"u":"1,41 €/KG","img":"https://fd13-photos.leclercdrive.fr/image.ashx?id=2703446&use=l&cat=p&typeid=i","cat":312612},{"id":99589,"n":"Secret de crème Président 25%mg Semi-épaisse - 3x20cl+1 offert","p":3.95,"u":"4,94 €/L","img":"https://fd13-photos.leclercdrive.fr/image.ashx?id=3011101&use=l&cat=p&typeid=i","cat":284381},{"id":99593,"n":"AOC Marcillac Vin rouge  Cuvée réservée - 75cl","p":9.87,"u":"13,16 €/L","img":"https://fd13-photos.leclercdrive.fr/image.ashx?id=1748873&use=l&cat=p&typeid=i","cat":289556},{"id":99734,"n":"Capsules café L'Or Espresso Or Absolu N°9 x20","p":7.43,"u":"71,44 €/KG","img":"https://fd13-photos.leclercdrive.fr/image.ashx?id=2859971&use=l&cat=p&typeid=i","cat":284749},{"id":99774,"n":"Biscuits sablés Granola Chocolat noir - 195g","p":1.69,"u":"8,67 €/KG","img":"https://fd13-photos.leclercdrive.fr/image.ashx?id=2982979&use=l&cat=p&typeid=i","cat":284488},{"id":99788,"n":"Capsules café L'Or Espresso Lungo Profondo N°8 x20","p":5.79,"u":"55,67 €/KG","img":"https://fd13-photos.leclercdrive.fr/image.ashx?id=3005796&use=l&cat=p&typeid=i","cat":284749},{"id":99880,"n":"Crème Visage Jour FPS 30 Nivea Anti-rides Cellular - 50ml","p":12.55,"u":"251,00 €/L","img":"https://fd13-photos.leclercdrive.fr/image.ashx?id=2298775&use=l&cat=p&typeid=i","cat":325345},{"id":99900,"n":"Soin amincissant Linéance Profiler nuit + - 180ml","p":11.39,"u":"63,28 €/L","img":"https://fd13-photos.leclercdrive.fr/image.ashx?id=1748813&use=l&cat=p&typeid=i","cat":325350},{"id":99905,"n":"Biscuits Petit Ecolier LU Chocolat blanc - 150g","p":1.73,"u":"11,53 €/KG","img":"https://fd13-photos.leclercdrive.fr/image.ashx?id=2346678&use=l&cat=p&typeid=i","cat":284488},{"id":99913,"n":"Lotus Biscoff Speculoos Chocolat noir - 162g (6x2p)","p":1.8,"u":"11,11 €/KG","img":"https://fd13-photos.leclercdrive.fr/image.ashx?id=2672521&use=l&cat=p&typeid=i","cat":284487},{"id":99921,"n":"Shampooing Nateis Cheveux gris ou blancs - 250ml","p":1.45,"u":"5,80 €/L","img":"https://fd13-photos.leclercdrive.fr/image.ashx?id=2395820&use=l&cat=p&typeid=i","cat":284606},{"id":99922,"n":"Lait de douche Manava Framboise - 250ml","p":0.94,"u":"3,76 €/L","img":"https://fd13-photos.leclercdrive.fr/image.ashx?id=2618353&use=l&cat=p&typeid=i","cat":284594},{"id":99965,"n":"Biscuit speculoos Lotus Biscoff 750g (6x125g)","p":3.67,"u":"4,89 €/KG","img":"https://fd13-photos.leclercdrive.fr/image.ashx?id=2693818&use=l&cat=p&typeid=i","cat":284487},{"id":99967,"n":"Pois chiches bio Jardin Bio Au naturel - 420g","p":2.2,"u":"5,24 €/KG","img":"https://fd13-photos.leclercdrive.fr/image.ashx?id=2971215&use=l&cat=p&typeid=i","cat":312609},{"id":99975,"n":"Vodka Zubrowka Bison grass - 37.5%vol - 70cl","p":16.3,"u":"23,29 €/L","img":"https://fd13-photos.leclercdrive.fr/image.ashx?id=2879820&use=l&cat=p&typeid=i","cat":284550},{"id":99976,"n":"Biscuit petit déjeuner Belvita Brut - 600g","p":3.59,"u":"5,98 €/KG","img":"https://fd13-photos.leclercdrive.fr/image.ashx?id=2112935&use=l&cat=p&typeid=i","cat":285281},{"id":100017,"n":"Pain de mie Jacquet Maxi sans sucres ajoutés - 550g","p":1.31,"u":"2,38 €/KG","img":"https://fd13-photos.leclercdrive.fr/image.ashx?id=2935705&use=l&cat=p&typeid=i","cat":284477},{"id":100250,"n":"Yaourt nature sucré Kit-Kat Billes chocolat - 4x115g","p":2.36,"u":"5,13 €/KG","img":"https://fd13-photos.leclercdrive.fr/image.ashx?id=2875954&use=l&cat=p&typeid=i","cat":284414},{"id":100334,"n":"Gel bain douche Manava Coton macadamia - 500ml","p":1.88,"u":"3,76 €/L","img":"https://fd13-photos.leclercdrive.fr/image.ashx?id=1644734&use=l&cat=p&typeid=i","cat":284594},{"id":100349,"n":"Bain de bouche Parodontax Menthe douce - 500ml","p":4.93,"u":"9,86 €/L","img":"https://fd13-photos.leclercdrive.fr/image.ashx?id=2485982&use=l&cat=p&typeid=i","cat":284613},{"id":100356,"n":"Crayon Yeux Maybelline Effet Tatouage 900 Deep Onyx","p":6.21,"pp":4.1,"img":"https://fd13-photos.leclercdrive.fr/image.ashx?id=2904865&use=l&cat=p&typeid=i","cat":287029},{"id":100493,"n":"Gommes Maped Technic 600 Premium - x2","p":0.95,"u":"0,48 €/P","img":"https://fd13-photos.leclercdrive.fr/image.ashx?id=2384247&use=l&cat=p&typeid=i","cat":334133},{"id":100494,"n":"Gommes Maped Mini softy - 2+1","p":1.13,"u":"0,38 €/P","img":"https://fd13-photos.leclercdrive.fr/image.ashx?id=2147888&use=l&cat=p&typeid=i","cat":334133},{"id":100497,"n":"Feutres pour ardoise Maped Bleus - x5","p":1.32,"img":"https://fd13-photos.leclercdrive.fr/image.ashx?id=2384277&use=l&cat=p&typeid=i","cat":334133},{"id":100547,"n":"Gommes triplex Maped 1 gomme dessin +1 gomme duo-gom","p":1.04,"img":"https://fd13-photos.leclercdrive.fr/image.ashx?id=2450676&use=l&cat=p&typeid=i","cat":334133},{"id":100549,"n":"Kit maths Maped 4 instruments géométrie Blister","p":1.18,"img":"https://fd13-photos.leclercdrive.fr/image.ashx?id=2147909&use=l&cat=p&typeid=i","cat":334133},{"id":100550,"n":"Kit traçage gaucher Maped 3 pièces","p":1.36,"img":"https://fd13-photos.leclercdrive.fr/image.ashx?id=2384313&use=l&cat=p&typeid=i","cat":334133},{"id":100594,"n":"Petit pois carotte Bio Village Bio - 215g","p":1.6,"u":"7,44 €/KG","img":"https://fd13-photos.leclercdrive.fr/image.ashx?id=3002692&use=l&cat=p&typeid=i","cat":312607},{"id":100595,"n":"Papier toilette Uni Vert Blanc 3 plis recyclés - x6","p":2.34,"u":"0,39 €/P","img":"https://fd13-photos.leclercdrive.fr/image.ashx?id=2571938&use=l&cat=p&typeid=i","cat":284634},{"id":100596,"n":"Petits pois fins Bio Village Bio - 230g","p":1.81,"u":"7,87 €/KG","img":"https://fd13-photos.leclercdrive.fr/image.ashx?id=3002689&use=l&cat=p&typeid=i","cat":312607},{"id":100604,"n":"Pur jus Bio Village Pomme mangue Bio - 1L","p":3.75,"u":"3,75 €/L","img":"https://fd13-photos.leclercdrive.fr/image.ashx?id=2901551&use=l&cat=p&typeid=i","cat":284917},{"id":100616,"n":"Jus pomme pétillant Bio Village Bio sans alcool - 75cl","p":2.08,"u":"2,77 €/L","img":"https://fd13-photos.leclercdrive.fr/image.ashx?id=2052277&use=l&cat=p&typeid=i","cat":289460},{"id":100618,"n":"Pur jus Bio Village Bio Pomme poire - 1L","p":3.85,"u":"3,85 €/L","img":"https://fd13-photos.leclercdrive.fr/image.ashx?id=2901554&use=l&cat=p&typeid=i","cat":284522},{"id":100663,"n":"Nectar Pressade Bio Tropical - 1.5L","p":3.4,"u":"2,27 €/L","img":"https://fd13-photos.leclercdrive.fr/image.ashx?id=2732542&use=l&cat=p&typeid=i","cat":284916},{"id":100705,"n":"Tartine Petit dejeuner Jacquet 410g","p":1.47,"u":"3,59 €/KG","img":"https://fd13-photos.leclercdrive.fr/image.ashx?id=2991855&use=l&cat=p&typeid=i","cat":284477},{"id":100725,"n":"Pain de mie La Boulangère Toastiligne Aux céréales - 500g","p":1.54,"u":"3,08 €/KG","img":"https://fd13-photos.leclercdrive.fr/image.ashx?id=2912401&use=l&cat=p&typeid=i","cat":284477},{"id":100728,"n":"Gache tranchée La Boulangère 400g","p":2.02,"u":"5,05 €/KG","img":"https://fd13-photos.leclercdrive.fr/image.ashx?id=2912179&use=l&cat=p&typeid=i","cat":284478},{"id":100792,"n":"Wraps Old El Paso de blé complet x6 - 350g","p":2.83,"u":"8,09 €/KG","img":"https://fd13-photos.leclercdrive.fr/image.ashx?id=2940573&use=l&cat=p&typeid=i","cat":288993},{"id":100817,"n":"Marqueurs Sharpie Fine Noir, Bleu, Rouge, Vert x4","p":4.3,"img":"https://fd13-photos.leclercdrive.fr/image.ashx?id=1870501&use=l&cat=p&typeid=i","cat":284696},{"id":100950,"n":"Stylo bille 4 en 1 Bic 3couleurs + 1HB","p":2.74,"img":"https://fd13-photos.leclercdrive.fr/image.ashx?id=2972919&use=l&cat=p&typeid=i","cat":284696},{"id":100952,"n":"4 stylos-bille cristal Bic Fine bleu","p":1.25,"img":"https://fd13-photos.leclercdrive.fr/image.ashx?id=2172651&use=l&cat=p&typeid=i","cat":284696},{"id":100979,"n":"Chocolat au lait Lindt Création Le Rocher lait - 150g","p":3.09,"u":"20,60 €/KG","img":"https://fd13-photos.leclercdrive.fr/image.ashx?id=2685805&use=l&cat=p&typeid=i","cat":284497},{"id":100981,"n":"Courgettes Cuisinées Cassegrain à la Provençale 375g","p":2.85,"u":"7,60 €/KG","img":"https://fd13-photos.leclercdrive.fr/image.ashx?id=2977951&use=l&cat=p&typeid=i","cat":312612},{"id":100989,"n":"Céréales Trésor de Kellogg's Choco Roulette - 620g","p":4.38,"u":"7,06 €/KG","img":"https://fd13-photos.leclercdrive.fr/image.ashx?id=2598337&use=l&cat=p&typeid=i","cat":309513},{"id":100991,"n":"Céréales Trésor de Kellogg's Chocolat Noisettes - 410g","p":2.95,"u":"7,20 €/KG","img":"https://fd13-photos.leclercdrive.fr/image.ashx?id=2584238&use=l&cat=p&typeid=i","cat":309513},{"id":101010,"n":"Café moulu Carte Noire Classic - 6x250g","p":23.99,"u":"15,99 €/KG","img":"https://fd13-photos.leclercdrive.fr/image.ashx?id=2919027&use=l&cat=p&typeid=i","cat":284750},{"id":101047,"n":"Croquettes chat Ultima  Nature Poulet - 1.25kg","p":6.77,"u":"5,42 €/KG","img":"https://fd13-photos.leclercdrive.fr/image.ashx?id=2569959&use=l&cat=p&typeid=i","cat":284680},{"id":101050,"n":"Croquette chat stérilisé Ultima  Nature - Saumon - 1.25kg","p":6.92,"u":"5,54 €/KG","img":"https://fd13-photos.leclercdrive.fr/image.ashx?id=2569962&use=l&cat=p&typeid=i","cat":284680},{"id":101056,"n":"Adoucissant concentré Hyperdou Rosée du matin - 750ml","p":1.99,"u":"2,65 €/L","img":"https://fd13-photos.leclercdrive.fr/image.ashx?id=2602910&use=l&cat=p&typeid=i","cat":284650},{"id":101058,"n":"Adoucissant concentré Hyperdou Passion tropicale - 750ml","p":1.99,"u":"2,65 €/L","img":"https://fd13-photos.leclercdrive.fr/image.ashx?id=2683565&use=l&cat=p&typeid=i","cat":284650},{"id":101059,"n":"Adoucissant concentré Hyperdou Couché soleil - 750ml","p":1.99,"u":"2,65 €/L","img":"https://fd13-photos.leclercdrive.fr/image.ashx?id=2602943&use=l&cat=p&typeid=i","cat":284650},{"id":101115,"n":"Céréales Trésor de Kellogg's Chocolat au Lait - 410g","p":2.93,"u":"7,15 €/KG","img":"https://fd13-photos.leclercdrive.fr/image.ashx?id=2584241&use=l&cat=p&typeid=i","cat":309513},{"id":101126,"n":"Bière blonde Grimbergen Pale Ale 5,5° - 6x25cl","p":5.84,"u":"3,89 €/L","img":"https://fd13-photos.leclercdrive.fr/image.ashx?id=2312801&use=l&cat=p&typeid=i","cat":334852},{"id":101161,"n":"Crousti moelleux Jacquet 730g","p":2.05,"u":"2,81 €/KG","img":"https://fd13-photos.leclercdrive.fr/image.ashx?id=2991840&use=l&cat=p&typeid=i","cat":284477},{"id":101231,"n":"Le Gourmand Garden Gourmet Soja, Poivre et Persil 160g","p":2.57,"u":"16,06 €/KG","img":"https://fd13-photos.leclercdrive.fr/image.ashx?id=2988683&use=l&cat=p&typeid=i","cat":316036},{"id":101254,"n":"Jambon cru 4 tranches Aoste dégraissées - 100g","p":3.78,"u":"37,80 €/KG","img":"https://fd13-photos.leclercdrive.fr/image.ashx?id=1877219&use=l&cat=p&typeid=i","cat":316007},{"id":101288,"n":"Mousse végétal Andros Chocolat - 4x55g","p":2.98,"u":"13,55 €/KG","img":"https://fd13-photos.leclercdrive.fr/image.ashx?id=2963433&use=l&cat=p&typeid=i","cat":316071},{"id":101317,"n":"Assiettes plates kraft Homeside 18cm - x50","p":3.01,"u":"0,06 €/P","img":"https://fd13-photos.leclercdrive.fr/image.ashx?id=1660522&use=l&cat=p&typeid=i","cat":334134},{"id":101337,"n":"Chiffonnade speck Negroni 85g","p":3.5,"u":"41,18 €/KG","img":"https://fd13-photos.leclercdrive.fr/image.ashx?id=2025185&use=l&cat=p&typeid=i","cat":316007},{"id":101341,"n":"Chiffonnade saucisson Negroni Italien - 85g","p":3.48,"u":"40,94 €/KG","img":"https://fd13-photos.leclercdrive.fr/image.ashx?id=1989819&use=l&cat=p&typeid=i","cat":316007},{"id":101348,"n":"Barres Chocolatées KINDER BUENO  Chocolat au Lait x12 - 516g","p":8.15,"u":"15,79 €/KG","img":"https://fd13-photos.leclercdrive.fr/image.ashx?id=2402946&use=l&cat=p&typeid=i","cat":284498},{"id":101349,"n":"Crème dessert Danette Vanille - 6x125g","p":1.97,"u":"2,63 €/KG","img":"https://fd13-photos.leclercdrive.fr/image.ashx?id=2923498&use=l&cat=p&typeid=i","cat":285041},{"id":101350,"n":"liégeois vanille danette - 4x100g","p":1.48,"u":"3,70 €/KG","img":"https://fd13-photos.leclercdrive.fr/image.ashx?id=2907848&use=l&cat=p&typeid=i","cat":285042},{"id":101352,"n":"Crème dessert Danette  Chocolat - 6x125g","p":1.92,"u":"2,56 €/KG","img":"https://fd13-photos.leclercdrive.fr/image.ashx?id=2915395&use=l&cat=p&typeid=i","cat":285041},{"id":101415,"n":"Couteaux en bois Homeside x20","p":1.98,"u":"0,10 €/P","img":"https://fd13-photos.leclercdrive.fr/image.ashx?id=1663736&use=l&cat=p&typeid=i","cat":334134},{"id":101416,"n":"Fourchettes en bois Homeside x20","p":1.98,"u":"0,10 €/P","img":"https://fd13-photos.leclercdrive.fr/image.ashx?id=1663733&use=l&cat=p&typeid=i","cat":334134},{"id":101418,"n":"Cuillères en bois Homeside x20","p":1.98,"u":"0,10 €/P","img":"https://fd13-photos.leclercdrive.fr/image.ashx?id=1663730&use=l&cat=p&typeid=i","cat":334134},{"id":101456,"n":"Barres Chocolatées KINDER Maxi Chocolat au Lait x18 - 378g","p":5.58,"u":"14,76 €/KG","img":"https://fd13-photos.leclercdrive.fr/image.ashx?id=2673854&use=l&cat=p&typeid=i","cat":284498},{"id":101461,"n":"Pâtes Collezione Barilla Fusilli Bucati Corti - 500g","p":1.54,"u":"3,08 €/KG","img":"https://fd13-photos.leclercdrive.fr/image.ashx?id=2991003&use=l&cat=p&typeid=i","cat":284427},{"id":101473,"n":"Petit Pois, Carotte Cassegrain Tendre et Fondant 265g","p":1.78,"u":"6,72 €/KG","img":"https://fd13-photos.leclercdrive.fr/image.ashx?id=2951692&use=l&cat=p&typeid=i","cat":312607},{"id":101476,"n":"Saladière mexicana Saupiquet 220g","p":2.75,"u":"12,50 €/KG","img":"https://fd13-photos.leclercdrive.fr/image.ashx?id=2857042&use=l&cat=p&typeid=i","cat":284437},{"id":101478,"n":"Petit Chinois La fournée Dorée Crème patissière - x6 - 300g","p":1.62,"u":"5,40 €/KG","img":"https://fd13-photos.leclercdrive.fr/image.ashx?id=2964492&use=l&cat=p&typeid=i","cat":296366},{"id":101480,"n":"Filets de thon Saupiquet Au citron - 115g","p":2.38,"u":"20,70 €/KG","img":"https://fd13-photos.leclercdrive.fr/image.ashx?id=2846370&use=l&cat=p&typeid=i","cat":303867},{"id":101483,"n":"Tablette chocolat Côte d'Or Chocolat noir 70% - 100g","p":1.82,"u":"18,20 €/KG","img":"https://fd13-photos.leclercdrive.fr/image.ashx?id=2985591&use=l&cat=p&typeid=i","cat":284956},{"id":101489,"n":"Feutres de coloriage Bic Kids - x24","p":2.6,"img":"https://fd13-photos.leclercdrive.fr/image.ashx?id=2871826&use=l&cat=p&typeid=i","cat":284696},{"id":101497,"n":"Porte-mines Matic Fun Bic HB 0.7mm - Pochette de 10","p":3.08,"img":"https://fd13-photos.leclercdrive.fr/image.ashx?id=2749931&use=l&cat=p&typeid=i","cat":284696},{"id":101502,"n":"Crème dessert Danette Vanille - 4x125g","p":1.51,"u":"3,02 €/KG","img":"https://fd13-photos.leclercdrive.fr/image.ashx?id=2029487&use=l&cat=p&typeid=i","cat":285041},{"id":101504,"n":"AOC Clairette de Die doux BIO  Rives et Terrasses - 75cl","p":5.99,"u":"7,99 €/L","img":"https://fd13-photos.leclercdrive.fr/image.ashx?id=2826930&use=l&cat=p&typeid=i","cat":284544},{"id":101505,"n":"Jus de pruneaux Bio Village Bio - 1L","p":3.99,"u":"3,99 €/L","img":"https://fd13-photos.leclercdrive.fr/image.ashx?id=1914966&use=l&cat=p&typeid=i","cat":284915},{"id":101506,"n":"Boisson Cranberry  Bio Village   Bio - 1L","p":3.55,"u":"3,55 €/L","img":"https://fd13-photos.leclercdrive.fr/image.ashx?id=2958774&use=l&cat=p&typeid=i","cat":284915},{"id":101580,"n":"Banane Bio Max Havelaar  Bio Village x5","p":1.99,"u":"0,40 €/P","img":"https://fd13-photos.leclercdrive.fr/image.ashx?id=2323988&use=l&cat=p&typeid=i","cat":284356},{"id":101599,"n":"Crayons de couleur  Bic Intensity - x12","p":3.02,"u":"0,25 €/P","img":"https://fd13-photos.leclercdrive.fr/image.ashx?id=2177755&use=l&cat=p&typeid=i","cat":284696},{"id":101620,"n":"Matière grasse Rustica Omega 3 50%MG -Doux -250G","p":0.99,"u":"3,96 €/KG","img":"https://fd13-photos.leclercdrive.fr/image.ashx?id=2904583&use=l&cat=p&typeid=i","cat":315229},{"id":101629,"n":"Pur jus clémentine Bio Village Bio - 1L","p":2.99,"u":"2,99 €/L","img":"https://fd13-photos.leclercdrive.fr/image.ashx?id=2901548&use=l&cat=p&typeid=i","cat":284915},{"id":101667,"n":"Soupe liquide Bio Liebig  Mouliné de Légumes Verts - 1L","p":2.81,"u":"2,81 €/L","img":"https://fd13-photos.leclercdrive.fr/image.ashx?id=2643686&use=l&cat=p&typeid=i","cat":284462},{"id":101688,"n":"Gel concentré vaisselle UniVert Citron - 685ml","p":5.13,"u":"7,49 €/L","img":"https://fd13-photos.leclercdrive.fr/image.ashx?id=2598003&use=l&cat=p&typeid=i","cat":284655},{"id":101690,"n":"Gaufrette fine Jardin Bio Chocolat - 200g","p":2.47,"u":"12,35 €/KG","img":"https://fd13-photos.leclercdrive.fr/image.ashx?id=2537640&use=l&cat=p&typeid=i","cat":294777},{"id":101692,"n":"Crème dessert Danette Vanille caramel - 4x125g","p":1.7,"u":"3,40 €/KG","img":"https://fd13-photos.leclercdrive.fr/image.ashx?id=2928408&use=l&cat=p&typeid=i","cat":285041},{"id":101695,"n":"crème dessert chocolat danette - 8x125g","p":2.86,"u":"2,86 €/KG","img":"https://fd13-photos.leclercdrive.fr/image.ashx?id=2949841&use=l&cat=p&typeid=i","cat":285041},{"id":101696,"n":"crème dessert caramel danette - 4x125g","p":1.55,"u":"3,10 €/KG","img":"https://fd13-photos.leclercdrive.fr/image.ashx?id=2926236&use=l&cat=p&typeid=i","cat":285041},{"id":101697,"n":"crème dessert chocolat noisette danette - 4x125g","p":1.64,"u":"3,28 €/KG","img":"https://fd13-photos.leclercdrive.fr/image.ashx?id=2902630&use=l&cat=p&typeid=i","cat":285041},{"id":101699,"n":"crème dessert pistache danette - 4x125g","p":1.66,"u":"3,32 €/KG","img":"https://fd13-photos.leclercdrive.fr/image.ashx?id=1984885&use=l&cat=p&typeid=i","cat":285041},{"id":101701,"n":"crème dessert chocolat caramel vanille danette - 12x115g","p":3.51,"u":"2,54 €/KG","img":"https://fd13-photos.leclercdrive.fr/image.ashx?id=2949844&use=l&cat=p&typeid=i","cat":285041},{"id":101702,"n":"Crème dessert Danette Caramel - 6x125g","p":2.38,"u":"3,17 €/KG","img":"https://fd13-photos.leclercdrive.fr/image.ashx?id=2915398&use=l&cat=p&typeid=i","cat":285041},{"id":101706,"n":"liégeois café danette - 4x100g","p":1.56,"u":"3,90 €/P","img":"https://fd13-photos.leclercdrive.fr/image.ashx?id=2228525&use=l&cat=p&typeid=i","cat":285042},{"id":101707,"n":"crème dessert chocolat danette - 4x125g","p":1.51,"u":"3,02 €/KG","img":"https://fd13-photos.leclercdrive.fr/image.ashx?id=2927291&use=l&cat=p&typeid=i","cat":285041},{"id":101708,"n":"liégeois chocolat danette - 8x100g","p":3.1,"u":"3,88 €/KG","img":"https://fd13-photos.leclercdrive.fr/image.ashx?id=1984897&use=l&cat=p&typeid=i","cat":285042},{"id":101709,"n":"liégeois chocolat vanille danette - 8x100g","p":2.88,"u":"3,60 €/KG","img":"https://fd13-photos.leclercdrive.fr/image.ashx?id=2926245&use=l&cat=p&typeid=i","cat":285042},{"id":101710,"n":"crème dessert chocolat noir danette - 4x125g","p":1.61,"u":"3,22 €/KG","img":"https://fd13-photos.leclercdrive.fr/image.ashx?id=2927294&use=l&cat=p&typeid=i","cat":285041},{"id":101711,"n":"Crème dessert Danette Chocolat Vanille - 12x115g","p":3.66,"u":"2,65 €/KG","img":"https://fd13-photos.leclercdrive.fr/image.ashx?id=2228528&use=l&cat=p&typeid=i","cat":285041},{"id":101712,"n":"crème dessert 3 chocolats danette - 12x115g","p":3.73,"u":"2,70 €/KG","img":"https://fd13-photos.leclercdrive.fr/image.ashx?id=2949847&use=l&cat=p&typeid=i","cat":285041},{"id":101833,"n":"Gel lavage Visior Concentré - 900ml","p":5.56,"u":"6,18 €/L","img":"https://fd13-photos.leclercdrive.fr/image.ashx?id=2598000&use=l&cat=p&typeid=i","cat":284657},{"id":101852,"n":"Mergueizh Hénaff x5 - 277g","p":5.12,"u":"18,48 €/KG","img":"https://fd13-photos.leclercdrive.fr/image.ashx?id=2795183&use=l&cat=p&typeid=i","cat":284334},{"id":102006,"n":"Gel bain douche Manava Pamplemousse raisin blanc-500ml","p":2.37,"u":"4,74 €/L","img":"https://fd13-photos.leclercdrive.fr/image.ashx?id=2652870&use=l&cat=p&typeid=i","cat":284594},{"id":102007,"n":"Gel douche Manava Gommant - 250ml","p":1.3,"u":"5,20 €/L","img":"https://fd13-photos.leclercdrive.fr/image.ashx?id=2805042&use=l&cat=p&typeid=i","cat":284594},{"id":102008,"n":"Gel douche Manava Sans savon - 500ml","p":1.87,"u":"3,74 €/L","img":"https://fd13-photos.leclercdrive.fr/image.ashx?id=2741303&use=l&cat=p&typeid=i","cat":284594},{"id":102010,"n":"Gel douche L'Arbre Vert Amande douce bien-être - 250ml","p":1.95,"u":"7,80 €/L","img":"https://fd13-photos.leclercdrive.fr/image.ashx?id=2457899&use=l&cat=p&typeid=i","cat":284594},{"id":102011,"n":"Crème désaltérante jour So Bio  Aloe Vera bio  - 50ml","p":7.49,"u":"149,80 €/L","img":"https://fd13-photos.leclercdrive.fr/image.ashx?id=2644223&use=l&cat=p&typeid=i","cat":325345},{"id":102012,"n":"Déodorant bille bio So Bio Etic Tous types de peau - 50ml","p":4.36,"u":"87,20 €/L","img":"https://fd13-photos.leclercdrive.fr/image.ashx?id=2986606&use=l&cat=p&typeid=i","cat":284595},{"id":102027,"n":"Crème visage La Provençale Bio  Hydratante 48h - 50ml","p":5.87,"u":"117,40 €/L","img":"https://fd13-photos.leclercdrive.fr/image.ashx?id=2335922&use=l&cat=p&typeid=i","cat":325345},{"id":102036,"n":"Carotte de sable 1kg","p":1.29,"u":"1,29 €/KG","img":"https://fd13-photos.leclercdrive.fr/image.ashx?id=2077676&use=l&cat=p&typeid=i","cat":284352},{"id":102068,"n":"Poudre détachante - 500g Spéciale textiles - UNI VERT","p":5.29,"u":"10,58 €/KG","img":"https://fd13-photos.leclercdrive.fr/image.ashx?id=2216963&use=l&cat=p&typeid=i","cat":284651},{"id":102078,"n":"Tagliatelles Côté Table Poulet & champignons - 300g","p":2.79,"u":"9,30 €/KG","img":"https://fd13-photos.leclercdrive.fr/image.ashx?id=2893568&use=l&cat=p&typeid=i","cat":333665},{"id":102079,"n":"Spaghetti Côté Table Bolognaise - 300g","p":3.2,"u":"10,67 €/KG","img":"https://fd13-photos.leclercdrive.fr/image.ashx?id=2846562&use=l&cat=p&typeid=i","cat":333665},{"id":102081,"n":"Poulet à la tomate Côté Table Purée courgette - 300g","p":2.29,"u":"7,63 €/KG","img":"https://fd13-photos.leclercdrive.fr/image.ashx?id=1656991&use=l&cat=p&typeid=i","cat":333665},{"id":102082,"n":"Poulet et risotto Côté Table Champignons - 280g","p":2.59,"u":"9,25 €/KG","img":"https://fd13-photos.leclercdrive.fr/image.ashx?id=2816145&use=l&cat=p&typeid=i","cat":333665},{"id":102084,"n":"Feutres de coloriage Stabilo Trio A-Z pointe moyenne - x18","p":2.53,"img":"https://fd13-photos.leclercdrive.fr/image.ashx?id=2525282&use=l&cat=p&typeid=i","cat":284696},{"id":102101,"n":"Confisuc Saint Louis Spécial gelées - 3x1kg","p":6.59,"u":"2,20 €/KG","img":"https://fd13-photos.leclercdrive.fr/image.ashx?id=1657256&use=l&cat=p&typeid=i","cat":284502},{"id":102103,"n":"Eau gazeuse St Yorre 6x1,15L","p":3.65,"u":"0,53 €/L","img":"https://fd13-photos.leclercdrive.fr/image.ashx?id=2877730&use=l&cat=p&typeid=i","cat":284536},{"id":102104,"n":"Eau Aromatisée Vittel Aro bio Citron - 1L","p":1.19,"u":"1,19 €/L","img":"https://fd13-photos.leclercdrive.fr/image.ashx?id=2737093&use=l&cat=p&typeid=i","cat":284537},{"id":102172,"n":"Miel liquide l'apiculteur Des montagnes - 500g","p":6.68,"u":"13,36 €/KG","img":"https://fd13-photos.leclercdrive.fr/image.ashx?id=2327734&use=l&cat=p&typeid=i","cat":287643},{"id":102265,"n":"Marqueur permanent Bic Pocket noir - 1 pièce","p":0.71,"img":"https://fd13-photos.leclercdrive.fr/image.ashx?id=2350753&use=l&cat=p&typeid=i","cat":284696},{"id":102374,"n":"Bière sans alcool Tourtel Twist Cerise 0,0° - 6x27,5cl","p":4.62,"u":"2,80 €/L","img":"https://fd13-photos.leclercdrive.fr/image.ashx?id=2688803&use=l&cat=p&typeid=i","cat":334877},{"id":102406,"n":"Perle De Cidre Val de France Brut - 75cl","p":5.03,"u":"6,71 €/L","img":"https://fd13-photos.leclercdrive.fr/image.ashx?id=1750139&use=l&cat=p&typeid=i","cat":334880},{"id":102442,"n":"Crêpe Caramel beurre salé Paysan Breton x6 -180g","p":2.51,"u":"13,94 €/KG","img":"https://fd13-photos.leclercdrive.fr/image.ashx?id=2786858&use=l&cat=p&typeid=i","cat":284494},{"id":102480,"n":"Petits Suisses Gervais 9,5%MG - 12x60g","p":2.43,"u":"3,38 €/KG","img":"https://fd13-photos.leclercdrive.fr/image.ashx?id=2230381&use=l&cat=p&typeid=i","cat":284409},{"id":102633,"n":"Soda Schweppes Saveur Agrumes Zero - 1L","p":1.58,"u":"1,58 €/L","img":"https://fd13-photos.leclercdrive.fr/image.ashx?id=2852432&use=l&cat=p&typeid=i","cat":284532},{"id":102658,"n":"Farine pour pain Francine 2.5kg","p":4.41,"u":"1,76 €/KG","img":"https://fd13-photos.leclercdrive.fr/image.ashx?id=2238687&use=l&cat=p&typeid=i","cat":284503},{"id":102660,"n":"DOC Prosecco blanc Vilaveroni Bio - 75cl","p":8.5,"u":"11,33 €/L","img":"https://fd13-photos.leclercdrive.fr/image.ashx?id=2504236&use=l&cat=p&typeid=i","cat":289461},{"id":102661,"n":"Thé vert bio Jardin Bio Digestion x20 - 30g","p":2.8,"u":"93,33 €/KG","img":"https://fd13-photos.leclercdrive.fr/image.ashx?id=3014527&use=l&cat=p&typeid=i","cat":293233},{"id":102664,"n":"Couscous fin Tipiak 1kg","p":1.88,"u":"1,88 €/KG","img":"https://fd13-photos.leclercdrive.fr/image.ashx?id=2854411&use=l&cat=p&typeid=i","cat":284429},{"id":102665,"n":"AOC Crémant Bordeaux Jaillance Brut - 75cl","p":6.79,"u":"9,05 €/L","img":"https://fd13-photos.leclercdrive.fr/image.ashx?id=2868437&use=l&cat=p&typeid=i","cat":284545},{"id":102667,"n":"Haricots verts D'Aucy Extra fin - 58cl - 280g","p":2.82,"u":"10,07 €/KG","img":"https://fd13-photos.leclercdrive.fr/image.ashx?id=2110005&use=l&cat=p&typeid=i","cat":312606},{"id":102669,"n":"Capsules café L'Or Espresso Or Rose N°7 x10","p":3.59,"u":"69,04 €/KG","img":"https://fd13-photos.leclercdrive.fr/image.ashx?id=2100290&use=l&cat=p&typeid=i","cat":284749},{"id":102695,"n":"Friandises chien Pedigree Ranchos original bœuf - 70g","p":2.55,"u":"36,43 €/KG","img":"https://fd13-photos.leclercdrive.fr/image.ashx?id=2897279&use=l&cat=p&typeid=i","cat":294527},{"id":102699,"n":"Billes chocolatées Lindt Crispy céréales soufflées - 140g","p":2.69,"u":"19,21 €/KG","img":"https://fd13-photos.leclercdrive.fr/image.ashx?id=2425083&use=l&cat=p&typeid=i","cat":304238},{"id":102819,"n":"Panaché Falsbourg Grenadine <0,5% - 20x25cl","p":5.99,"u":"1,20 €/L","img":"https://fd13-photos.leclercdrive.fr/image.ashx?id=2637964&use=l&cat=p&typeid=i","cat":334877},{"id":102829,"n":"Bandeaux Copains Copines Colorés - 200g","p":1.13,"u":"5,65 €/KG","img":"https://fd13-photos.leclercdrive.fr/image.ashx?id=2934745&use=l&cat=p&typeid=i","cat":304250},{"id":102834,"n":"Fils Copains Copines Colorés - 200g","p":1.09,"u":"5,45 €/KG","img":"https://fd13-photos.leclercdrive.fr/image.ashx?id=2409863&use=l&cat=p&typeid=i","cat":304250},{"id":103030,"n":"World Mix Haribo Boîte bonbons - 750g","p":5.9,"u":"7,87 €/KG","img":"https://fd13-photos.leclercdrive.fr/image.ashx?id=2984913&use=l&cat=p&typeid=i","cat":304250},{"id":103046,"n":"Céréales Trésor Kellogg's Chocolat Noisette - 750g","p":4.99,"u":"6,65 €/KG","img":"https://fd13-photos.leclercdrive.fr/image.ashx?id=2586291&use=l&cat=p&typeid=i","cat":309513},{"id":103047,"n":"Nutella Biscuit pâte à tartiner Cacao Noisettes - 304g","p":3.01,"u":"9,90 €/KG","img":"https://fd13-photos.leclercdrive.fr/image.ashx?id=2896432&use=l&cat=p&typeid=i","cat":284488},{"id":103052,"n":"Sardine sans peau Connetable Sans arrêtes Huile d'olive 140g","p":2.88,"u":"20,57 €/KG","img":"https://fd13-photos.leclercdrive.fr/image.ashx?id=2167964&use=l&cat=p&typeid=i","cat":305146},{"id":103063,"n":"Paille Pik Haribo Sachet bonbons acidulés - 180g","p":1.7,"u":"9,44 €/KG","img":"https://fd13-photos.leclercdrive.fr/image.ashx?id=2984922&use=l&cat=p&typeid=i","cat":304250},{"id":103078,"n":"Cocobat Haribo Sachet bonbons réglisse - 300g","p":1.84,"u":"6,13 €/KG","img":"https://fd13-photos.leclercdrive.fr/image.ashx?id=2805231&use=l&cat=p&typeid=i","cat":304250},{"id":103093,"n":"Beurre gastronomique Président Doux - 82% MG - 225g","p":2.97,"u":"13,20 €/KG","img":"https://fd13-photos.leclercdrive.fr/image.ashx?id=2653417&use=l&cat=p&typeid=i","cat":284379},{"id":103094,"n":"Crème légère semi épaisse  Bridélice 18%mg - 2x25cl","p":2.61,"u":"5,22 €/L","img":"https://fd13-photos.leclercdrive.fr/image.ashx?id=2806156&use=l&cat=p&typeid=i","cat":284381},{"id":103104,"n":"Crème entière 30% Président 2x25cl","p":3.78,"u":"7,56 €/L","img":"https://fd13-photos.leclercdrive.fr/image.ashx?id=2973577&use=l&cat=p&typeid=i","cat":284381},{"id":103131,"n":"Boisson lactée Danao Pêche Abricot - 1.35L","p":3.68,"u":"2,73 €/L","img":"https://fd13-photos.leclercdrive.fr/image.ashx?id=2638319&use=l&cat=p&typeid=i","cat":285435},{"id":103133,"n":"Boisson lactée Danao Orange Mangue - 900ml","p":2.75,"u":"3,06 €/L","img":"https://fd13-photos.leclercdrive.fr/image.ashx?id=2637219&use=l&cat=p&typeid=i","cat":285435},{"id":103144,"n":"Bière blonde Bud 5% - 6x25cl","p":4.82,"u":"3,21 €/L","img":"https://fd13-photos.leclercdrive.fr/image.ashx?id=2481032&use=l&cat=p&typeid=i","cat":334873},{"id":103149,"n":"Bananes françaises 5 fruits","p":2.39,"img":"https://fd13-photos.leclercdrive.fr/image.ashx?id=1746143&use=l&cat=p&typeid=i","cat":284356},{"id":103157,"n":"Rissolées Pom Bistro à la Graisse de Canard - 500g","p":4.03,"u":"8,06 €/KG","img":"https://fd13-photos.leclercdrive.fr/image.ashx?id=2866430&use=l&cat=p&typeid=i","cat":319792},{"id":103158,"n":"Tartine Grilletine de Pasquier Sans sucre ajouté - x18 - 255g","p":1.97,"u":"7,73 €/KG","img":"https://fd13-photos.leclercdrive.fr/image.ashx?id=2333057&use=l&cat=p&typeid=i","cat":284479},{"id":103183,"n":"Bières blonde Desperados Lime - 6x33cl","p":8.64,"u":"4,36 €/L","img":"https://fd13-photos.leclercdrive.fr/image.ashx?id=2638163&use=l&cat=p&typeid=i","cat":334878},{"id":103184,"n":"IGP Cidre doux Val de Rance De Dégustation Bretagne - 75cl","p":2.8,"u":"3,73 €/L","img":"https://fd13-photos.leclercdrive.fr/image.ashx?id=2020722&use=l&cat=p&typeid=i","cat":334880},{"id":103185,"n":"Eau minérale naturelle Volvic fontaine - 8L","p":2.88,"u":"0,36 €/L","img":"https://fd13-photos.leclercdrive.fr/image.ashx?id=2771675&use=l&cat=p&typeid=i","cat":284535},{"id":103186,"n":"Boisson Citronnade Jafaden 1.5L","p":1.31,"u":"0,87 €/L","img":"https://fd13-photos.leclercdrive.fr/image.ashx?id=2591415&use=l&cat=p&typeid=i","cat":295018},{"id":103189,"n":"IGP Cidre Brut Val de Rance De dégustation Bretagne 75cl","p":2.8,"u":"3,73 €/L","img":"https://fd13-photos.leclercdrive.fr/image.ashx?id=2020719&use=l&cat=p&typeid=i","cat":334880},{"id":103191,"n":"Bière sans alcool Tourtel Twist Pêche 0,0° - 6x27,5cl","p":3.97,"u":"2,41 €/L","img":"https://fd13-photos.leclercdrive.fr/image.ashx?id=2896564&use=l&cat=p&typeid=i","cat":334877},{"id":103197,"n":"Boisson thé infusé Fresh Tea Passion - 1L","p":0.99,"u":"0,99 €/L","img":"https://fd13-photos.leclercdrive.fr/image.ashx?id=2622278&use=l&cat=p&typeid=i","cat":295019},{"id":103198,"n":"Crème de cassis Sisca De Dijon 15%vol - 1L","p":8.24,"u":"8,24 €/L","img":"https://fd13-photos.leclercdrive.fr/image.ashx?id=2465289&use=l&cat=p&typeid=i","cat":286032},{"id":103227,"n":"Emincée de filet de poulet BBQ  Le Gaulois  - 180g","p":4.32,"u":"24,00 €/KG","img":"https://fd13-photos.leclercdrive.fr/image.ashx?id=2008640&use=l&cat=p&typeid=i","cat":284336},{"id":103269,"n":"Gaufres fourrées Lotus Coeur fondant vanille - 310g","p":2.82,"u":"9,10 €/KG","img":"https://fd13-photos.leclercdrive.fr/image.ashx?id=2695890&use=l&cat=p&typeid=i","cat":294777},{"id":103280,"n":"Sel marin Herbamare Bio - 275g","p":3.78,"u":"13,75 €/KG","img":"https://fd13-photos.leclercdrive.fr/image.ashx?id=2099744&use=l&cat=p&typeid=i","cat":284457},{"id":103283,"n":"IGP Cidre Bio Val de Rance Brut - 75cl","p":2.73,"u":"3,64 €/L","img":"https://fd13-photos.leclercdrive.fr/image.ashx?id=2277143&use=l&cat=p&typeid=i","cat":334880},{"id":103285,"n":"Poisson pané Findus Colin  Alaska Fish and Chips x4 - 400g","p":2.88,"u":"7,20 €/KG","img":"https://fd13-photos.leclercdrive.fr/image.ashx?id=2985348&use=l&cat=p&typeid=i","cat":319788},{"id":103300,"n":"Infusion Jardin Bio Digestion bio - 20 sachet - 28g","p":2.33,"u":"83,21 €/KG","img":"https://fd13-photos.leclercdrive.fr/image.ashx?id=2990685&use=l&cat=p&typeid=i","cat":293234},{"id":103302,"n":"Miel squeeze Jardin Biologique 250ml","p":3.72,"u":"14,88 €/L","img":"https://fd13-photos.leclercdrive.fr/image.ashx?id=2668572&use=l&cat=p&typeid=i","cat":287643},{"id":103307,"n":"Emincés de filet de poulet rôti Le Gaulois - 180g","p":4.05,"u":"22,50 €/KG","img":"https://fd13-photos.leclercdrive.fr/image.ashx?id=2732728&use=l&cat=p&typeid=i","cat":284336},{"id":103308,"n":"Bière Desperados Red Fut - 5L","p":22.28,"u":"4,46 €/L","img":"https://fd13-photos.leclercdrive.fr/image.ashx?id=2770404&use=l&cat=p&typeid=i","cat":334879},{"id":103315,"n":"AOP Côtes de Provence rosé Château Reillanne - 75cl","p":6.35,"u":"8,47 €/L","img":"https://fd13-photos.leclercdrive.fr/image.ashx?id=2669487&use=l&cat=p&typeid=i","cat":289558},{"id":103377,"n":"Cornichons bio Bio Village Vinaigre - 185g","p":2.4,"u":"12,97 €/KG","img":"https://fd13-photos.leclercdrive.fr/image.ashx?id=2974849&use=l&cat=p&typeid=i","cat":284458},{"id":103381,"n":"Whisky Grant's  Triple wood 40%vol - 70cl","p":13.59,"u":"19,41 €/L","img":"https://fd13-photos.leclercdrive.fr/image.ashx?id=2866022&use=l&cat=p&typeid=i","cat":284547},{"id":103384,"n":"IGP Whisky Grant's  Triple wood - 40%vol - 1L","p":17.28,"u":"17,28 €/L","img":"https://fd13-photos.leclercdrive.fr/image.ashx?id=2917531&use=l&cat=p&typeid=i","cat":284547},{"id":103451,"n":"Lingettes sensitive Pampers 4x52","p":5.99,"u":"0,03 €/P","img":"https://fd13-photos.leclercdrive.fr/image.ashx?id=2849280&use=l&cat=p&typeid=i","cat":284738},{"id":103452,"n":"Lingettes freshclean Pampers 4x52","p":5.6,"u":"0,03 €/P","img":"https://fd13-photos.leclercdrive.fr/image.ashx?id=2956667&use=l&cat=p&typeid=i","cat":284738},{"id":103453,"n":"Panaché Falsbourg Grenadine - <0,5% vol. - 6x25cl","p":2.71,"u":"1,81 €/L","img":"https://fd13-photos.leclercdrive.fr/image.ashx?id=2637961&use=l&cat=p&typeid=i","cat":334877},{"id":103470,"n":"Croquettes chat Purina One Poulet chat adulte - 450g","p":2.41,"u":"5,36 €/KG","img":"https://fd13-photos.leclercdrive.fr/image.ashx?id=2902265&use=l&cat=p&typeid=i","cat":284680},{"id":103472,"n":"Mousselines légumes Gourmet Pour chat - Gold - 12x85g","p":5.65,"u":"5,54 €/KG","img":"https://fd13-photos.leclercdrive.fr/image.ashx?id=2908321&use=l&cat=p&typeid=i","cat":285286},{"id":103479,"n":"Tartine Petit Dej Jacquet Complet - 410g","p":1.59,"u":"3,88 €/KG","img":"https://fd13-photos.leclercdrive.fr/image.ashx?id=2991849&use=l&cat=p&typeid=i","cat":284477},{"id":103500,"n":"Panaché Falsbourg <0.5% vol. - 20x25cl","p":5.95,"u":"1,19 €/L","img":"https://fd13-photos.leclercdrive.fr/image.ashx?id=2637970&use=l&cat=p&typeid=i","cat":334877},{"id":103501,"n":"Pochons prémium Plénima chat au Saumon / Dinde - 4x85g","p":1.76,"u":"5,18 €/KG","img":"https://fd13-photos.leclercdrive.fr/image.ashx?id=2361128&use=l&cat=p&typeid=i","cat":285286},{"id":103503,"n":"Capsules Nescafé Dolce Gusto  Espresso Intenso - x16","p":4.53,"u":"40,45 €/KG","img":"https://fd13-photos.leclercdrive.fr/image.ashx?id=3009110&use=l&cat=p&typeid=i","cat":293239},{"id":103505,"n":"Barre de céréales Nature Valley Protéine chocolat x4-160g","p":2.62,"u":"16,38 €/KG","img":"https://fd13-photos.leclercdrive.fr/image.ashx?id=2657000&use=l&cat=p&typeid=i","cat":285869},{"id":103509,"n":"Yaourt à boire Yop Aromatisé Fraise - 825g","p":1.67,"u":"2,02 €/KG","img":"https://fd13-photos.leclercdrive.fr/image.ashx?id=2855564&use=l&cat=p&typeid=i","cat":284415},{"id":103548,"n":"Galettes Le Glazik 200g","p":1.6,"u":"8,00 €/KG","img":"https://fd13-photos.leclercdrive.fr/image.ashx?id=2509391&use=l&cat=p&typeid=i","cat":284487},{"id":103549,"n":"Petit Glazik Framboise - x8 - 304g","p":2.98,"u":"9,80 €/KG","img":"https://fd13-photos.leclercdrive.fr/image.ashx?id=2509385&use=l&cat=p&typeid=i","cat":284478},{"id":103550,"n":"Petit Glazik Choco-noisette - x8 304g","p":3.6,"u":"11,84 €/KG","img":"https://fd13-photos.leclercdrive.fr/image.ashx?id=2509388&use=l&cat=p&typeid=i","cat":284478},{"id":103561,"n":"Barre de céréales Nature Valley  Protéine caramel salé x4 - 160","p":2.88,"u":"18,00 €/KG","img":"https://fd13-photos.leclercdrive.fr/image.ashx?id=2657003&use=l&cat=p&typeid=i","cat":285869},{"id":103563,"n":"Batonnets de glace Nuii Salted Caramel macadamia - 272g","p":4.4,"u":"16,18 €/KG","img":"https://fd13-photos.leclercdrive.fr/image.ashx?id=2506798&use=l&cat=p&typeid=i","cat":284265},{"id":103566,"n":"Batonnets de glaces Nuii Almond & java vanilla - x4","p":4.4,"u":"16,42 €/KG","img":"https://fd13-photos.leclercdrive.fr/image.ashx?id=2506801&use=l&cat=p&typeid=i","cat":284265},{"id":103621,"n":"Crème glacée Häagen-Dazs  Vanille pécan - 400g","p":4.82,"u":"12,05 €/KG","img":"https://fd13-photos.leclercdrive.fr/image.ashx?id=2893438&use=l&cat=p&typeid=i","cat":284725},{"id":103622,"n":"Crème glacée Häagen-Dazs Caramel speculoos Lotus - 400g","p":5.6,"u":"14,00 €/KG","img":"https://fd13-photos.leclercdrive.fr/image.ashx?id=2893441&use=l&cat=p&typeid=i","cat":284725},{"id":103657,"n":"Crème glacée Häagen-Dazs  Vanille noix macadamia - 400g","p":4.91,"u":"12,28 €/KG","img":"https://fd13-photos.leclercdrive.fr/image.ashx?id=2893444&use=l&cat=p&typeid=i","cat":284725},{"id":103665,"n":"Mini pots Häagen-Dazs  Caramel attraction x4 - 318g","p":5.66,"u":"17,63 €/KG","img":"https://fd13-photos.leclercdrive.fr/image.ashx?id=2992852&use=l&cat=p&typeid=i","cat":284725},{"id":103684,"n":"Mini pots Häagen-Dazs  Favorite selection x4 - 318g","p":5.72,"u":"17,99 €/KG","img":"https://fd13-photos.leclercdrive.fr/image.ashx?id=3000165&use=l&cat=p&typeid=i","cat":284725},{"id":103692,"n":"Crème glacée Häagen-Dazs  Beurre de cacahuètes - 400g","p":5.88,"u":"14,70 €/KG","img":"https://fd13-photos.leclercdrive.fr/image.ashx?id=2893507&use=l&cat=p&typeid=i","cat":284725},{"id":103719,"n":"Démêlant intensif Elsève Cheveu abîmé Dream Long - 180ml","p":3.48,"u":"19,33 €/L","img":"https://fd13-photos.leclercdrive.fr/image.ashx?id=2439284&use=l&cat=p&typeid=i","cat":284607},{"id":103726,"n":"Masque Violet Démêlant Elsève Color-Vive - 150ml","p":5.63,"u":"37,53 €/L","img":"https://fd13-photos.leclercdrive.fr/image.ashx?id=2439281&use=l&cat=p&typeid=i","cat":284608},{"id":103727,"n":"Déodorant bille Narta Homme  Magnesium protect 48h - 50ml","p":3.99,"u":"79,80 €/L","img":"https://fd13-photos.leclercdrive.fr/image.ashx?id=2457257&use=l&cat=p&typeid=i","cat":284618},{"id":103728,"n":"Shampoing Violet Elsève Color-Vive Déjaunisseur - 200ml","p":2.98,"u":"14,90 €/L","img":"https://fd13-photos.leclercdrive.fr/image.ashx?id=2278121&use=l&cat=p&typeid=i","cat":284606},{"id":103733,"n":"Gel multi-purifiant Men Expert Pur charbon - 100ml","p":4.95,"u":"49,50 €/L","img":"https://fd13-photos.leclercdrive.fr/image.ashx?id=2339030&use=l&cat=p&typeid=i","cat":284622},{"id":103734,"n":"Gel désincrustant Men Expert Anti-pores encrassés - 100ml","p":4.79,"u":"47,90 €/L","img":"https://fd13-photos.leclercdrive.fr/image.ashx?id=2458724&use=l&cat=p&typeid=i","cat":284603},{"id":103800,"n":"Bière blonde Leffe  6,6% - 12x25cl","p":9.28,"u":"3,09 €/L","img":"https://fd13-photos.leclercdrive.fr/image.ashx?id=2995424&use=l&cat=p&typeid=i","cat":334852},{"id":103806,"n":"Sac poubelle 30L Alfapac Ultra résistant Poignées - x15","p":2.8,"u":"0,19 €/P","img":"https://fd13-photos.leclercdrive.fr/image.ashx?id=2526887&use=l&cat=p&typeid=i","cat":285168},{"id":103813,"n":"Yaourt à boire Yop Aromatisé Vanille - 825g","p":1.7,"u":"2,06 €/KG","img":"https://fd13-photos.leclercdrive.fr/image.ashx?id=2855570&use=l&cat=p&typeid=i","cat":284415},{"id":103816,"n":"Bâtonnets Trium   Poire chocolat - x4 - 302g","p":3.46,"u":"11,46 €/KG","img":"https://fd13-photos.leclercdrive.fr/image.ashx?id=2920779&use=l&cat=p&typeid=i","cat":284265},{"id":103821,"n":"Glace cônes Smicy Bonbons - x8 - 328g","p":2.76,"u":"8,41 €/KG","img":"https://fd13-photos.leclercdrive.fr/image.ashx?id=2698174&use=l&cat=p&typeid=i","cat":285250},{"id":103822,"n":"Pizza Crousti Moelleuse Extrême Marie Tartiflette - 550g","p":3.87,"u":"7,04 €/KG","img":"https://fd13-photos.leclercdrive.fr/image.ashx?id=2996764&use=l&cat=p&typeid=i","cat":284256},{"id":103826,"n":"Cône Extrême Vanille praline - x6 -426g","p":3.56,"u":"8,36 €/KG","img":"https://fd13-photos.leclercdrive.fr/image.ashx?id=2838422&use=l&cat=p&typeid=i","cat":284264},{"id":103844,"n":"IGP Ile de Beauté vin rosé Terres Ocrées 12% vol - 75cl","p":3.99,"u":"5,32 €/L","img":"https://fd13-photos.leclercdrive.fr/image.ashx?id=2846526&use=l&cat=p&typeid=i","cat":289558},{"id":103891,"n":"Crème glacée Häagen-Dazs  Caramel au beurre salé - 400g","p":4.95,"u":"12,38 €/KG","img":"https://fd13-photos.leclercdrive.fr/image.ashx?id=2893435&use=l&cat=p&typeid=i","cat":284725},{"id":103914,"n":"Whisky Bushmill's Classic 40%vol - 70cl","p":18.75,"pp":15.0,"u":"21,43 €/L","img":"https://fd13-photos.leclercdrive.fr/image.ashx?id=2484449&use=l&cat=p&typeid=i","cat":284547},{"id":103918,"n":"Bâtonnets  Maple  Peanut Butter et candian - x4","p":4.7,"u":"1,18 €/P","img":"https://fd13-photos.leclercdrive.fr/image.ashx?id=2506810&use=l&cat=p&typeid=i","cat":284265},{"id":103919,"n":"Bâtonnets  Nuii Idaho Valley  Cookies mint x4 - 244g","p":4.86,"u":"19,92 €/KG","img":"https://fd13-photos.leclercdrive.fr/image.ashx?id=2506807&use=l&cat=p&typeid=i","cat":284265},{"id":103922,"n":"Batonnets Nuii White chocolate&scandinavia x4","p":4.29,"u":"1,07 €/P","img":"https://fd13-photos.leclercdrive.fr/image.ashx?id=2922149&use=l&cat=p&typeid=i","cat":284265},{"id":103945,"n":"Escalope de dinde Le Gaulois Oui C'est Bon x2 - 240g","p":3.64,"u":"15,17 €/KG","img":"https://fd13-photos.leclercdrive.fr/image.ashx?id=2605580&use=l&cat=p&typeid=i","cat":284337},{"id":103949,"n":"Nettoyant universel anti-traces 750ml","p":2.95,"u":"3,93 €/L","img":"https://fd13-photos.leclercdrive.fr/image.ashx?id=3000731&use=l&cat=p&typeid=i","cat":325357},{"id":103951,"n":"Spray décapant Briochin Anti-moisissures - 500ml","p":5.38,"u":"10,76 €/L","img":"https://fd13-photos.leclercdrive.fr/image.ashx?id=2056987&use=l&cat=p&typeid=i","cat":325357},{"id":103952,"n":"Percarbonate de soude poudre  blanchissante Ecocert - 500g","p":5.48,"u":"10,96 €/KG","img":"https://fd13-photos.leclercdrive.fr/image.ashx?id=3011392&use=l&cat=p&typeid=i","cat":325365},{"id":103954,"n":"Nettoyant carrelage Briochin Ecocert - 1L","p":3.16,"u":"3,16 €/L","img":"https://fd13-photos.leclercdrive.fr/image.ashx?id=2342887&use=l&cat=p&typeid=i","cat":325357},{"id":103956,"n":"Super décapant Briochin Pour inserts - 500ml","p":4.79,"u":"9,58 €/L","img":"https://fd13-photos.leclercdrive.fr/image.ashx?id=3002090&use=l&cat=p&typeid=i","cat":325357},{"id":103957,"n":"Pierre du droguiste Briochin Ecocert - 300g","p":6.99,"u":"23,30 €/KG","img":"https://fd13-photos.leclercdrive.fr/image.ashx?id=3011395&use=l&cat=p&typeid=i","cat":325365},{"id":103969,"n":"Escalope de dinde Le Gaulois Fine - Oui C'est Bon x2 - 240g","p":4.47,"u":"18,63 €/KG","img":"https://fd13-photos.leclercdrive.fr/image.ashx?id=2605574&use=l&cat=p&typeid=i","cat":284337},{"id":103991,"n":"Pâtes De Cecco Spaghetti n°12  - 500g","p":1.55,"u":"3,10 €/KG","img":"https://fd13-photos.leclercdrive.fr/image.ashx?id=2974033&use=l&cat=p&typeid=i","cat":284427},{"id":103993,"n":"IGP Méditerranée rosé St Sagnol - 75cl","p":3.7,"u":"4,93 €/L","img":"https://fd13-photos.leclercdrive.fr/image.ashx?id=2923768&use=l&cat=p&typeid=i","cat":289558},{"id":103998,"n":"Adoucissant L'Arbre vert Peaux sensibles x53 - 800ml","p":3.02,"u":"3,78 €/L","img":"https://fd13-photos.leclercdrive.fr/image.ashx?id=2312865&use=l&cat=p&typeid=i","cat":284650},{"id":104008,"n":"Jus innocent tutti frutti 900ml","p":2.83,"u":"3,14 €/L","img":"https://fd13-photos.leclercdrive.fr/image.ashx?id=2861737&use=l&cat=p&typeid=i","cat":285435},{"id":104025,"n":"Shampooing Le Petit Olivier Karité / Argan - 250 ml","p":2.83,"u":"11,32 €/KG","img":"https://fd13-photos.leclercdrive.fr/image.ashx?id=1670646&use=l&cat=p&typeid=i","cat":284606},{"id":104030,"n":"Spray démélant Le Petit Olivier Olive / karité / argan - 150 ml","p":3.87,"u":"25,80 €/L","img":"https://fd13-photos.leclercdrive.fr/image.ashx?id=1670655&use=l&cat=p&typeid=i","cat":284607},{"id":104053,"n":"Perle duo Gourmet Poisson et viandes - 12x85g","p":6.45,"u":"6,32 €/KG","img":"https://fd13-photos.leclercdrive.fr/image.ashx?id=2861761&use=l&cat=p&typeid=i","cat":285286},{"id":104062,"n":"Brioches Doowap Harrys X8 -320g Pépites choco sans additif","p":2.29,"u":"7,16 €/KG","img":"https://fd13-photos.leclercdrive.fr/image.ashx?id=2502998&use=l&cat=p&typeid=i","cat":293505},{"id":104069,"n":"Fruits au sirop St Mamet Ananas Mandarine - 4x80g","p":3.68,"u":"11,50 €/KG","img":"https://fd13-photos.leclercdrive.fr/image.ashx?id=2429227&use=l&cat=p&typeid=i","cat":284507},{"id":104073,"n":"100% Pur Jus Jafaden Pamplemousse- 1L","p":1.99,"u":"1,99 €/L","img":"https://fd13-photos.leclercdrive.fr/image.ashx?id=2956771&use=l&cat=p&typeid=i","cat":284914},{"id":104087,"n":"IGP Méditerranée vin rosé Terres Ocrées - 75cl","p":2.75,"u":"3,67 €/L","img":"https://fd13-photos.leclercdrive.fr/image.ashx?id=2894743&use=l&cat=p&typeid=i","cat":289558},{"id":104089,"n":"AOP Champagne Fondateur Vranken Brut - 75cl","p":17.9,"u":"23,87 €/L","img":"https://fd13-photos.leclercdrive.fr/image.ashx?id=2662012&use=l&cat=p&typeid=i","cat":284542},{"id":104090,"n":"Bouillon Cube Bio Maggi Volaille - 80g","p":1.84,"u":"23,00 €/KG","img":"https://fd13-photos.leclercdrive.fr/image.ashx?id=2882923&use=l&cat=p&typeid=i","cat":288379},{"id":104091,"n":"Bouillon Bio Cube Maggi Légumes - 80g","p":1.73,"u":"21,63 €/KG","img":"https://fd13-photos.leclercdrive.fr/image.ashx?id=2737786&use=l&cat=p&typeid=i","cat":288379},{"id":104092,"n":"Tagada Zip Fraîcheur Haribo Sachet bonbons - 220g","p":1.36,"u":"6,18 €/KG","img":"https://fd13-photos.leclercdrive.fr/image.ashx?id=2802359&use=l&cat=p&typeid=i","cat":304250},{"id":104097,"n":"Fruits au sirop St Mamet Pêche douceur - 4x65g","p":3.07,"u":"11,81 €/KG","img":"https://fd13-photos.leclercdrive.fr/image.ashx?id=2429224&use=l&cat=p&typeid=i","cat":284507},{"id":104105,"n":"Cerneaux de noix pécan Vahiné 50g","p":1.84,"u":"36,80 €/KG","img":"https://fd13-photos.leclercdrive.fr/image.ashx?id=2474314&use=l&cat=p&typeid=i","cat":284504},{"id":104109,"n":"Les Timbales Gourmet Gold Boeuf plet saumon - 12x85g","p":6.37,"u":"6,25 €/KG","img":"https://fd13-photos.leclercdrive.fr/image.ashx?id=2861764&use=l&cat=p&typeid=i","cat":285286},{"id":104110,"n":"Fruits au sirop St Mamet Cocktail de fruits - 4x65g","p":2.99,"u":"11,50 €/KG","img":"https://fd13-photos.leclercdrive.fr/image.ashx?id=2429230&use=l&cat=p&typeid=i","cat":284507},{"id":104114,"n":"Brioches Doowap Harrys X8 -320g Pépites choco lait sans additif","p":2.29,"u":"7,16 €/KG","img":"https://fd13-photos.leclercdrive.fr/image.ashx?id=2503004&use=l&cat=p&typeid=i","cat":293505},{"id":104116,"n":"Galettes Sablés La Mère Poulard St-Michel - 125g","p":1.02,"u":"8,16 €/KG","img":"https://fd13-photos.leclercdrive.fr/image.ashx?id=2911384&use=l&cat=p&typeid=i","cat":284487},{"id":104117,"n":"Palets pur beurre Mère Poulard 125g","p":1.26,"u":"10,08 €/KG","img":"https://fd13-photos.leclercdrive.fr/image.ashx?id=2907018&use=l&cat=p&typeid=i","cat":284487},{"id":104121,"n":"Noix de cajou Benenuts Grillées à sec -165g","p":4.09,"u":"24,79 €/KG","img":"https://fd13-photos.leclercdrive.fr/image.ashx?id=2391786&use=l&cat=p&typeid=i","cat":284448},{"id":104133,"n":"Pépites chocolat au lait Vahiné 200g","p":3.65,"u":"18,25 €/KG","img":"https://fd13-photos.leclercdrive.fr/image.ashx?id=2559784&use=l&cat=p&typeid=i","cat":284504},{"id":104193,"n":"Coton-tiges Inell Recharge Tiges papier - x160","p":0.41,"img":"https://fd13-photos.leclercdrive.fr/image.ashx?id=2440775&use=l&cat=p&typeid=i","cat":284636},{"id":104194,"n":"Coton-tige Lotus Bio - x160 bâtonnets","p":0.73,"img":"https://fd13-photos.leclercdrive.fr/image.ashx?id=2506840&use=l&cat=p&typeid=i","cat":284636},{"id":104245,"n":"Pizzas Crousti Moelleuse Marie 4 fromages 2+1 offerte 1.530kg","p":6.47,"u":"4,23 €/KG","img":"https://fd13-photos.leclercdrive.fr/image.ashx?id=1876709&use=l&cat=p&typeid=i","cat":284256},{"id":104248,"n":"Pizzas Crousti Moelleuse Marie Extrême Américaine 2+ 1 offerte","p":6.47,"u":"4,07 €/KG","img":"https://fd13-photos.leclercdrive.fr/image.ashx?id=2996659&use=l&cat=p&typeid=i","cat":284256},{"id":104290,"n":"Pain de mie Schär - Vital Sans gluten - 350g","p":3.86,"u":"11,03 €/KG","img":"https://fd13-photos.leclercdrive.fr/image.ashx?id=2674890&use=l&cat=p&typeid=i","cat":318654},{"id":104293,"n":"Pépites chunks Vahine 3 chocolats - 100g","p":2.33,"u":"23,30 €/KG","img":"https://fd13-photos.leclercdrive.fr/image.ashx?id=2559871&use=l&cat=p&typeid=i","cat":284504},{"id":104306,"n":"Fromage Bleu de brebis Société  110g","p":2.37,"u":"21,55 €/KG","img":"https://fd13-photos.leclercdrive.fr/image.ashx?id=2729725&use=l&cat=p&typeid=i","cat":314032},{"id":104324,"n":"Pâtes de Fruits GERBLE   -  6 sachets 162g","p":2.99,"u":"18,46 €/KG","img":"https://fd13-photos.leclercdrive.fr/image.ashx?id=2664082&use=l&cat=p&typeid=i","cat":318652},{"id":104348,"n":"AOC Crémant d'Alsace brut Henri Ehrhart - 75cl","p":8.15,"u":"10,87 €/L","img":"https://fd13-photos.leclercdrive.fr/image.ashx?id=2180076&use=l&cat=p&typeid=i","cat":284545},{"id":104349,"n":"AOP Cabernet d'Anjou rosé Plessis-Duval - 3L","p":15.69,"u":"5,23 €/L","img":"https://fd13-photos.leclercdrive.fr/image.ashx?id=2941038&use=l&cat=p&typeid=i","cat":289558},{"id":104365,"n":"Nouilles Ramen Tanoshi Poulet Teriyaki - 360g","p":2.99,"u":"8,31 €/KG","img":"https://fd13-photos.leclercdrive.fr/image.ashx?id=2912062&use=l&cat=p&typeid=i","cat":288992},{"id":104412,"n":"Le paté Henaff Bio - 76g","p":1.47,"u":"19,34 €/KG","img":"https://fd13-photos.leclercdrive.fr/image.ashx?id=2432770&use=l&cat=p&typeid=i","cat":305149},{"id":104468,"n":"Fromage apéritif Apéricube Long drink 48 cubes","p":4.17,"u":"16,68 €/KG","img":"https://fd13-photos.leclercdrive.fr/image.ashx?id=2882674&use=l&cat=p&typeid=i","cat":314027},{"id":104470,"n":"Fromage apéritif Apéricube Tonic 48 cubes","p":4.2,"u":"16,80 €/KG","img":"https://fd13-photos.leclercdrive.fr/image.ashx?id=2882677&use=l&cat=p&typeid=i","cat":314027},{"id":104471,"n":"Fromage apéritif Apericube  Cocktail 48 cubes","p":4.17,"u":"16,68 €/KG","img":"https://fd13-photos.leclercdrive.fr/image.ashx?id=2882680&use=l&cat=p&typeid=i","cat":314027},{"id":104484,"n":"Tropicana Jus d'orange Avec Pulpe - 90cl","p":2.78,"u":"3,09 €/L","img":"https://fd13-photos.leclercdrive.fr/image.ashx?id=3011140&use=l&cat=p&typeid=i","cat":285435},{"id":104485,"n":"Tropicana Jus d'orange Sans pulpe - 90cl","p":2.49,"u":"2,77 €/L","img":"https://fd13-photos.leclercdrive.fr/image.ashx?id=2524266&use=l&cat=p&typeid=i","cat":285435},{"id":104554,"n":"Crème dessert Danette Chocolat Vanille - 16x115g","p":3.82,"u":"2,08 €/KG","img":"https://fd13-photos.leclercdrive.fr/image.ashx?id=2938629&use=l&cat=p&typeid=i","cat":285041},{"id":104561,"n":"Bâtonnet Yeti parfums fous  x24 - 1.2L","p":4.11,"u":"3,43 €/L","img":"https://fd13-photos.leclercdrive.fr/image.ashx?id=2314107&use=l&cat=p&typeid=i","cat":285250},{"id":104606,"n":"Truite fumée Landvika 2 minis tranches - 60g","p":2.61,"u":"43,50 €/KG","img":"https://fd13-photos.leclercdrive.fr/image.ashx?id=2917855&use=l&cat=p&typeid=i","cat":285188},{"id":104609,"n":"Thon entier Petit Navire Au naturel - MSC - 2x56g","p":2.49,"u":"22,23 €/KG","img":"https://fd13-photos.leclercdrive.fr/image.ashx?id=2909977&use=l&cat=p&typeid=i","cat":303867},{"id":104674,"n":"Eau gazeuse aromatisée Badoit Citron fraise - 1L","p":1.2,"u":"1,20 €/L","img":"https://fd13-photos.leclercdrive.fr/image.ashx?id=2730664&use=l&cat=p&typeid=i","cat":284536},{"id":104724,"n":"Escalope de dinde Le Gaulois Fine - Oui c'est bon- x1 - 120g","p":2.24,"u":"18,67 €/KG","img":"https://fd13-photos.leclercdrive.fr/image.ashx?id=2603297&use=l&cat=p&typeid=i","cat":284337},{"id":104863,"n":"Céréales Bio Lion de Nestlé Caramel / Chocolat - 400g","p":3.19,"u":"7,98 €/KG","img":"https://fd13-photos.leclercdrive.fr/image.ashx?id=2792939&use=l&cat=p&typeid=i","cat":309513},{"id":104880,"n":"Barres Céréales Extra Kellogg's Chocolat au lait - 4x32g","p":2.81,"u":"21,95 €/KG","img":"https://fd13-photos.leclercdrive.fr/image.ashx?id=2736610&use=l&cat=p&typeid=i","cat":285869},{"id":104888,"n":"Miettes de Thon Eco + Huile - 104g","p":0.83,"u":"7,98 €/KG","img":"https://fd13-photos.leclercdrive.fr/image.ashx?id=2824241&use=l&cat=p&typeid=i","cat":303867},{"id":104889,"n":"Sardines Connetable Nature - 95g","p":1.95,"u":"20,53 €/KG","img":"https://fd13-photos.leclercdrive.fr/image.ashx?id=2664115&use=l&cat=p&typeid=i","cat":305146},{"id":105016,"n":"Serviette hygiénique Always Platinum normal x24","p":4.08,"img":"https://fd13-photos.leclercdrive.fr/image.ashx?id=2884102&use=l&cat=p&typeid=i","cat":284624},{"id":105033,"n":"Crème entière semi-épaisse UHT 30% MG - Président - 1L","p":5.37,"u":"5,37 €/L","img":"https://fd13-photos.leclercdrive.fr/image.ashx?id=2971580&use=l&cat=p&typeid=i","cat":284381},{"id":105035,"n":"Whisky Ardbeg 10 ans 46%vol - 70cl","p":50.39,"u":"71,99 €/L","img":"https://fd13-photos.leclercdrive.fr/image.ashx?id=2749500&use=l&cat=p&typeid=i","cat":284547},{"id":105072,"n":"Bonbon Dracula Trolli Le sachet de 200g","p":1.58,"u":"7,90 €/KG","img":"https://fd13-photos.leclercdrive.fr/image.ashx?id=2684719&use=l&cat=p&typeid=i","cat":304250},{"id":105117,"n":"Aguacana cachaça 37.5%vol - 70cl","p":13.85,"u":"19,79 €/L","img":"https://fd13-photos.leclercdrive.fr/image.ashx?id=2961801&use=l&cat=p&typeid=i","cat":284550},{"id":105119,"n":"AOP Champagne Brut Piper Heidsieck - 75cl","p":29.66,"u":"39,55 €/L","img":"https://fd13-photos.leclercdrive.fr/image.ashx?id=2431548&use=l&cat=p&typeid=i","cat":284542},{"id":105123,"n":"Vermouth Noilly Prat Original 18° - 70cl","p":11.5,"u":"15,33 €/L","img":"https://fd13-photos.leclercdrive.fr/image.ashx?id=2858174&use=l&cat=p&typeid=i","cat":284913},{"id":105136,"n":"Jambon supérieur Tradilège S/nitrite Découenne - x6 - 210g","p":2.88,"u":"13,71 €/KG","img":"https://fd13-photos.leclercdrive.fr/image.ashx?id=2253081&use=l&cat=p&typeid=i","cat":316009},{"id":105137,"n":"Jambon supérieur Tradilège Sans nitrite x4 - 140g","p":2.15,"u":"15,36 €/KG","img":"https://fd13-photos.leclercdrive.fr/image.ashx?id=2253078&use=l&cat=p&typeid=i","cat":316009},{"id":105139,"n":"Collant Body Touch Dim Opaque noir - Taille 1","p":8.5,"img":"https://fd13-photos.leclercdrive.fr/image.ashx?id=2876089&use=l&cat=p&typeid=i","cat":334130},{"id":105140,"n":"Jambon supérieur Tradilège Découenne S/nitrite - x2 - 70g","p":1.3,"u":"18,57 €/KG","img":"https://fd13-photos.leclercdrive.fr/image.ashx?id=2253075&use=l&cat=p&typeid=i","cat":316009},{"id":105158,"n":"Tequila Blanco Tiscaz Tatoo+cône - 35%vol - 70cl","p":14.21,"u":"20,30 €/L","img":"https://fd13-photos.leclercdrive.fr/image.ashx?id=2019468&use=l&cat=p&typeid=i","cat":284550},{"id":105168,"n":"Captain Morgan Original Spiced Boisson à base de rhum - 1L","p":19.79,"u":"19,79 €/L","img":"https://fd13-photos.leclercdrive.fr/image.ashx?id=2586285&use=l&cat=p&typeid=i","cat":284551},{"id":105180,"n":"Whisky Bowmore 15ans darkest - 43%vol -  70cl","p":55.0,"u":"78,57 €/L","img":"https://fd13-photos.leclercdrive.fr/image.ashx?id=1733146&use=l&cat=p&typeid=i","cat":284547},{"id":105183,"n":"Burger Le Chicken Daunat  Poulet Cheddar - 180g","p":3.56,"u":"19,78 €/KG","img":"https://fd13-photos.leclercdrive.fr/image.ashx?id=2967178&use=l&cat=p&typeid=i","cat":333671},{"id":105185,"n":"Compote Charles & Alice Pommes Myrtilles - 4x97g","p":1.88,"u":"4,85 €/KG","img":"https://fd13-photos.leclercdrive.fr/image.ashx?id=2900899&use=l&cat=p&typeid=i","cat":284416},{"id":105196,"n":"Dessert fruitier Fraise Andros En morceaux - 4x100g","p":2.57,"u":"6,43 €/KG","img":"https://fd13-photos.leclercdrive.fr/image.ashx?id=2845467&use=l&cat=p&typeid=i","cat":284416},{"id":105202,"n":"Collant Body Touch Dim Opaque noir - Taille 2","p":8.5,"img":"https://fd13-photos.leclercdrive.fr/image.ashx?id=2560654&use=l&cat=p&typeid=i","cat":334130},{"id":105203,"n":"Collant Body Touch Dim Opaque noir - Taille 3","p":8.5,"img":"https://fd13-photos.leclercdrive.fr/image.ashx?id=2560657&use=l&cat=p&typeid=i","cat":334130},{"id":105206,"n":"Collant Diam's opaque Dim Jambes fuselées Noir - Taille 1","p":8.5,"img":"https://fd13-photos.leclercdrive.fr/image.ashx?id=2639314&use=l&cat=p&typeid=i","cat":334130},{"id":105207,"n":"Collant Diam's opaque Dim Jambes fuselées Noir - Taille 2","p":8.5,"img":"https://fd13-photos.leclercdrive.fr/image.ashx?id=2639317&use=l&cat=p&typeid=i","cat":334130},{"id":105209,"n":"Collant Diam's opaque Dim Jambes fuselées Noir - Taille 4","p":8.5,"img":"https://fd13-photos.leclercdrive.fr/image.ashx?id=2639323&use=l&cat=p&typeid=i","cat":334130},{"id":105212,"n":"Collant Beauty Resist Dim Opaque noir - Taille 2","p":5.5,"img":"https://fd13-photos.leclercdrive.fr/image.ashx?id=2841006&use=l&cat=p&typeid=i","cat":334130},{"id":105213,"n":"Collant Beauty Resist Dim Opaque noir - Taille 3","p":5.5,"img":"https://fd13-photos.leclercdrive.fr/image.ashx?id=2534959&use=l&cat=p&typeid=i","cat":334130},{"id":105214,"n":"Boulettes Garden Gourmet légumes 200g","p":2.45,"u":"12,25 €/KG","img":"https://fd13-photos.leclercdrive.fr/image.ashx?id=2986903&use=l&cat=p&typeid=i","cat":316036},{"id":105215,"n":"Collant Beauty Resist Dim Opaque noir - Taille 4","p":5.5,"img":"https://fd13-photos.leclercdrive.fr/image.ashx?id=2841009&use=l&cat=p&typeid=i","cat":334130},{"id":105223,"n":"Glaces cônes Eco+ Vanille - x8 - 556g","p":2.0,"u":"3,60 €/KG","img":"https://fd13-photos.leclercdrive.fr/image.ashx?id=2742682&use=l&cat=p&typeid=i","cat":284264},{"id":105224,"n":"Gnocchi à poêler Lustucru Extra Mozzarella Tomate - 280g","p":2.56,"u":"9,14 €/KG","img":"https://fd13-photos.leclercdrive.fr/image.ashx?id=2999994&use=l&cat=p&typeid=i","cat":333682},{"id":105399,"n":"Lait demi-écrémé GrandLait Ferme sélectionnée - 1L","p":1.31,"u":"1,31 €/L","img":"https://fd13-photos.leclercdrive.fr/image.ashx?id=2916177&use=l&cat=p&typeid=i","cat":285609},{"id":105427,"n":"Beurre gastronomique Président Demi-sel - 80% MG - 225g","p":2.95,"u":"13,11 €/KG","img":"https://fd13-photos.leclercdrive.fr/image.ashx?id=2740553&use=l&cat=p&typeid=i","cat":284379},{"id":105486,"n":"AOP Champagne Brut Tsarine 75cl","p":32.65,"u":"43,53 €/L","img":"https://fd13-photos.leclercdrive.fr/image.ashx?id=2741096&use=l&cat=p&typeid=i","cat":284542},{"id":105647,"n":"Lait brebis demi-écrémé Lactel UHT Bouteille - 1l","p":4.05,"u":"4,05 €/L","img":"https://fd13-photos.leclercdrive.fr/image.ashx?id=2876626&use=l&cat=p&typeid=i","cat":295251},{"id":105692,"n":"Bière blonde de Goudale Project Hop Lager - 5.2%vol - 6x25cl","p":5.09,"u":"3,39 €/L","img":"https://fd13-photos.leclercdrive.fr/image.ashx?id=2939523&use=l&cat=p&typeid=i","cat":334852},{"id":105694,"n":"Bière blonde Goudale Project Circus triple - 9%vol - 6x25cl","p":6.32,"u":"4,21 €/L","img":"https://fd13-photos.leclercdrive.fr/image.ashx?id=2939526&use=l&cat=p&typeid=i","cat":334852},{"id":105742,"n":"Poivre création moulin Ducros 34g","p":2.8,"u":"82,35 €/KG","img":"https://fd13-photos.leclercdrive.fr/image.ashx?id=2354407&use=l&cat=p&typeid=i","cat":284457},{"id":105810,"n":"Coulis de tomate 680g","p":2.26,"u":"3,32 €/KG","img":"https://fd13-photos.leclercdrive.fr/image.ashx?id=2994539&use=l&cat=p&typeid=i","cat":289010},{"id":105867,"n":"AOC Bourgogne Chardonnay Blanc Bouchard Ainé & Fils - 75cl","p":5.95,"u":"7,93 €/L","img":"https://fd13-photos.leclercdrive.fr/image.ashx?id=2917825&use=l&cat=p&typeid=i","cat":289557},{"id":106006,"n":"Pur jus de pomme Jafaden 2L","p":2.29,"u":"1,15 €/L","img":"https://fd13-photos.leclercdrive.fr/image.ashx?id=2956774&use=l&cat=p&typeid=i","cat":284522},{"id":106026,"n":"Matière grasse Rustica cuisson et patisserie -500G","p":2.79,"u":"5,58 €/KG","img":"https://fd13-photos.leclercdrive.fr/image.ashx?id=2904586&use=l&cat=p&typeid=i","cat":315229},{"id":106033,"n":"Taille-crayon à 2 têtes Maped Bleu - avec réserve - x1","p":1.35,"img":"https://fd13-photos.leclercdrive.fr/image.ashx?id=1690517&use=l&cat=p&typeid=i","cat":334133},{"id":106041,"n":"Graine de Tournesol Happy Bio Bio 250g","p":3.71,"u":"14,84 €/KG","img":"https://fd13-photos.leclercdrive.fr/image.ashx?id=2970999&use=l&cat=p&typeid=i","cat":284357},{"id":106043,"n":"Sauce mayonnaise Morin 135g","p":1.65,"u":"12,22 €/KG","img":"https://fd13-photos.leclercdrive.fr/image.ashx?id=2108801&use=l&cat=p&typeid=i","cat":284382},{"id":106045,"n":"Taille-crayon à 2 têtes Maped Vert - avec réserve - x1","p":1.35,"img":"https://fd13-photos.leclercdrive.fr/image.ashx?id=1690520&use=l&cat=p&typeid=i","cat":334133},{"id":106048,"n":"Taille-crayon à 2 têtes Maped Violet et rose - avec réserve","p":1.35,"img":"https://fd13-photos.leclercdrive.fr/image.ashx?id=1690523&use=l&cat=p&typeid=i","cat":334133},{"id":106050,"n":"Taille-crayon à 2 têtes Maped Bleu avec réserve igloo - x1","p":1.35,"img":"https://fd13-photos.leclercdrive.fr/image.ashx?id=1690526&use=l&cat=p&typeid=i","cat":334133},{"id":106055,"n":"Taille-crayon à 2 têtes Maped Rose avec réserve igloo - x1","p":1.35,"img":"https://fd13-photos.leclercdrive.fr/image.ashx?id=1690529&use=l&cat=p&typeid=i","cat":334133},{"id":106057,"n":"Taille-crayon à 2 têtes Maped Vert avec réserve igloo - x1","p":1.35,"img":"https://fd13-photos.leclercdrive.fr/image.ashx?id=1690532&use=l&cat=p&typeid=i","cat":334133},{"id":106059,"n":"Paire de ciseaux Zenoa Maped Asymétrique - Bleu - 13cm","p":2.05,"img":"https://fd13-photos.leclercdrive.fr/image.ashx?id=1690535&use=l&cat=p&typeid=i","cat":334133},{"id":106064,"n":"Paire de ciseaux Zenoa Maped Asymétrique - Orange - 13cm","p":2.05,"img":"https://fd13-photos.leclercdrive.fr/image.ashx?id=1690538&use=l&cat=p&typeid=i","cat":334133},{"id":106065,"n":"Paire de ciseaux Zenoa Maped Asymétrique - Rose - 13cm","p":2.05,"img":"https://fd13-photos.leclercdrive.fr/image.ashx?id=1690541&use=l&cat=p&typeid=i","cat":334133},{"id":106096,"n":"Porte-mines rechargeable Bic Blanc 2mm HB 1+6 mines offertes","p":5.08,"img":"https://fd13-photos.leclercdrive.fr/image.ashx?id=1938531&use=l&cat=p&typeid=i","cat":284696},{"id":106099,"n":"Porte-mines rechargeable Bic Noir 2mm HB 1+6 mines offertes","p":5.08,"img":"https://fd13-photos.leclercdrive.fr/image.ashx?id=1938528&use=l&cat=p&typeid=i","cat":284696},{"id":106146,"n":"Bière sans alcool Tourtel Twist Mangue Passion 0,0° - 6x27,5cl","p":4.89,"u":"2,96 €/L","img":"https://fd13-photos.leclercdrive.fr/image.ashx?id=2730727&use=l&cat=p&typeid=i","cat":334877},{"id":106265,"n":"Edulcorant Pure Via Stick x40 - 60g","p":2.96,"u":"49,33 €/KG","img":"https://fd13-photos.leclercdrive.fr/image.ashx?id=2590598&use=l&cat=p&typeid=i","cat":324846},{"id":106267,"n":"Gâteaux chocolat Pépito Chocolait'o - 180g","p":2.09,"u":"11,61 €/KG","img":"https://fd13-photos.leclercdrive.fr/image.ashx?id=2828772&use=l&cat=p&typeid=i","cat":284495},{"id":106271,"n":"Sucre Doypack Pure Via Poudre cristalisée - 250g","p":5.65,"u":"22,60 €/KG","img":"https://fd13-photos.leclercdrive.fr/image.ashx?id=2805381&use=l&cat=p&typeid=i","cat":324846},{"id":106274,"n":"Croustilles Party Belin Emmental - 210g","p":1.95,"u":"9,29 €/KG","img":"https://fd13-photos.leclercdrive.fr/image.ashx?id=2961263&use=l&cat=p&typeid=i","cat":284449},{"id":106350,"n":"Prosecco Riccadonna Blanc 3x20cl","p":7.76,"u":"12,93 €/L","img":"https://fd13-photos.leclercdrive.fr/image.ashx?id=2663087&use=l&cat=p&typeid=i","cat":289461},{"id":106471,"n":"Plat bébé soir Blédichef 15mois Poireau pomme de terre - 250g","p":1.8,"u":"7,20 €/KG","img":"https://fd13-photos.leclercdrive.fr/image.ashx?id=2143681&use=l&cat=p&typeid=i","cat":312239},{"id":106473,"n":"Repas bébé Blédichef 15 mois Patate légumes poulet - 250g","p":1.86,"u":"7,44 €/KG","img":"https://fd13-photos.leclercdrive.fr/image.ashx?id=2877703&use=l&cat=p&typeid=i","cat":312238},{"id":106474,"n":"Repas bébé Blédichef 15 mois Pdt champignon poulet - 250g","p":1.83,"u":"7,32 €/KG","img":"https://fd13-photos.leclercdrive.fr/image.ashx?id=2479685&use=l&cat=p&typeid=i","cat":312238},{"id":106475,"n":"Repas bébé Blédichef 15 mois Légumes cabillaud - 250g","p":1.96,"u":"7,84 €/KG","img":"https://fd13-photos.leclercdrive.fr/image.ashx?id=1681186&use=l&cat=p&typeid=i","cat":312238},{"id":106477,"n":"Repas bébé Blédichef 18 mois  Blanquette de volaille - 250g","p":1.83,"u":"7,32 €/KG","img":"https://fd13-photos.leclercdrive.fr/image.ashx?id=2558861&use=l&cat=p&typeid=i","cat":312238},{"id":106478,"n":"Repas bébé Blédichef 18 mois  Fondue de légumes lieu - 250g","p":1.93,"u":"7,72 €/KG","img":"https://fd13-photos.leclercdrive.fr/image.ashx?id=2877706&use=l&cat=p&typeid=i","cat":312238},{"id":106481,"n":"Repas bébé Blédichef 24 mois  Riz légumes poulet curry - 250g","p":1.94,"u":"7,76 €/KG","img":"https://fd13-photos.leclercdrive.fr/image.ashx?id=2951590&use=l&cat=p&typeid=i","cat":312238},{"id":106568,"n":"Tropicana Jus multifruits 90 cl","p":2.82,"u":"3,13 €/L","img":"https://fd13-photos.leclercdrive.fr/image.ashx?id=2529276&use=l&cat=p&typeid=i","cat":285435},{"id":106600,"n":"Lait Lemiel Celia Croissance - 800g","p":14.38,"u":"17,98 €/KG","img":"https://fd13-photos.leclercdrive.fr/image.ashx?id=2975269&use=l&cat=p&typeid=i","cat":290219},{"id":106603,"n":"Lait frais Grandlait Demi-écrémé Bouteille - 2L","p":2.76,"u":"1,38 €/L","img":"https://fd13-photos.leclercdrive.fr/image.ashx?id=2916180&use=l&cat=p&typeid=i","cat":285609},{"id":106605,"n":"Ravioli Lustucru Selection  Jambon fromage 300g","p":2.39,"u":"7,97 €/KG","img":"https://fd13-photos.leclercdrive.fr/image.ashx?id=2962527&use=l&cat=p&typeid=i","cat":333682},{"id":106614,"n":"Rosette Justin Bridou  19 Tranches - 170g","p":2.66,"u":"15,65 €/KG","img":"https://fd13-photos.leclercdrive.fr/image.ashx?id=2948932&use=l&cat=p&typeid=i","cat":316007},{"id":106627,"n":"Repas bébé Blédichef 15 mois Légumes viandes 2x230g - 2x250g","p":7.29,"u":"7,59 €/KG","img":"https://fd13-photos.leclercdrive.fr/image.ashx?id=2643752&use=l&cat=p&typeid=i","cat":312238},{"id":106639,"n":"Culotte écologiq Mots d'Enfants T5 : 12/18kg - x20","p":9.4,"u":"0,47 €/P","img":"https://fd13-photos.leclercdrive.fr/image.ashx?id=2188796&use=l&cat=p&typeid=i","cat":290633},{"id":106641,"n":"Culotte écologiq Mots d'Enfants T6 : +16kg - x18","p":8.5,"u":"0,47 €/P","img":"https://fd13-photos.leclercdrive.fr/image.ashx?id=2907246&use=l&cat=p&typeid=i","cat":290633},{"id":106647,"n":"Café moulu Brocéliande Passion Bio  - 250g","p":5.26,"u":"21,04 €/KG","img":"https://fd13-photos.leclercdrive.fr/image.ashx?id=1793334&use=l&cat=p&typeid=i","cat":284750},{"id":106690,"n":"Gel douche Bionaïa Abricot bio - 250ml","p":1.4,"u":"5,60 €/L","img":"https://fd13-photos.leclercdrive.fr/image.ashx?id=2017265&use=l&cat=p&typeid=i","cat":284594},{"id":106695,"n":"Rasoir jetable Gillette BlueII Plus - x20","p":5.87,"u":"0,29 €/P","img":"https://fd13-photos.leclercdrive.fr/image.ashx?id=2956655&use=l&cat=p&typeid=i","cat":284616},{"id":106743,"n":"Disques à démaquiller Bocoton Bio - x80","p":1.6,"u":"0,02 €/P","img":"https://fd13-photos.leclercdrive.fr/image.ashx?id=2480713&use=l&cat=p&typeid=i","cat":284636},{"id":106750,"n":"Eau micellaire So Bio Etic Aloe purifiante bio - 500ml","p":6.9,"u":"13,80 €/L","img":"https://fd13-photos.leclercdrive.fr/image.ashx?id=2577009&use=l&cat=p&typeid=i","cat":284603},{"id":106751,"n":"Après-shampooing So Bio Etic Karité Argan bio - 200ml","p":4.87,"u":"24,35 €/L","img":"https://fd13-photos.leclercdrive.fr/image.ashx?id=2787059&use=l&cat=p&typeid=i","cat":284607},{"id":106768,"n":"Shampooing bio So Bio Etic Coco & Acide Hyaluronique-250ml","p":3.61,"u":"14,44 €/L","img":"https://fd13-photos.leclercdrive.fr/image.ashx?id=2788727&use=l&cat=p&typeid=i","cat":284606},{"id":106770,"n":"Dentifrice protection Dentavie Propolis/menthe bio - 75ml","p":3.42,"u":"45,60 €/L","img":"https://fd13-photos.leclercdrive.fr/image.ashx?id=2494779&use=l&cat=p&typeid=i","cat":284612},{"id":106841,"n":"Cartouche d'encre HP pack noir / couleurs 304","p":29.98,"u":"Dont 0,02 € d'éco-part.","img":"https://fd13-photos.leclercdrive.fr/image.ashx?id=1884115&use=l&cat=p&typeid=i","cat":316445},{"id":106886,"n":"Petit suisse nature Gervais 9,5% MG - 6x60g","p":1.79,"u":"4,97 €/KG","img":"https://fd13-photos.leclercdrive.fr/image.ashx?id=2230384&use=l&cat=p&typeid=i","cat":284409},{"id":106892,"n":"Yaourt à boire Danonino fraise - 4x70g","p":2.4,"u":"8,57 €/KG","img":"https://fd13-photos.leclercdrive.fr/image.ashx?id=2785226&use=l&cat=p&typeid=i","cat":284415},{"id":106928,"n":"Classeur cahier Esquisse  Fuchsia - Polypro - 21x29.7cm","p":1.49,"img":"https://fd13-photos.leclercdrive.fr/image.ashx?id=1698508&use=l&cat=p&typeid=i","cat":284745},{"id":106932,"n":"Trieur Esquisse A4  Fuchsia - 8 positions - x1","p":2.79,"img":"https://fd13-photos.leclercdrive.fr/image.ashx?id=1698682&use=l&cat=p&typeid=i","cat":284745},{"id":106979,"n":"Crème glacée Häagen-Dazs  Vanille cookie dough - 394g","p":4.74,"u":"12,03 €/KG","img":"https://fd13-photos.leclercdrive.fr/image.ashx?id=2893459&use=l&cat=p&typeid=i","cat":284725},{"id":106985,"n":"Mini pots Häagen-Dazs  Vanille Collection x4 - 321g","p":4.16,"u":"12,96 €/KG","img":"https://fd13-photos.leclercdrive.fr/image.ashx?id=2992858&use=l&cat=p&typeid=i","cat":284725},{"id":106986,"n":"Crème glacée Häagen-Dazs  Vanille pralines - 400g","p":5.85,"u":"14,63 €/KG","img":"https://fd13-photos.leclercdrive.fr/image.ashx?id=2893453&use=l&cat=p&typeid=i","cat":284725},{"id":106987,"n":"Mini pots Häagen-Dazs Caramel  Beurre salé x4 - 324g","p":4.54,"u":"14,01 €/KG","img":"https://fd13-photos.leclercdrive.fr/image.ashx?id=2992849&use=l&cat=p&typeid=i","cat":284725},{"id":107145,"n":"Pur jus de raisin Bio Village Bio - 6x20cl","p":4.09,"u":"3,41 €/L","img":"https://fd13-photos.leclercdrive.fr/image.ashx?id=2595549&use=l&cat=p&typeid=i","cat":284524},{"id":107163,"n":"Taille-crayon Galatic Maped Bleu - avec réserve","p":1.2,"img":"https://fd13-photos.leclercdrive.fr/image.ashx?id=1690544&use=l&cat=p&typeid=i","cat":334133},{"id":107164,"n":"Taille-crayon Galatic Maped Jaune - avec réserve","p":1.2,"img":"https://fd13-photos.leclercdrive.fr/image.ashx?id=1690547&use=l&cat=p&typeid=i","cat":334133},{"id":107165,"n":"Taille-crayon Galatic Maped Rose - avec réserve","p":1.2,"img":"https://fd13-photos.leclercdrive.fr/image.ashx?id=1690550&use=l&cat=p&typeid=i","cat":334133},{"id":107167,"n":"Gomme Maped Zenoa Bleu - avec étui","p":1.7,"img":"https://fd13-photos.leclercdrive.fr/image.ashx?id=1690553&use=l&cat=p&typeid=i","cat":334133},{"id":107170,"n":"Règle plate Twist'n'Flex Maped Vert - 30cm","p":1.09,"img":"https://fd13-photos.leclercdrive.fr/image.ashx?id=1690556&use=l&cat=p&typeid=i","cat":334133},{"id":107177,"n":"Agrafeuse de poche Maped Argent - + 400 agrafes","p":3.42,"img":"https://fd13-photos.leclercdrive.fr/image.ashx?id=1690568&use=l&cat=p&typeid=i","cat":334133},{"id":107195,"n":"Coffret compas Maped Open Bleu - 6 pièces","p":5.08,"img":"https://fd13-photos.leclercdrive.fr/image.ashx?id=1690586&use=l&cat=p&typeid=i","cat":334133},{"id":107197,"n":"Règle plate Maped Bleu - flexible 30cm","p":0.97,"img":"https://fd13-photos.leclercdrive.fr/image.ashx?id=1690589&use=l&cat=p&typeid=i","cat":334133},{"id":107198,"n":"Règle plate Maped Vert - flexible 30cm","p":0.97,"img":"https://fd13-photos.leclercdrive.fr/image.ashx?id=1690592&use=l&cat=p&typeid=i","cat":334133},{"id":107199,"n":"Règle double décimètre Maped Vert - incassable - flexible","p":1.21,"img":"https://fd13-photos.leclercdrive.fr/image.ashx?id=1690595&use=l&cat=p&typeid=i","cat":334133},{"id":107201,"n":"Règle triple décimètre Maped Bleu - incassable flex","p":1.63,"img":"https://fd13-photos.leclercdrive.fr/image.ashx?id=1690598&use=l&cat=p&typeid=i","cat":334133},{"id":107202,"n":"Règle triple décimètre Maped Vert - incassable flex","p":1.63,"img":"https://fd13-photos.leclercdrive.fr/image.ashx?id=1690601&use=l&cat=p&typeid=i","cat":334133},{"id":107203,"n":"Rapporteur 180°  Maped Vert - 12 cm","p":1.11,"img":"https://fd13-photos.leclercdrive.fr/image.ashx?id=1690604&use=l&cat=p&typeid=i","cat":334133},{"id":107206,"n":"Paire de ciseaux Esquisse Bleu foncé - Bout rond 13cm x1","p":0.79,"img":"https://fd13-photos.leclercdrive.fr/image.ashx?id=1698511&use=l&cat=p&typeid=i","cat":334133},{"id":107207,"n":"Paire de ciseaux Esquisse Rouge - Bout rond 13cm x1","p":0.79,"img":"https://fd13-photos.leclercdrive.fr/image.ashx?id=1698514&use=l&cat=p&typeid=i","cat":334133},{"id":107211,"n":"Jus innocent myrtille cassis 900ml","p":2.86,"u":"3,18 €/L","img":"https://fd13-photos.leclercdrive.fr/image.ashx?id=2891235&use=l&cat=p&typeid=i","cat":285435},{"id":107212,"n":"Jus innocent pomme fruits rouges 900ml","p":2.95,"u":"3,28 €/L","img":"https://fd13-photos.leclercdrive.fr/image.ashx?id=2184735&use=l&cat=p&typeid=i","cat":285435},{"id":107225,"n":"Cahier Force 8 Clairefontaine Bleu Marine 96p - 21x29.7cm A4","p":1.6,"img":"https://fd13-photos.leclercdrive.fr/image.ashx?id=1687355&use=l&cat=p&typeid=i","cat":284697},{"id":107236,"n":"Cahier Force 8 Clairefontaine Gris - 96 pages  - 21x29.7cm A4","p":1.6,"img":"https://fd13-photos.leclercdrive.fr/image.ashx?id=1687358&use=l&cat=p&typeid=i","cat":284697},{"id":107243,"n":"Cahier Force 8 Clairefontaine Rouge - 96 pages - 21x29.7cm A4","p":1.6,"img":"https://fd13-photos.leclercdrive.fr/image.ashx?id=1687364&use=l&cat=p&typeid=i","cat":284697},{"id":107246,"n":"Cahier Force 8 Clairefontaine Vert Anis - 96p - 21x29.7cm A4","p":1.6,"img":"https://fd13-photos.leclercdrive.fr/image.ashx?id=1687367&use=l&cat=p&typeid=i","cat":284697},{"id":107247,"n":"Cahier piqûre Force 8 Bleu Lagon - 96 pages - 24x32cm","p":2.1,"img":"https://fd13-photos.leclercdrive.fr/image.ashx?id=1687370&use=l&cat=p&typeid=i","cat":284697},{"id":107248,"n":"Cahier piqûre Force 8 Bleu Marine 96 pages - 24x32cm","p":2.1,"img":"https://fd13-photos.leclercdrive.fr/image.ashx?id=1687373&use=l&cat=p&typeid=i","cat":284697},{"id":107250,"n":"Cahier piqûre Force 8 Gris - 96 pages - 24x32cm","p":2.1,"img":"https://fd13-photos.leclercdrive.fr/image.ashx?id=1687376&use=l&cat=p&typeid=i","cat":284697},{"id":107252,"n":"Cahier piqûre Force 8 Jaune - 96 pages - 24x32cm","p":2.1,"img":"https://fd13-photos.leclercdrive.fr/image.ashx?id=1687379&use=l&cat=p&typeid=i","cat":284697},{"id":107253,"n":"Cahier piqûre Force 8 Orange - 96 pages - 24x32cm","p":2.1,"img":"https://fd13-photos.leclercdrive.fr/image.ashx?id=1687382&use=l&cat=p&typeid=i","cat":284697},{"id":107255,"n":"Cahier piqûre Force 8 Rose - 96 pages - 24x32cm","p":2.1,"img":"https://fd13-photos.leclercdrive.fr/image.ashx?id=1687385&use=l&cat=p&typeid=i","cat":284697},{"id":107256,"n":"Cahier piqûre Force 8 Rouge - 96 pages - 24x32cm","p":2.1,"img":"https://fd13-photos.leclercdrive.fr/image.ashx?id=1687388&use=l&cat=p&typeid=i","cat":284697},{"id":107258,"n":"Cahier piqûre Force 8 Vert Anis - 96 pages - 24x32cm","p":2.1,"img":"https://fd13-photos.leclercdrive.fr/image.ashx?id=1687391&use=l&cat=p&typeid=i","cat":284697},{"id":107261,"n":"Kit traçage incassable Maped Vert - 4 instruments","p":3.78,"u":"0,95 €/P","img":"https://fd13-photos.leclercdrive.fr/image.ashx?id=591623&use=l&cat=p&typeid=i","cat":334133},{"id":107273,"n":"Equerre 60°  Maped Vert - Incassable et Flex- 21cm","p":1.1,"img":"https://fd13-photos.leclercdrive.fr/image.ashx?id=1557091&use=l&cat=p&typeid=i","cat":334133},{"id":107276,"n":"Règle plate Twist'n'Flex Maped Bleu - 20cm","p":1.13,"img":"https://fd13-photos.leclercdrive.fr/image.ashx?id=591610&use=l&cat=p&typeid=i","cat":334133},{"id":107277,"n":"Règle plate Twist'n'Flex Maped Rose - 20cm","p":1.13,"img":"https://fd13-photos.leclercdrive.fr/image.ashx?id=1690607&use=l&cat=p&typeid=i","cat":334133},{"id":107280,"n":"Règle plate Twist'n'Flex Maped Vert - 20cm","p":1.13,"img":"https://fd13-photos.leclercdrive.fr/image.ashx?id=1690610&use=l&cat=p&typeid=i","cat":334133},{"id":107284,"n":"Paires de ciseaux Sensoft Maped Bleu - Droitier - 16cm","p":2.86,"img":"https://fd13-photos.leclercdrive.fr/image.ashx?id=1690613&use=l&cat=p&typeid=i","cat":334133},{"id":107288,"n":"Paire de ciseaux Sensoft Maped Bleu - Gaucher - 16cm","p":2.86,"img":"https://fd13-photos.leclercdrive.fr/image.ashx?id=1410535&use=l&cat=p&typeid=i","cat":334133},{"id":107292,"n":"Paire de ciseaux Zenoa Maped Asymétrique - Bleu - 15cm","p":3.16,"img":"https://fd13-photos.leclercdrive.fr/image.ashx?id=1690616&use=l&cat=p&typeid=i","cat":334133},{"id":107305,"n":"Taille-crayon Shaker Maped Bleu - avec réserve","p":1.27,"img":"https://fd13-photos.leclercdrive.fr/image.ashx?id=2919676&use=l&cat=p&typeid=i","cat":334133},{"id":107309,"n":"Taille-crayon Shaker Maped Vert - avec réserve","p":1.27,"img":"https://fd13-photos.leclercdrive.fr/image.ashx?id=2919679&use=l&cat=p&typeid=i","cat":334133},{"id":107310,"n":"Taille-crayon Shaker Maped Violet et rose - avec réserve","p":1.27,"img":"https://fd13-photos.leclercdrive.fr/image.ashx?id=2919682&use=l&cat=p&typeid=i","cat":334133},{"id":107312,"n":"Taille-crayon I-gloo Maped Bleu - avec reserve","p":1.2,"img":"https://fd13-photos.leclercdrive.fr/image.ashx?id=1690625&use=l&cat=p&typeid=i","cat":334133},{"id":107313,"n":"Taille-crayon I-gloo Maped Rose - avec reserve","p":1.2,"img":"https://fd13-photos.leclercdrive.fr/image.ashx?id=1690628&use=l&cat=p&typeid=i","cat":334133},{"id":107314,"n":"Taille-crayon I-gloo Maped Vert - avec reserve","p":1.2,"img":"https://fd13-photos.leclercdrive.fr/image.ashx?id=1690631&use=l&cat=p&typeid=i","cat":334133},{"id":107315,"n":"Paires de ciseaux Sensoft Maped Bleu - Gaucher - 13cm","p":2.85,"img":"https://fd13-photos.leclercdrive.fr/image.ashx?id=591650&use=l&cat=p&typeid=i","cat":334133},{"id":107317,"n":"Paire de ciseaux Sensoft Maped Rose - Gaucher - 13cm","p":2.85,"img":"https://fd13-photos.leclercdrive.fr/image.ashx?id=1690637&use=l&cat=p&typeid=i","cat":334133},{"id":107343,"n":"Cahier KoverBook Clairefontaine Bleu - 96 pages - 17x22cm","p":1.85,"img":"https://fd13-photos.leclercdrive.fr/image.ashx?id=1687487&use=l&cat=p&typeid=i","cat":284697},{"id":107351,"n":"Cahier KoverBook Clairefontaine Bleu Marine 96 pages - 17x22cm","p":1.85,"img":"https://fd13-photos.leclercdrive.fr/image.ashx?id=1687490&use=l&cat=p&typeid=i","cat":284697},{"id":107353,"n":"Cahier KoverBook Clairefontaine Incolore - 96 pages - 17x22cm","p":1.85,"img":"https://fd13-photos.leclercdrive.fr/image.ashx?id=1687493&use=l&cat=p&typeid=i","cat":284697},{"id":107354,"n":"Cahier KoverBook Clairefontaine Jaune - 96 pages - 17x22cm","p":1.85,"img":"https://fd13-photos.leclercdrive.fr/image.ashx?id=1687496&use=l&cat=p&typeid=i","cat":284697},{"id":107355,"n":"Cahier KoverBook Clairefontaine Noir - 96 pages - 17x22cm","p":1.85,"img":"https://fd13-photos.leclercdrive.fr/image.ashx?id=1687499&use=l&cat=p&typeid=i","cat":284697},{"id":107357,"n":"Bahier KoverBook Clairefontaine Orange - 96 pages - 17x22cm","p":1.85,"img":"https://fd13-photos.leclercdrive.fr/image.ashx?id=1694829&use=l&cat=p&typeid=i","cat":284697},{"id":107358,"n":"Cahier KoverBook Clairefontaine Rose - 96 pages - 17x22cm","p":1.85,"img":"https://fd13-photos.leclercdrive.fr/image.ashx?id=1687502&use=l&cat=p&typeid=i","cat":284697},{"id":107359,"n":"Cahier KoverBook Clairefontaine Rouge - 96 pages - 17x22cm","p":1.85,"img":"https://fd13-photos.leclercdrive.fr/image.ashx?id=1687505&use=l&cat=p&typeid=i","cat":284697},{"id":107360,"n":"Cahier KoverBook Clairefontaine Vert - 96 pages - 17x22cm","p":1.85,"img":"https://fd13-photos.leclercdrive.fr/image.ashx?id=1687508&use=l&cat=p&typeid=i","cat":284697},{"id":107361,"n":"Cahier KoverBook Clairefontaine Violet - 96 pages - 17x22cm","p":1.85,"img":"https://fd13-photos.leclercdrive.fr/image.ashx?id=1687511&use=l&cat=p&typeid=i","cat":284697},{"id":107384,"n":"Bacon Justin Bridou  16 Tranches - 160g","p":2.69,"u":"16,81 €/KG","img":"https://fd13-photos.leclercdrive.fr/image.ashx?id=2924110&use=l&cat=p&typeid=i","cat":316007},{"id":107402,"n":"Cahier Koverbook Clairefontaine Bleu - 96 pages - 17x22cm","p":1.95,"img":"https://fd13-photos.leclercdrive.fr/image.ashx?id=1687538&use=l&cat=p&typeid=i","cat":284697},{"id":107410,"n":"Cahier Koverbook Clairefontaine Bleu Marine 96 pages - 17x22cm","p":1.95,"img":"https://fd13-photos.leclercdrive.fr/image.ashx?id=1687541&use=l&cat=p&typeid=i","cat":284697},{"id":107411,"n":"Cahier Koverbook Clairefontaine Incolore - 96 pages - 17x22cm","p":1.95,"img":"https://fd13-photos.leclercdrive.fr/image.ashx?id=1687544&use=l&cat=p&typeid=i","cat":284697},{"id":107412,"n":"Cahier Koverbook Clairefontaine Jaune - 96 pages - 17x22cm","p":1.95,"img":"https://fd13-photos.leclercdrive.fr/image.ashx?id=1687547&use=l&cat=p&typeid=i","cat":284697},{"id":107413,"n":"Cahier Koverbook Clairefontaine Noir - 96 pages - 17x22cm","p":1.95,"img":"https://fd13-photos.leclercdrive.fr/image.ashx?id=1687550&use=l&cat=p&typeid=i","cat":284697},{"id":107414,"n":"Cahier Koverbook Clairefontaine Orange - 96 pages - 17x22cm","p":1.95,"img":"https://fd13-photos.leclercdrive.fr/image.ashx?id=1687553&use=l&cat=p&typeid=i","cat":284697},{"id":107418,"n":"Cahier Koverbook Clairefontaine Rouge - 96 pages - 17x22cm","p":1.95,"img":"https://fd13-photos.leclercdrive.fr/image.ashx?id=1687559&use=l&cat=p&typeid=i","cat":284697},{"id":107420,"n":"Cahier Koverbook Clairefontaine Vert - 96 pages - 17x22cm","p":1.95,"img":"https://fd13-photos.leclercdrive.fr/image.ashx?id=1687562&use=l&cat=p&typeid=i","cat":284697},{"id":107421,"n":"Cahier Koverbook Clairefontaine Violet - 96 pages - 17x22cm","p":1.95,"img":"https://fd13-photos.leclercdrive.fr/image.ashx?id=1687565&use=l&cat=p&typeid=i","cat":284697},{"id":107447,"n":"Cahier classeur Exacompta Bleu Violet - A4 - dos 2cm","p":2.6,"img":"https://fd13-photos.leclercdrive.fr/image.ashx?id=1687568&use=l&cat=p&typeid=i","cat":284745},{"id":107467,"n":"Cahier grands carreaux Eco+ Jaune - 24x32cm - 96p","p":0.78,"img":"https://fd13-photos.leclercdrive.fr/image.ashx?id=2943271&use=l&cat=p&typeid=i","cat":284697},{"id":107471,"n":"Cahier grands carreaux Eco+ Bleu - 24x32cm - 96p","p":0.78,"img":"https://fd13-photos.leclercdrive.fr/image.ashx?id=2943274&use=l&cat=p&typeid=i","cat":284697},{"id":107472,"n":"Cahier grands carreaux Eco+ Rouge - 24x32cm - 96p","p":0.78,"img":"https://fd13-photos.leclercdrive.fr/image.ashx?id=2943277&use=l&cat=p&typeid=i","cat":284697},{"id":107473,"n":"Cahier grands carreaux Eco+ Gris - 24x32cm - 96p","p":0.78,"img":"https://fd13-photos.leclercdrive.fr/image.ashx?id=2943280&use=l&cat=p&typeid=i","cat":284697},{"id":107521,"n":"Taille-crayon  Maped Bleu - Avec réserve 1T","p":2.05,"img":"https://fd13-photos.leclercdrive.fr/image.ashx?id=1690640&use=l&cat=p&typeid=i","cat":334133},{"id":107526,"n":"Protège-document Esquisse Fuchsia - A4 - 60 vues","p":2.0,"img":"https://fd13-photos.leclercdrive.fr/image.ashx?id=1694143&use=l&cat=p&typeid=i","cat":284745},{"id":107527,"n":"Protège-document Esquisse Noir - A4 - 60 vues","p":2.0,"img":"https://fd13-photos.leclercdrive.fr/image.ashx?id=1698724&use=l&cat=p&typeid=i","cat":284745},{"id":107528,"n":"Protège-document Esquisse Anis - A4 - 80 vues","p":2.59,"img":"https://fd13-photos.leclercdrive.fr/image.ashx?id=1698727&use=l&cat=p&typeid=i","cat":284745},{"id":107529,"n":"Protège-document Esquisse Noir - A4 - 80 vues","p":2.59,"img":"https://fd13-photos.leclercdrive.fr/image.ashx?id=1698730&use=l&cat=p&typeid=i","cat":284745},{"id":107530,"n":"Protège-document Esquisse Turquoise - A4 - 80 vues","p":2.59,"img":"https://fd13-photos.leclercdrive.fr/image.ashx?id=1698733&use=l&cat=p&typeid=i","cat":284745},{"id":107534,"n":"Taille-crayon  Maped Orange - Avec réserve 1T","p":2.05,"img":"https://fd13-photos.leclercdrive.fr/image.ashx?id=1690643&use=l&cat=p&typeid=i","cat":334133},{"id":107535,"n":"Taille-crayon  Maped Violet - Avec réserve 1T","p":2.05,"img":"https://fd13-photos.leclercdrive.fr/image.ashx?id=1690646&use=l&cat=p&typeid=i","cat":334133},{"id":107536,"n":"Taille-crayon  Maped Turquoise - Avec réserve 1T","p":2.05,"img":"https://fd13-photos.leclercdrive.fr/image.ashx?id=1690649&use=l&cat=p&typeid=i","cat":334133},{"id":107537,"n":"Taille-crayon  Maped Vert - Avec réserve 1T","p":2.05,"img":"https://fd13-photos.leclercdrive.fr/image.ashx?id=1690652&use=l&cat=p&typeid=i","cat":334133},{"id":107538,"n":"Taille-crayon Croc Croc Maped Innovation - avec réserve - 1T","p":1.9,"img":"https://fd13-photos.leclercdrive.fr/image.ashx?id=2760838&use=l&cat=p&typeid=i","cat":334133},{"id":107558,"n":"Protège-document Transparent - A4 - 120 vues","p":3.29,"img":"https://fd13-photos.leclercdrive.fr/image.ashx?id=1698736&use=l&cat=p&typeid=i","cat":284745},{"id":107559,"n":"Protège cahier Exacompta  Incolore - 24x32cm","p":1.95,"img":"https://fd13-photos.leclercdrive.fr/image.ashx?id=1687673&use=l&cat=p&typeid=i","cat":284697},{"id":107560,"n":"Protège cahier Exacompta  Rose - 24x32cm","p":1.95,"img":"https://fd13-photos.leclercdrive.fr/image.ashx?id=1687676&use=l&cat=p&typeid=i","cat":284697},{"id":107561,"n":"Protège-document Noir - A4 - 120 vues","p":3.29,"img":"https://fd13-photos.leclercdrive.fr/image.ashx?id=1698739&use=l&cat=p&typeid=i","cat":284745},{"id":107562,"n":"Chemise Kreacover Exacompta Bleu - 24x32cm","p":2.32,"img":"https://fd13-photos.leclercdrive.fr/image.ashx?id=1687679&use=l&cat=p&typeid=i","cat":284745},{"id":107564,"n":"Chemise Kreacover Exacompta Violet - 24x32cm","p":2.32,"img":"https://fd13-photos.leclercdrive.fr/image.ashx?id=1687685&use=l&cat=p&typeid=i","cat":284745},{"id":107565,"n":"Chemise Kreacover Exacompta Rouge - 24x32cm","p":2.32,"img":"https://fd13-photos.leclercdrive.fr/image.ashx?id=1687688&use=l&cat=p&typeid=i","cat":284745},{"id":107566,"n":"Chemise Kreacover Exacompta Vert - 24x32cm","p":2.32,"img":"https://fd13-photos.leclercdrive.fr/image.ashx?id=1687691&use=l&cat=p&typeid=i","cat":284745},{"id":107625,"n":"Chemise à élastiques Exacompta Gris - 3 rabats 24x32cm","p":1.23,"img":"https://fd13-photos.leclercdrive.fr/image.ashx?id=1700482&use=l&cat=p&typeid=i","cat":284745},{"id":107645,"n":"Aluminium Albal 20m","p":3.39,"img":"https://fd13-photos.leclercdrive.fr/image.ashx?id=2551444&use=l&cat=p&typeid=i","cat":334134},{"id":107646,"n":"Film 2 en 1 Albal  20m","p":2.93,"img":"https://fd13-photos.leclercdrive.fr/image.ashx?id=2551453&use=l&cat=p&typeid=i","cat":334134},{"id":107653,"n":"Lait de coco bio Jardin Bio Bio - 225ml","p":1.95,"u":"8,67 €/L","img":"https://fd13-photos.leclercdrive.fr/image.ashx?id=2875471&use=l&cat=p&typeid=i","cat":288992},{"id":107763,"n":"Escalope Le Gaulois Cordon bleu Extra - 200g","p":1.78,"u":"8,90 €/KG","img":"https://fd13-photos.leclercdrive.fr/image.ashx?id=2367442&use=l&cat=p&typeid=i","cat":333683},{"id":107764,"n":"Panés Le Gaulois Façon Milanaise citronné - 200g","p":2.33,"u":"11,65 €/KG","img":"https://fd13-photos.leclercdrive.fr/image.ashx?id=2644770&use=l&cat=p&typeid=i","cat":333683},{"id":107783,"n":"Huile d'Olive Vierge Extra BIO  Delicato 75cl","p":12.65,"u":"16,87 €/L","img":"https://fd13-photos.leclercdrive.fr/image.ashx?id=2737444&use=l&cat=p&typeid=i","cat":284453},{"id":107789,"n":"Vinaigre balsamique de modène  IGP Bio 50cl","p":5.19,"u":"10,38 €/L","img":"https://fd13-photos.leclercdrive.fr/image.ashx?id=2737468&use=l&cat=p&typeid=i","cat":298543},{"id":107790,"n":"Cahier Clairefontaine Koverbook Bleu - 24x32cm - 48p","p":2.6,"img":"https://fd13-photos.leclercdrive.fr/image.ashx?id=1688114&use=l&cat=p&typeid=i","cat":284697},{"id":107793,"n":"Cahier Clairefontaine Koverbook Bleu marine - 24x32cm - 48p","p":2.6,"img":"https://fd13-photos.leclercdrive.fr/image.ashx?id=1688117&use=l&cat=p&typeid=i","cat":284697},{"id":107795,"n":"Cahier Clairefontaine Koverbook Incolore- 24x32cm - 48p","p":2.6,"img":"https://fd13-photos.leclercdrive.fr/image.ashx?id=1688120&use=l&cat=p&typeid=i","cat":284697},{"id":107796,"n":"Cahier Clairefontaine Koverbook Jaune- 24x32cm - 48p","p":2.6,"img":"https://fd13-photos.leclercdrive.fr/image.ashx?id=1688123&use=l&cat=p&typeid=i","cat":284697},{"id":107797,"n":"Paire de ciseaux Esquisse Gris - Bout rond 16cm - x1","p":0.99,"img":"https://fd13-photos.leclercdrive.fr/image.ashx?id=1694200&use=l&cat=p&typeid=i","cat":334133},{"id":107798,"n":"Paire de ciseaux Esquisse Rouge - Bout rond 16cm - x1","p":0.99,"img":"https://fd13-photos.leclercdrive.fr/image.ashx?id=1694203&use=l&cat=p&typeid=i","cat":334133},{"id":107799,"n":"Cahier Clairefontaine Koverbook Noir - 24x32cm - 48p","p":2.6,"img":"https://fd13-photos.leclercdrive.fr/image.ashx?id=1688126&use=l&cat=p&typeid=i","cat":284697},{"id":107801,"n":"Cahier Clairefontaine Koverbook Rose - 24x32cm - 48p","p":2.6,"img":"https://fd13-photos.leclercdrive.fr/image.ashx?id=1688132&use=l&cat=p&typeid=i","cat":284697},{"id":107815,"n":"Cahier Clairefontaine Koverbook Rouge - 24x32cm - 48p","p":2.6,"img":"https://fd13-photos.leclercdrive.fr/image.ashx?id=1688135&use=l&cat=p&typeid=i","cat":284697},{"id":107817,"n":"Cahier Clairefontaine Koverbook Vert - 24x32cm - 48p","p":2.6,"img":"https://fd13-photos.leclercdrive.fr/image.ashx?id=1688138&use=l&cat=p&typeid=i","cat":284697},{"id":107819,"n":"Cahier Clairefontaine Koverbook Violet- 24x32cm - 48p","p":2.6,"img":"https://fd13-photos.leclercdrive.fr/image.ashx?id=1688141&use=l&cat=p&typeid=i","cat":284697},{"id":107841,"n":"Bac gourmand Eskiss Crème brulée - 500g","p":4.05,"u":"8,10 €/KG","img":"https://fd13-photos.leclercdrive.fr/image.ashx?id=2982643&use=l&cat=p&typeid=i","cat":284263},{"id":107864,"n":"Bac gourmand Eskiss Café - 500g","p":3.07,"u":"6,14 €/KG","img":"https://fd13-photos.leclercdrive.fr/image.ashx?id=2982655&use=l&cat=p&typeid=i","cat":284263},{"id":107914,"n":"Calculatrice poche Esquisse Rouge","p":2.75,"u":"Dont 0,19 € d'éco-part.","img":"https://fd13-photos.leclercdrive.fr/image.ashx?id=2943289&use=l&cat=p&typeid=i","cat":334133},{"id":107915,"n":"Calculatrice poche Esquisse Turquoise","p":2.75,"u":"Dont 0,19 € d'éco-part.","img":"https://fd13-photos.leclercdrive.fr/image.ashx?id=2943292&use=l&cat=p&typeid=i","cat":334133},{"id":107917,"n":"Taille-crayon Esquisse Bleu foncé avec réserve 2 trous","p":0.55,"img":"https://fd13-photos.leclercdrive.fr/image.ashx?id=2943295&use=l&cat=p&typeid=i","cat":334133},{"id":107918,"n":"Taille-crayon Esquisse Rouge avec réserve 2 trous","p":0.55,"img":"https://fd13-photos.leclercdrive.fr/image.ashx?id=2943298&use=l&cat=p&typeid=i","cat":334133},{"id":107920,"n":"Ruban correcteur Esquisse Vert et blanc - x2","p":1.65,"u":"0,83 €/P","img":"https://fd13-photos.leclercdrive.fr/image.ashx?id=1690053&use=l&cat=p&typeid=i","cat":334133},{"id":107964,"n":"Agrafeuse pocket Esquisse  Bleu - x1","p":1.39,"img":"https://fd13-photos.leclercdrive.fr/image.ashx?id=1690083&use=l&cat=p&typeid=i","cat":334133},{"id":107966,"n":"Agrafeuse pocket Esquisse  Rouge - x1","p":1.39,"img":"https://fd13-photos.leclercdrive.fr/image.ashx?id=1690086&use=l&cat=p&typeid=i","cat":334133},{"id":107967,"n":"Agrafeuse pocket Esquisse  Turquoise - x1","p":1.39,"img":"https://fd13-photos.leclercdrive.fr/image.ashx?id=1690089&use=l&cat=p&typeid=i","cat":334133},{"id":107997,"n":"Kit traçage Esquisse Bleu - 3 pièces","p":1.85,"img":"https://fd13-photos.leclercdrive.fr/image.ashx?id=1690122&use=l&cat=p&typeid=i","cat":334133},{"id":108008,"n":"Classeur à levier Esquisse Bleu - 5 cm","p":2.25,"img":"https://fd13-photos.leclercdrive.fr/image.ashx?id=1691066&use=l&cat=p&typeid=i","cat":284745},{"id":108013,"n":"Classeur à levier Esquisse Rouge - 5 cm","p":2.25,"img":"https://fd13-photos.leclercdrive.fr/image.ashx?id=1691069&use=l&cat=p&typeid=i","cat":284745},{"id":108026,"n":"Chemise  à élastique Elba  Bleu - 21x29.7cm - Hawaï","p":1.99,"img":"https://fd13-photos.leclercdrive.fr/image.ashx?id=1686907&use=l&cat=p&typeid=i","cat":284745},{"id":108076,"n":"Stylo-bille 4 couleurs Bic   Argent  - shine -x1","p":2.38,"img":"https://fd13-photos.leclercdrive.fr/image.ashx?id=1555207&use=l&cat=p&typeid=i","cat":284696},{"id":108081,"n":"Stylo-bille 4 couleurs Bic Or- shine -x1","p":2.38,"img":"https://fd13-photos.leclercdrive.fr/image.ashx?id=1700614&use=l&cat=p&typeid=i","cat":284696},{"id":108097,"n":"Taille-crayon Croc Croc Maped Bleu - avec réserve - 1T","p":1.9,"img":"https://fd13-photos.leclercdrive.fr/image.ashx?id=1690655&use=l&cat=p&typeid=i","cat":334133},{"id":108099,"n":"Taille-crayon Croc Croc Maped Rose - avec réserve - 1T","p":1.9,"img":"https://fd13-photos.leclercdrive.fr/image.ashx?id=1690658&use=l&cat=p&typeid=i","cat":334133},{"id":108100,"n":"Taille-crayon Croc Croc Maped Vert - avec réserve - 1T","p":1.9,"img":"https://fd13-photos.leclercdrive.fr/image.ashx?id=1690661&use=l&cat=p&typeid=i","cat":334133},{"id":108109,"n":"Agrafeuse Universal Maped Multicoloris 26/6 + 400 agrafes","p":7.77,"img":"https://fd13-photos.leclercdrive.fr/image.ashx?id=2510070&use=l&cat=p&typeid=i","cat":334133},{"id":108126,"n":"Agrafeuse Universal Maped Argent - 26/6 + 400 agrafes","p":7.77,"img":"https://fd13-photos.leclercdrive.fr/image.ashx?id=1686949&use=l&cat=p&typeid=i","cat":334133},{"id":108137,"n":"Agrafeuse Universal Maped Anthracite - 26/6 + 400 agrafes","p":7.77,"img":"https://fd13-photos.leclercdrive.fr/image.ashx?id=1686952&use=l&cat=p&typeid=i","cat":334133},{"id":108146,"n":"Boisson aux fruits Oasis Tropical - 2L","p":2.41,"u":"1,21 €/L","img":"https://fd13-photos.leclercdrive.fr/image.ashx?id=2996569&use=l&cat=p&typeid=i","cat":295018},{"id":108169,"n":"Mousse de canard Henaff 3x78g","p":3.75,"u":"16,03 €/KG","img":"https://fd13-photos.leclercdrive.fr/image.ashx?id=2305604&use=l&cat=p&typeid=i","cat":305149},{"id":108178,"n":"Twist et glue UHU Uni - Sans solvant - 35ml","p":2.3,"img":"https://fd13-photos.leclercdrive.fr/image.ashx?id=1684908&use=l&cat=p&typeid=i","cat":334133},{"id":108179,"n":"Twist et glue UHU Décor Bêtes- Sans solvant -35ml","p":2.3,"img":"https://fd13-photos.leclercdrive.fr/image.ashx?id=1684911&use=l&cat=p&typeid=i","cat":334133},{"id":108180,"n":"Compotes Pom'Potes Gourdes BIO  Multivariétés - 12x90g","p":6.59,"u":"6,10 €/KG","img":"https://fd13-photos.leclercdrive.fr/image.ashx?id=2926212&use=l&cat=p&typeid=i","cat":284508},{"id":108181,"n":"Tube de colle Uhu stic 2x21g","p":3.75,"img":"https://fd13-photos.leclercdrive.fr/image.ashx?id=1684914&use=l&cat=p&typeid=i","cat":334133},{"id":108182,"n":"Tube de colle Uhu stic Décor Bêtes - 2x21g","p":3.75,"img":"https://fd13-photos.leclercdrive.fr/image.ashx?id=1684917&use=l&cat=p&typeid=i","cat":334133},{"id":108196,"n":"Compas plastique Maped Bleu- Bague kid'z blister","p":1.25,"img":"https://fd13-photos.leclercdrive.fr/image.ashx?id=1690679&use=l&cat=p&typeid=i","cat":334133},{"id":108197,"n":"Compas plastique Maped Rose - Bague kid'z blister","p":1.25,"img":"https://fd13-photos.leclercdrive.fr/image.ashx?id=1690682&use=l&cat=p&typeid=i","cat":334133},{"id":108198,"n":"Compas plastique Maped Vert - Bague kid'z blister","p":1.25,"img":"https://fd13-photos.leclercdrive.fr/image.ashx?id=1690685&use=l&cat=p&typeid=i","cat":334133},{"id":108200,"n":"Stylo Roller Maped Bleu - Classic","p":2.25,"img":"https://fd13-photos.leclercdrive.fr/image.ashx?id=1690688&use=l&cat=p&typeid=i","cat":284696},{"id":108201,"n":"Stylo Roller Maped Rose - Classic","p":2.25,"img":"https://fd13-photos.leclercdrive.fr/image.ashx?id=1690691&use=l&cat=p&typeid=i","cat":284696},{"id":108266,"n":"Classeur extra large Exacompta Orange - 24.2x29.7cm","p":2.75,"img":"https://fd13-photos.leclercdrive.fr/image.ashx?id=1688348&use=l&cat=p&typeid=i","cat":284745},{"id":108337,"n":"Cahier Force 8 Clairefontaine Bleu Lagon  - 17x22cm - 96 page","p":0.85,"img":"https://fd13-photos.leclercdrive.fr/image.ashx?id=1688534&use=l&cat=p&typeid=i","cat":284697},{"id":108339,"n":"Cahier Force 8 Clairefontaine Bleu Marine - 17x22cm  - 96 p","p":0.85,"img":"https://fd13-photos.leclercdrive.fr/image.ashx?id=1688540&use=l&cat=p&typeid=i","cat":284697},{"id":108342,"n":"Cahier piqûre Force 8 96 pages Jaune - 17x22cm","p":0.85,"img":"https://fd13-photos.leclercdrive.fr/image.ashx?id=1688549&use=l&cat=p&typeid=i","cat":284697},{"id":108345,"n":"Cahier Force 8 Clairefontaine Orange - 17x22cm - 96 pages","p":0.85,"img":"https://fd13-photos.leclercdrive.fr/image.ashx?id=1688558&use=l&cat=p&typeid=i","cat":284697},{"id":108349,"n":"Cahier Force 8 Clairefontaine Rose - 17x22cm - 96 pages","p":0.85,"img":"https://fd13-photos.leclercdrive.fr/image.ashx?id=1688567&use=l&cat=p&typeid=i","cat":284697},{"id":108351,"n":"Cahier Force 8 Clairefontaine Rouge  - 17x22cm - 96 pages","p":0.85,"img":"https://fd13-photos.leclercdrive.fr/image.ashx?id=1688573&use=l&cat=p&typeid=i","cat":284697},{"id":108354,"n":"Cahier Force 8 Clairefontaine Vert Anis - 17x22cm - 96 pages","p":0.85,"img":"https://fd13-photos.leclercdrive.fr/image.ashx?id=1690152&use=l&cat=p&typeid=i","cat":284697},{"id":108356,"n":"Cahier Force 8 Clairefontaine Violet  - 17x22cm - 96 pages","p":0.85,"img":"https://fd13-photos.leclercdrive.fr/image.ashx?id=1688585&use=l&cat=p&typeid=i","cat":284697},{"id":108420,"n":"Cahier Force 8 Clairefontaine Bleu Lagon - 96p - 21x29.7cm A4","p":1.6,"img":"https://fd13-photos.leclercdrive.fr/image.ashx?id=1688741&use=l&cat=p&typeid=i","cat":284697},{"id":108422,"n":"Matière grasse Primevere 63%MG - oméga 3 - 240g","p":2.57,"u":"10,71 €/KG","img":"https://fd13-photos.leclercdrive.fr/image.ashx?id=2979060&use=l&cat=p&typeid=i","cat":315229},{"id":108449,"n":"Déodorant spray Monsavon Fleur Lotus-200ml","p":1.89,"u":"9,45 €/L","img":"https://fd13-photos.leclercdrive.fr/image.ashx?id=2643914&use=l&cat=p&typeid=i","cat":284595},{"id":108456,"n":"Café moulu Brocéliande Moka Ethiopie - 250g","p":5.03,"u":"20,12 €/KG","img":"https://fd13-photos.leclercdrive.fr/image.ashx?id=1745642&use=l&cat=p&typeid=i","cat":284750},{"id":108487,"n":"Lait entier UHT Laitik Brique - 1L","p":1.2,"u":"1,20 €/L","img":"https://fd13-photos.leclercdrive.fr/image.ashx?id=2447043&use=l&cat=p&typeid=i","cat":285610},{"id":108519,"n":"Bière Mutine IPA 6x25cl","p":8.1,"u":"5,40 €/L","img":"https://fd13-photos.leclercdrive.fr/image.ashx?id=2433011&use=l&cat=p&typeid=i","cat":334872},{"id":108533,"n":"Thon Blanc MSC Petit Navire Au naturel - 2x56g","p":3.59,"u":"32,05 €/KG","img":"https://fd13-photos.leclercdrive.fr/image.ashx?id=2521864&use=l&cat=p&typeid=i","cat":303867},{"id":108589,"n":"Protège-document Esquisse x1 Vert - A4 - 80 vues","p":2.59,"img":"https://fd13-photos.leclercdrive.fr/image.ashx?id=932860&use=l&cat=p&typeid=i","cat":284745},{"id":108593,"n":"Classeur extra-large Exacompta Rouge - 24.2x29.7cm","p":3.0,"img":"https://fd13-photos.leclercdrive.fr/image.ashx?id=1688744&use=l&cat=p&typeid=i","cat":284745},{"id":108668,"n":"Bière blonde La Goudale 7.2% vol. - 50cl","p":1.57,"u":"3,14 €/L","img":"https://fd13-photos.leclercdrive.fr/image.ashx?id=2513658&use=l&cat=p&typeid=i","cat":334852},{"id":108692,"n":"Bâton de colle Uhu stic 9x8.2g+1x21g","p":7.14,"u":"75,16 €/KG","img":"https://fd13-photos.leclercdrive.fr/image.ashx?id=2901049&use=l&cat=p&typeid=i","cat":334133},{"id":108707,"n":"Filtres à café Uni vert Bruns n°4 - x80","p":1.24,"u":"0,02 €/P","img":"https://fd13-photos.leclercdrive.fr/image.ashx?id=2634878&use=l&cat=p&typeid=i","cat":284751},{"id":108711,"n":"Gel Douche Fa Crème Cacao coco flacon - 250ml","p":1.49,"u":"5,96 €/L","img":"https://fd13-photos.leclercdrive.fr/image.ashx?id=2995097&use=l&cat=p&typeid=i","cat":284594},{"id":108712,"n":"Gel douche Fa Caribbean Wave flacon - 250ml","p":1.84,"u":"7,36 €/L","img":"https://fd13-photos.leclercdrive.fr/image.ashx?id=2110236&use=l&cat=p&typeid=i","cat":284594},{"id":108717,"n":"Vinaigrette légère Amora Moutarde - 380ml","p":2.1,"u":"5,53 €/L","img":"https://fd13-photos.leclercdrive.fr/image.ashx?id=2654170&use=l&cat=p&typeid=i","cat":284456},{"id":108724,"n":"Thé glacé Bio Village Bio Pêche - 1L","p":1.36,"u":"1,36 €/L","img":"https://fd13-photos.leclercdrive.fr/image.ashx?id=2670392&use=l&cat=p&typeid=i","cat":295019},{"id":108804,"n":"Compotes Pom'Potes Gourdes  Pomme Nature - 4x90g","p":1.79,"u":"4,97 €/KG","img":"https://fd13-photos.leclercdrive.fr/image.ashx?id=2968079&use=l&cat=p&typeid=i","cat":284508},{"id":108834,"n":"Lait Bio demi-écrémé Lactel UHT Bouteille - 6x25cl","p":4.68,"u":"3,12 €/L","img":"https://fd13-photos.leclercdrive.fr/image.ashx?id=2892790&use=l&cat=p&typeid=i","cat":284377},{"id":108836,"n":"Matin Léger de Lactel Bouteille Sans lactose 1.2% mg - 6x25cl","p":5.31,"u":"3,54 €/L","img":"https://fd13-photos.leclercdrive.fr/image.ashx?id=2883534&use=l&cat=p&typeid=i","cat":317169},{"id":108841,"n":"Foie morue nature Nautilus MSC - 25% sel - 120g","p":1.94,"u":"16,17 €/KG","img":"https://fd13-photos.leclercdrive.fr/image.ashx?id=2733610&use=l&cat=p&typeid=i","cat":305147},{"id":108842,"n":"Crevettes sauvages Natilus Décortiquées - 105g","p":4.36,"u":"41,52 €/KG","img":"https://fd13-photos.leclercdrive.fr/image.ashx?id=2733616&use=l&cat=p&typeid=i","cat":305147},{"id":108844,"n":"Plat bébé soir Blédichef 12mois Spaghetti crème légumes -2x230g","p":3.4,"u":"7,39 €/KG","img":"https://fd13-photos.leclercdrive.fr/image.ashx?id=2643494&use=l&cat=p&typeid=i","cat":312239},{"id":108885,"n":"Comté Le Montarlier Président 340g","p":6.61,"u":"19,44 €/KG","img":"https://fd13-photos.leclercdrive.fr/image.ashx?id=2364006&use=l&cat=p&typeid=i","cat":314034},{"id":108891,"n":"Croccante alla Mozzarella  Galbani - 150g","p":3.22,"u":"21,47 €/KG","img":"https://fd13-photos.leclercdrive.fr/image.ashx?id=2786000&use=l&cat=p&typeid=i","cat":314027},{"id":108936,"n":"AOP Comté Entremont Rapé - 130g","p":2.59,"u":"19,92 €/KG","img":"https://fd13-photos.leclercdrive.fr/image.ashx?id=2983165&use=l&cat=p&typeid=i","cat":314035},{"id":108988,"n":"Whisky Chivas Regal XV Blended Scotch 40% vol - 70cl","p":40.85,"pp":36.76,"u":"52,51 €/L","img":"https://fd13-photos.leclercdrive.fr/image.ashx?id=2877028&use=l&cat=p&typeid=i","cat":284547},{"id":109111,"n":"Calculette Texas Instrument TI-83 premium - Noir/Blanc","p":109.11,"u":"Dont 0,07 € d'éco-part.","img":"https://fd13-photos.leclercdrive.fr/image.ashx?id=2593974&use=l&cat=p&typeid=i","cat":334133},{"id":109112,"n":"Nectar Bio Village Bio Mangue - 1L","p":2.49,"u":"2,49 €/L","img":"https://fd13-photos.leclercdrive.fr/image.ashx?id=2954121&use=l&cat=p&typeid=i","cat":284916},{"id":109115,"n":"Nectar Bio Village Bio Abricot - 1L","p":2.69,"u":"2,69 €/L","img":"https://fd13-photos.leclercdrive.fr/image.ashx?id=2954124&use=l&cat=p&typeid=i","cat":284915},{"id":109116,"n":"Nectar de goyave Bio Village Bio - 1L","p":2.35,"u":"2,35 €/L","img":"https://fd13-photos.leclercdrive.fr/image.ashx?id=2956804&use=l&cat=p&typeid=i","cat":284916},{"id":109118,"n":"Pur jus de fruits Bio Village Bio - 1L","p":3.64,"u":"3,64 €/L","img":"https://fd13-photos.leclercdrive.fr/image.ashx?id=1927011&use=l&cat=p&typeid=i","cat":284917},{"id":109138,"n":"Smoothie innocent  énergie zeste 750ml","p":3.58,"u":"4,77 €/L","img":"https://fd13-photos.leclercdrive.fr/image.ashx?id=2892223&use=l&cat=p&typeid=i","cat":285435},{"id":109267,"n":"Panaché Force 4 0,4° - 10x25cl","p":4.16,"u":"1,66 €/L","img":"https://fd13-photos.leclercdrive.fr/image.ashx?id=2473321&use=l&cat=p&typeid=i","cat":334877},{"id":109271,"n":"Yaourt à boire Yop Aromatisé Coco - 825g","p":2.2,"u":"2,67 €/KG","img":"https://fd13-photos.leclercdrive.fr/image.ashx?id=2855576&use=l&cat=p&typeid=i","cat":284415},{"id":109274,"n":"Yaourt Enfant Petits Filous Aromatisé à la Fraise - 6x100g","p":2.84,"u":"4,73 €/KG","img":"https://fd13-photos.leclercdrive.fr/image.ashx?id=2748434&use=l&cat=p&typeid=i","cat":284415},{"id":109300,"n":"Café en grains Coïc Couleur de Bretagne - 250g","p":4.45,"pp":4.05,"u":"16,20 €/KG","img":"https://fd13-photos.leclercdrive.fr/image.ashx?id=2811086&use=l&cat=p&typeid=i","cat":293237},{"id":109301,"n":"Café moulu Coïc  Balade Bretonne - 250g","p":4.45,"pp":4.05,"u":"16,20 €/KG","img":"https://fd13-photos.leclercdrive.fr/image.ashx?id=2584187&use=l&cat=p&typeid=i","cat":284750},{"id":109304,"n":"Café moulu Coïc  Matin d'Iroise - 250g","p":5.82,"u":"23,28 €/KG","img":"https://fd13-photos.leclercdrive.fr/image.ashx?id=2505190&use=l&cat=p&typeid=i","cat":284750},{"id":109305,"n":"Café moulu Coïc  Matin d'Armor - 250g","p":5.8,"u":"23,20 €/KG","img":"https://fd13-photos.leclercdrive.fr/image.ashx?id=2505163&use=l&cat=p&typeid=i","cat":284750},{"id":109310,"n":"Bol Bio Village 6 mois bio Petits pois Riz Maïs - 2x200g","p":2.21,"u":"5,53 €/KG","img":"https://fd13-photos.leclercdrive.fr/image.ashx?id=2704819&use=l&cat=p&typeid=i","cat":312239},{"id":109315,"n":"Chocolat Lait cacahuète caramel Grain de Sail - Bio - 100g","p":3.52,"u":"35,20 €/KG","img":"https://fd13-photos.leclercdrive.fr/image.ashx?id=2399297&use=l&cat=p&typeid=i","cat":284497},{"id":109317,"n":"Bol Bio village 6 mois Bio Ratatouille Quinoa - 2x200g","p":2.45,"u":"6,13 €/KG","img":"https://fd13-photos.leclercdrive.fr/image.ashx?id=2704822&use=l&cat=p&typeid=i","cat":312239},{"id":109322,"n":"Bol legume vert riz Bio Village Saumon bio - 6 mois - 2x200g","p":2.55,"u":"6,38 €/KG","img":"https://fd13-photos.leclercdrive.fr/image.ashx?id=2704792&use=l&cat=p&typeid=i","cat":312235},{"id":109327,"n":"Filets maquereaux à la moutarde Mouettes d'Arvor - 169g","p":2.79,"u":"16,51 €/KG","img":"https://fd13-photos.leclercdrive.fr/image.ashx?id=2015726&use=l&cat=p&typeid=i","cat":303868},{"id":109338,"n":"Confiture fraise de Plougastel Les 4 saisons - 400g","p":4.36,"u":"10,90 €/KG","img":"https://fd13-photos.leclercdrive.fr/image.ashx?id=2848989&use=l&cat=p&typeid=i","cat":284480},{"id":109340,"n":"Confiture de rhubarbe Les 4 saisons - 400g","p":3.28,"u":"8,20 €/KG","img":"https://fd13-photos.leclercdrive.fr/image.ashx?id=2849013&use=l&cat=p&typeid=i","cat":284480},{"id":109341,"n":"Crème de caramel fleur de sel Les 4 saisons - 300g","p":4.49,"u":"14,97 €/KG","img":"https://fd13-photos.leclercdrive.fr/image.ashx?id=2848998&use=l&cat=p&typeid=i","cat":284481},{"id":109345,"n":"Confiture d'abricot Bio Les 4 saisons - 360g","p":3.49,"u":"9,69 €/KG","img":"https://fd13-photos.leclercdrive.fr/image.ashx?id=2848986&use=l&cat=p&typeid=i","cat":284480},{"id":109347,"n":"Confiture de mûre Les 4 saisons - 400g","p":3.79,"u":"9,48 €/KG","img":"https://fd13-photos.leclercdrive.fr/image.ashx?id=2849016&use=l&cat=p&typeid=i","cat":284480},{"id":109349,"n":"Confiture de cerise noire Les 4 saisons - 360g","p":3.99,"u":"11,08 €/KG","img":"https://fd13-photos.leclercdrive.fr/image.ashx?id=2848995&use=l&cat=p&typeid=i","cat":284480},{"id":109350,"n":"Confiture de myrtille Les 4 saisons - 400g","p":3.69,"u":"9,23 €/KG","img":"https://fd13-photos.leclercdrive.fr/image.ashx?id=2956427&use=l&cat=p&typeid=i","cat":284480},{"id":109355,"n":"Confiture de framboise Les 4 saisons - 400g","p":3.89,"u":"9,73 €/KG","img":"https://fd13-photos.leclercdrive.fr/image.ashx?id=2895304&use=l&cat=p&typeid=i","cat":284480},{"id":109359,"n":"Confiture de myrtille Bio Les 4 saisons - 360g","p":4.5,"u":"12,50 €/KG","img":"https://fd13-photos.leclercdrive.fr/image.ashx?id=2895283&use=l&cat=p&typeid=i","cat":284480},{"id":109361,"n":"Confiture fraise rhubarbe Les 4 saisons - 400g","p":3.59,"u":"8,98 €/KG","img":"https://fd13-photos.leclercdrive.fr/image.ashx?id=2848977&use=l&cat=p&typeid=i","cat":284480},{"id":109363,"n":"Confiture 4 fruits rouges Bio Les 4 saisons - 360g","p":4.18,"u":"11,61 €/KG","img":"https://fd13-photos.leclercdrive.fr/image.ashx?id=2915563&use=l&cat=p&typeid=i","cat":284480},{"id":109364,"n":"Confiture fraise framboisée Les 4 Saisons - 300g","p":3.05,"u":"10,17 €/KG","img":"https://fd13-photos.leclercdrive.fr/image.ashx?id=2956421&use=l&cat=p&typeid=i","cat":284480},{"id":109365,"n":"Confiture mirabelle de Lorraine Les 4 saisons - 360g","p":3.59,"u":"9,97 €/KG","img":"https://fd13-photos.leclercdrive.fr/image.ashx?id=2895295&use=l&cat=p&typeid=i","cat":284480},{"id":109366,"n":"Confiture de cassis Les 4 saisons - 400g","p":3.29,"u":"8,23 €/KG","img":"https://fd13-photos.leclercdrive.fr/image.ashx?id=2849022&use=l&cat=p&typeid=i","cat":284480},{"id":109369,"n":"Panaché Falsbourg  <0.5% vol. - 10X25cl","p":2.99,"u":"1,20 €/L","img":"https://fd13-photos.leclercdrive.fr/image.ashx?id=2637967&use=l&cat=p&typeid=i","cat":334877},{"id":109398,"n":"Filet de poulet  La Nouvelle Agriculture x2 260g","p":4.75,"u":"18,27 €/KG","img":"https://fd13-photos.leclercdrive.fr/image.ashx?id=2629079&use=l&cat=p&typeid=i","cat":284336},{"id":109399,"n":"Fine escalope de dinde noire La Nouvelle Agriculture- 100g","p":2.3,"u":"23,00 €/KG","img":"https://fd13-photos.leclercdrive.fr/image.ashx?id=2364282&use=l&cat=p&typeid=i","cat":284337},{"id":109418,"n":"Rillettes de Thon MSC Ronde des Mers - 125g","p":1.69,"u":"13,52 €/KG","img":"https://fd13-photos.leclercdrive.fr/image.ashx?id=2436696&use=l&cat=p&typeid=i","cat":303867},{"id":109437,"n":"Repas bébé Blédichef 12 mois  Couscous - 2x230g","p":3.69,"u":"8,02 €/KG","img":"https://fd13-photos.leclercdrive.fr/image.ashx?id=2479706&use=l&cat=p&typeid=i","cat":312237},{"id":109440,"n":"AOP Valencay Blanc Domaine Malet -  75cl","p":7.5,"u":"10,00 €/L","img":"https://fd13-photos.leclercdrive.fr/image.ashx?id=1743902&use=l&cat=p&typeid=i","cat":289557},{"id":109441,"n":"Thon entier MSC Pêche Océan Naturel - 140g","p":2.15,"u":"15,36 €/KG","img":"https://fd13-photos.leclercdrive.fr/image.ashx?id=2942211&use=l&cat=p&typeid=i","cat":303867},{"id":109442,"n":"Vin blanc Domus by UBY Côtes de Gascogne - 3L","p":14.9,"u":"4,97 €/L","img":"https://fd13-photos.leclercdrive.fr/image.ashx?id=2325374&use=l&cat=p&typeid=i","cat":289560},{"id":109449,"n":"Jus innocent ananas 900ml","p":3.23,"u":"3,59 €/L","img":"https://fd13-photos.leclercdrive.fr/image.ashx?id=2184732&use=l&cat=p&typeid=i","cat":285435},{"id":109451,"n":"Boisson lactée Danao Multivitaminé - 900ml","p":2.85,"u":"3,17 €/L","img":"https://fd13-photos.leclercdrive.fr/image.ashx?id=2637216&use=l&cat=p&typeid=i","cat":285435},{"id":109455,"n":"Boisson lactée Danao Orange Banane Fraise - 900ml","p":2.74,"u":"3,04 €/L","img":"https://fd13-photos.leclercdrive.fr/image.ashx?id=2609908&use=l&cat=p&typeid=i","cat":285435},{"id":109457,"n":"Boisson lactée Danao Pêche Abricot - 900ml","p":2.62,"u":"2,91 €/L","img":"https://fd13-photos.leclercdrive.fr/image.ashx?id=2606367&use=l&cat=p&typeid=i","cat":285435},{"id":109468,"n":"Poulet  La Nouvelle Agriculture Cuisse - x2 - 360g","p":2.75,"u":"7,64 €/KG","img":"https://fd13-photos.leclercdrive.fr/image.ashx?id=2629082&use=l&cat=p&typeid=i","cat":284336},{"id":109476,"n":"IGP Atlantique vin blanc Honoré de Berticot - 3L","p":11.16,"u":"3,72 €/L","img":"https://fd13-photos.leclercdrive.fr/image.ashx?id=1912604&use=l&cat=p&typeid=i","cat":289557},{"id":109499,"n":"crème dessert caramel beurre salé danette - 4x125g","p":1.67,"u":"3,34 €/KG","img":"https://fd13-photos.leclercdrive.fr/image.ashx?id=1987455&use=l&cat=p&typeid=i","cat":285041},{"id":109503,"n":"Vin rosé Passe Temps Côtes de Provence - 75cl","p":6.15,"u":"8,20 €/L","img":"https://fd13-photos.leclercdrive.fr/image.ashx?id=2869152&use=l&cat=p&typeid=i","cat":289558},{"id":109509,"n":"crème dessert café danette - 4x125g","p":1.65,"u":"3,30 €/KG","img":"https://fd13-photos.leclercdrive.fr/image.ashx?id=2961867&use=l&cat=p&typeid=i","cat":285041},{"id":109512,"n":"Petits suisses aux fruits Danonino - 6x100g","p":3.37,"u":"5,62 €/KG","img":"https://fd13-photos.leclercdrive.fr/image.ashx?id=2785244&use=l&cat=p&typeid=i","cat":284414},{"id":109545,"n":"Pain de mie Beau & Bon Harrys Céréales & graines - 320g","p":1.35,"u":"4,22 €/KG","img":"https://fd13-photos.leclercdrive.fr/image.ashx?id=2517480&use=l&cat=p&typeid=i","cat":284477},{"id":109548,"n":"Olives vertes bio Bio Village - 160g","p":2.79,"u":"17,44 €/KG","img":"https://fd13-photos.leclercdrive.fr/image.ashx?id=2552448&use=l&cat=p&typeid=i","cat":284450},{"id":109554,"n":"Pulpe de tomates bio Bio Village - 2x400g","p":2.18,"u":"5,45 €/KG","img":"https://fd13-photos.leclercdrive.fr/image.ashx?id=2181840&use=l&cat=p&typeid=i","cat":312608},{"id":109565,"n":"Thon entier MSC Pêche Océan Naturel - 93g","p":1.99,"u":"21,40 €/KG","img":"https://fd13-photos.leclercdrive.fr/image.ashx?id=2942217&use=l&cat=p&typeid=i","cat":303867},{"id":109567,"n":"AdBlue Diframa avec flexible 5L","p":7.9,"u":"1,58 €/L","img":"https://fd13-photos.leclercdrive.fr/image.ashx?id=1867723&use=l&cat=p&typeid=i","cat":298253},{"id":109578,"n":"Mouchoirs Ultra Soft Kleenex® Etuis mini x10","p":1.74,"u":"0,17 €/P","img":"https://fd13-photos.leclercdrive.fr/image.ashx?id=2840307&use=l&cat=p&typeid=i","cat":284638},{"id":109580,"n":"Terrine de campagne Bio Village Bio - 180g","p":2.79,"u":"15,50 €/KG","img":"https://fd13-photos.leclercdrive.fr/image.ashx?id=1710227&use=l&cat=p&typeid=i","cat":305149},{"id":109587,"n":"Diffuseur électrique Glade + Recharge Bois de Santal 20ml","p":5.6,"img":"https://fd13-photos.leclercdrive.fr/image.ashx?id=2864152&use=l&cat=p&typeid=i","cat":311629},{"id":109627,"n":"Crème dessert Danette vanille lit de chocolat -4x125g","p":1.67,"u":"3,34 €/KG","img":"https://fd13-photos.leclercdrive.fr/image.ashx?id=2939187&use=l&cat=p&typeid=i","cat":285041},{"id":109662,"n":"Chocolats Schoko-bons Kinder 125g","p":2.69,"u":"21,52 €/KG","img":"https://fd13-photos.leclercdrive.fr/image.ashx?id=2498461&use=l&cat=p&typeid=i","cat":304238},{"id":109664,"n":"Tomato Ketchup Allégé Heinz 50% sucre/sel en moins - 625g","p":3.29,"u":"5,26 €/KG","img":"https://fd13-photos.leclercdrive.fr/image.ashx?id=2927717&use=l&cat=p&typeid=i","cat":284455},{"id":109666,"n":"Café en grains L'OR Sélection 100% Arabica N° 6 1kg","p":18.75,"u":"18,75 €/KG","img":"https://fd13-photos.leclercdrive.fr/image.ashx?id=3000483&use=l&cat=p&typeid=i","cat":293237},{"id":109670,"n":"Compotes Pom'Potes Gourdes  Mix de Pommes - 20x90g","p":7.4,"u":"4,11 €/KG","img":"https://fd13-photos.leclercdrive.fr/image.ashx?id=2563349&use=l&cat=p&typeid=i","cat":284508},{"id":109742,"n":"Jus pour bébé NATURNES BIO Poire Abricot 6M+ - 20cl","p":0.89,"u":"4,45 €/L","img":"https://fd13-photos.leclercdrive.fr/image.ashx?id=2532258&use=l&cat=p&typeid=i","cat":312388},{"id":109753,"n":"Sauce crudité Amora Nature - 380ml","p":1.85,"u":"4,87 €/KG","img":"https://fd13-photos.leclercdrive.fr/image.ashx?id=2644995&use=l&cat=p&typeid=i","cat":284456},{"id":109756,"n":"Sauce gourmet Amora Poivre - 188g","p":1.74,"u":"9,26 €/KG","img":"https://fd13-photos.leclercdrive.fr/image.ashx?id=2181056&use=l&cat=p&typeid=i","cat":318430},{"id":109873,"n":"Pur jus de pomme Jafaden Douceur - 1L","p":1.5,"u":"1,50 €/L","img":"https://fd13-photos.leclercdrive.fr/image.ashx?id=2863178&use=l&cat=p&typeid=i","cat":284522},{"id":109892,"n":"Soda Coca-Cola Cherry Bouteille - 1,25L","p":1.8,"u":"1,44 €/L","img":"https://fd13-photos.leclercdrive.fr/image.ashx?id=2678161&use=l&cat=p&typeid=i","cat":284530},{"id":109893,"n":"Soda Coca-Cola Vanille Bouteille - 1,25L","p":1.95,"u":"1,56 €/L","img":"https://fd13-photos.leclercdrive.fr/image.ashx?id=2678164&use=l&cat=p&typeid=i","cat":284530},{"id":109918,"n":"Pur jus clementine Eco+ Orange Raisin - 1L","p":1.83,"u":"1,83 €/L","img":"https://fd13-photos.leclercdrive.fr/image.ashx?id=2869763&use=l&cat=p&typeid=i","cat":284917},{"id":109929,"n":"Stylo-bille 4 couleurs Bic Métallique - Shine - x1","p":2.38,"img":"https://fd13-photos.leclercdrive.fr/image.ashx?id=1555207&use=l&cat=p&typeid=i","cat":284696},{"id":109970,"n":"Huile Spéciale Pizza Soléou 25cl","p":1.99,"u":"7,96 €/L","img":"https://fd13-photos.leclercdrive.fr/image.ashx?id=2549651&use=l&cat=p&typeid=i","cat":284453},{"id":110000,"n":"Cornichons fins AMORA Bocal - 540g","p":3.6,"u":"6,67 €/KG","img":"https://fd13-photos.leclercdrive.fr/image.ashx?id=2672710&use=l&cat=p&typeid=i","cat":284458},{"id":110005,"n":"Repas bébé Blédichef 12 mois  Riz légumes poulet - 2x230g","p":3.85,"u":"8,37 €/KG","img":"https://fd13-photos.leclercdrive.fr/image.ashx?id=2361843&use=l&cat=p&typeid=i","cat":312237},{"id":110007,"n":"Tam Tam l'Original Saint-Michel - 275g","p":1.8,"u":"6,55 €/KG","img":"https://fd13-photos.leclercdrive.fr/image.ashx?id=2936239&use=l&cat=p&typeid=i","cat":284495},{"id":110009,"n":"Boisson végétale Bio Village Epeautre bio - 1l","p":1.9,"u":"1,90 €/L","img":"https://fd13-photos.leclercdrive.fr/image.ashx?id=2384935&use=l&cat=p&typeid=i","cat":316067},{"id":110022,"n":"Chien Medium/maxi Adulte One  Contrôle de poids - dinde 2.5kg","p":8.87,"u":"3,55 €/KG","img":"https://fd13-photos.leclercdrive.fr/image.ashx?id=2434494&use=l&cat=p&typeid=i","cat":284672},{"id":110027,"n":"Croquettes Chat bifensis One Stérilisé Contrôle poids 1.5kg","p":8.65,"u":"5,77 €/KG","img":"https://fd13-photos.leclercdrive.fr/image.ashx?id=2871142&use=l&cat=p&typeid=i","cat":284680},{"id":110039,"n":"Boisson amande Nat & Vie Sans sucre - 1L","p":1.36,"u":"1,36 €/L","img":"https://fd13-photos.leclercdrive.fr/image.ashx?id=2882340&use=l&cat=p&typeid=i","cat":316067},{"id":110048,"n":"Tendres effilés Chats Felix Encore plus de sauce 12x85g","p":4.47,"u":"4,38 €/KG","img":"https://fd13-photos.leclercdrive.fr/image.ashx?id=2957662&use=l&cat=p&typeid=i","cat":285286},{"id":110086,"n":"Joker Le Fruit Jus d'orange Et d'agrumes - 1L","p":2.84,"u":"2,84 €/L","img":"https://fd13-photos.leclercdrive.fr/image.ashx?id=2678960&use=l&cat=p&typeid=i","cat":284521},{"id":110087,"n":"Joker Le Fruit Jus multifruits exotiques - 1L","p":2.08,"u":"2,08 €/L","img":"https://fd13-photos.leclercdrive.fr/image.ashx?id=2826864&use=l&cat=p&typeid=i","cat":284917},{"id":110089,"n":"Croquettes chat  One Nature stérilisé boeuf - 1.4kg","p":7.8,"u":"5,57 €/KG","img":"https://fd13-photos.leclercdrive.fr/image.ashx?id=2383907&use=l&cat=p&typeid=i","cat":284680},{"id":110095,"n":"Sauce chinoise 290g","p":1.79,"u":"6,17 €/KG","img":"https://fd13-photos.leclercdrive.fr/image.ashx?id=2458145&use=l&cat=p&typeid=i","cat":318431},{"id":110101,"n":"Huile d'olive vierge extra 1.5L","p":12.9,"u":"8,60 €/L","img":"https://fd13-photos.leclercdrive.fr/image.ashx?id=2898035&use=l&cat=p&typeid=i","cat":284453},{"id":110119,"n":"Protège-document Esquisse Vert - A4 - 60 vues","p":2.0,"img":"https://fd13-photos.leclercdrive.fr/image.ashx?id=940827&use=l&cat=p&typeid=i","cat":284745},{"id":110121,"n":"Whisky Aberlour 10 ans Forest Single Malt Scotch 40% vol 70cl","p":24.9,"u":"35,57 €/L","img":"https://fd13-photos.leclercdrive.fr/image.ashx?id=3014871&use=l&cat=p&typeid=i","cat":284547},{"id":110123,"n":"Pavé Gourmand Garden Gourmet Fromage Soja et Blé 180g","p":3.85,"u":"21,39 €/KG","img":"https://fd13-photos.leclercdrive.fr/image.ashx?id=3011887&use=l&cat=p&typeid=i","cat":316036},{"id":110130,"n":"Dessert lacté Bio Village Bio - Abricot 6-9 mois 4x100g","p":2.04,"u":"5,10 €/KG","img":"https://fd13-photos.leclercdrive.fr/image.ashx?id=2709752&use=l&cat=p&typeid=i","cat":312392},{"id":110133,"n":"Dessert lacté bio Bio Village Fraise brassé - 6-9 mois 4x100g","p":2.11,"u":"5,28 €/KG","img":"https://fd13-photos.leclercdrive.fr/image.ashx?id=2709755&use=l&cat=p&typeid=i","cat":312392},{"id":110139,"n":"Dessert lacté bio Bio Village Brassé nature sucré - 4x100g","p":2.09,"u":"5,23 €/KG","img":"https://fd13-photos.leclercdrive.fr/image.ashx?id=2709761&use=l&cat=p&typeid=i","cat":312392},{"id":110146,"n":"Matière grasse Rustica Tournesol -60%MG -1/2 sel -500G","p":1.75,"u":"3,50 €/KG","img":"https://fd13-photos.leclercdrive.fr/image.ashx?id=2881247&use=l&cat=p&typeid=i","cat":315229},{"id":110150,"n":"Bol légumes  Bio Village Bio Poulet - 8mois - 2x200g","p":2.48,"u":"6,20 €/KG","img":"https://fd13-photos.leclercdrive.fr/image.ashx?id=2704780&use=l&cat=p&typeid=i","cat":312236},{"id":110153,"n":"Perforatrice 2 trous Esquisse Bleu - x1","p":2.8,"img":"https://fd13-photos.leclercdrive.fr/image.ashx?id=932712&use=l&cat=p&typeid=i","cat":334133},{"id":110154,"n":"Hachis parmentier Marie 300g","p":3.7,"u":"12,33 €/KG","img":"https://fd13-photos.leclercdrive.fr/image.ashx?id=2833315&use=l&cat=p&typeid=i","cat":333665},{"id":110159,"n":"Bol légumes saumon Bio Village Bio - 12 mois - 2x200g","p":2.69,"u":"6,73 €/KG","img":"https://fd13-photos.leclercdrive.fr/image.ashx?id=2704783&use=l&cat=p&typeid=i","cat":312237},{"id":110162,"n":"Paire de ciseaux Esquisse Vert - Bout rond 16cm - x1","p":0.99,"img":"https://fd13-photos.leclercdrive.fr/image.ashx?id=981562&use=l&cat=p&typeid=i","cat":334133},{"id":110168,"n":"Jus De Pomme Sous le Pommier 1L","p":2.52,"u":"2,52 €/L","img":"https://fd13-photos.leclercdrive.fr/image.ashx?id=2768957&use=l&cat=p&typeid=i","cat":284522},{"id":110173,"n":"Tomates Les Originales Panier du Primeur - 750g","p":3.99,"u":"5,32 €/KG","img":"https://fd13-photos.leclercdrive.fr/image.ashx?id=2408531&use=l&cat=p&typeid=i","cat":284352},{"id":110178,"n":"Radis ronds  Panier du Primeur - 250g","p":0.99,"u":"3,96 €/KG","img":"https://fd13-photos.leclercdrive.fr/image.ashx?id=3015117&use=l&cat=p&typeid=i","cat":284352},{"id":110179,"n":"Bol risotto Tomate Bio Village Aubergine bio - 2x200g","p":2.55,"u":"6,38 €/KG","img":"https://fd13-photos.leclercdrive.fr/image.ashx?id=2704825&use=l&cat=p&typeid=i","cat":312237},{"id":110182,"n":"Bol Spaghetti Bio Village 8mois Bio Bolognaise - 2x200g","p":2.59,"u":"6,48 €/KG","img":"https://fd13-photos.leclercdrive.fr/image.ashx?id=2704828&use=l&cat=p&typeid=i","cat":312236},{"id":110282,"n":"Compote pomme Breizh'Pom Gourdes - 20x90g","p":9.05,"u":"5,03 €/KG","img":"https://fd13-photos.leclercdrive.fr/image.ashx?id=2976002&use=l&cat=p&typeid=i","cat":284508},{"id":110284,"n":"Farine de blé noir complète Moulin de l'Ecluse - 500g","p":1.69,"u":"3,38 €/KG","img":"https://fd13-photos.leclercdrive.fr/image.ashx?id=2183583&use=l&cat=p&typeid=i","cat":284503},{"id":110285,"n":"Langue de bœuf Larzul Sauce piquante - 274g","p":5.13,"u":"18,72 €/KG","img":"https://fd13-photos.leclercdrive.fr/image.ashx?id=2838286&use=l&cat=p&typeid=i","cat":284441},{"id":110287,"n":"Langue de porc Larzul Sauce madère - 410g","p":4.62,"u":"11,27 €/KG","img":"https://fd13-photos.leclercdrive.fr/image.ashx?id=2529804&use=l&cat=p&typeid=i","cat":284441},{"id":110288,"n":"Palet pur beurre Le Glazik 400g","p":4.24,"u":"10,60 €/KG","img":"https://fd13-photos.leclercdrive.fr/image.ashx?id=2509382&use=l&cat=p&typeid=i","cat":284487},{"id":110289,"n":"Madeleine pur beurre Le Glazik 280g","p":3.05,"u":"10,89 €/KG","img":"https://fd13-photos.leclercdrive.fr/image.ashx?id=2509406&use=l&cat=p&typeid=i","cat":284492},{"id":110290,"n":"Gâteau breton Le Glazik Framboise - 400g","p":4.65,"u":"11,63 €/KG","img":"https://fd13-photos.leclercdrive.fr/image.ashx?id=2509400&use=l&cat=p&typeid=i","cat":293600},{"id":110291,"n":"Gâteau breton Le Glazik Pruneaux - 400g","p":4.52,"u":"11,30 €/KG","img":"https://fd13-photos.leclercdrive.fr/image.ashx?id=2509403&use=l&cat=p&typeid=i","cat":293600},{"id":110292,"n":"Quatre-quart  Le Glazik Pur beurre - 500g","p":4.35,"u":"8,70 €/KG","img":"https://fd13-photos.leclercdrive.fr/image.ashx?id=2507961&use=l&cat=p&typeid=i","cat":294776},{"id":110293,"n":"Gâteau breton nature Le Glazik Pur beurre - 500g","p":4.56,"u":"9,12 €/KG","img":"https://fd13-photos.leclercdrive.fr/image.ashx?id=2509373&use=l&cat=p&typeid=i","cat":293600},{"id":110294,"n":"Galettes/Palets Le Glazik Boite métal - 2x200g","p":7.78,"u":"19,45 €/KG","img":"https://fd13-photos.leclercdrive.fr/image.ashx?id=2509397&use=l&cat=p&typeid=i","cat":284487},{"id":110302,"n":"Saint Véran blanc Domaine Anguenot - 75cl","p":12.78,"u":"17,04 €/L","img":"https://fd13-photos.leclercdrive.fr/image.ashx?id=2177178&use=l&cat=p&typeid=i","cat":289557},{"id":110309,"n":"AOC Châteauneuf du Pape rouge Domaine Vieux Chemin - 75cl","p":19.9,"u":"26,53 €/L","img":"https://fd13-photos.leclercdrive.fr/image.ashx?id=1893031&use=l&cat=p&typeid=i","cat":289556},{"id":110323,"n":"Chardonnay Amour Bagatelle BIB 3L","p":12.5,"u":"4,17 €/L","img":"https://fd13-photos.leclercdrive.fr/image.ashx?id=2367805&use=l&cat=p&typeid=i","cat":289557},{"id":110325,"n":"AOP Muscadet Château Bagatelle - BIB 3L","p":12.95,"u":"4,32 €/L","img":"https://fd13-photos.leclercdrive.fr/image.ashx?id=2973144&use=l&cat=p&typeid=i","cat":289557},{"id":110327,"n":"IGP île de Beauté rosé BIB 3L","p":15.5,"u":"5,17 €/L","img":"https://fd13-photos.leclercdrive.fr/image.ashx?id=2549708&use=l&cat=p&typeid=i","cat":289560},{"id":110440,"n":"Viande hachée tradition Charal Prêt à cuisiner 5%mg - 500g","p":10.35,"u":"20,70 €/KG","img":"https://fd13-photos.leclercdrive.fr/image.ashx?id=2014385&use=l&cat=p&typeid=i","cat":284332},{"id":110459,"n":"Calculatrice Esquisse Noire","p":2.75,"u":"Dont 0,19 € d'éco-part.","img":"https://fd13-photos.leclercdrive.fr/image.ashx?id=1705060&use=l&cat=p&typeid=i","cat":334133},{"id":110463,"n":"Taille-crayon Esquisse Bleu avec réserve 2 trous","p":0.55,"img":"https://fd13-photos.leclercdrive.fr/image.ashx?id=2943301&use=l&cat=p&typeid=i","cat":334133},{"id":110465,"n":"Classeur 4 anneaux Esquisse Blanc - 21x29.7cm","p":1.99,"img":"https://fd13-photos.leclercdrive.fr/image.ashx?id=1703803&use=l&cat=p&typeid=i","cat":284745},{"id":110509,"n":"boisson végétale lait d'amande non grillée sans sucre alpro-1l","p":2.93,"u":"2,93 €/L","img":"https://fd13-photos.leclercdrive.fr/image.ashx?id=2980085&use=l&cat=p&typeid=i","cat":316067},{"id":110526,"n":"Protège-document Bleu - A4 - 120 vues","p":3.29,"img":"https://fd13-photos.leclercdrive.fr/image.ashx?id=940847&use=l&cat=p&typeid=i","cat":284745},{"id":110527,"n":"Protège-document Vert - A4 - 120 vues","p":3.29,"img":"https://fd13-photos.leclercdrive.fr/image.ashx?id=940879&use=l&cat=p&typeid=i","cat":284745},{"id":110556,"n":"Jus innocent plus  infatigableu 750ml","p":2.93,"u":"3,91 €/L","img":"https://fd13-photos.leclercdrive.fr/image.ashx?id=2862874&use=l&cat=p&typeid=i","cat":285435},{"id":110558,"n":"Protège-document Esquisse Violet - A4 - 60 vues","p":2.0,"img":"https://fd13-photos.leclercdrive.fr/image.ashx?id=932864&use=l&cat=p&typeid=i","cat":284745},{"id":110566,"n":"Crème dépilatoire Veet Men Corps Peaux Sensibles 200ml","p":4.35,"u":"21,75 €/L","img":"https://fd13-photos.leclercdrive.fr/image.ashx?id=2965689&use=l&cat=p&typeid=i","cat":284617},{"id":110568,"n":"Gel Lubrifiant Intime Durex Naturel Confort Base Eau 100ml","p":7.62,"u":"76,20 €/L","img":"https://fd13-photos.leclercdrive.fr/image.ashx?id=2960687&use=l&cat=p&typeid=i","cat":285160},{"id":110573,"n":"Culotte absorbante Chorys Plus médium - x14","p":7.56,"u":"0,54 €/P","img":"https://fd13-photos.leclercdrive.fr/image.ashx?id=2458109&use=l&cat=p&typeid=i","cat":284628},{"id":110574,"n":"Culotte absorbante Chorys Plus large - x14","p":10.2,"u":"0,73 €/P","img":"https://fd13-photos.leclercdrive.fr/image.ashx?id=2458112&use=l&cat=p&typeid=i","cat":284628},{"id":110575,"n":"Dentifrice Bionaïa Coco Aloe Vera bio - 75ml","p":1.99,"u":"26,53 €/L","img":"https://fd13-photos.leclercdrive.fr/image.ashx?id=2529549&use=l&cat=p&typeid=i","cat":284612},{"id":110577,"n":"Serviette incontinence Chorys Normal - x16","p":2.5,"u":"0,16 €/P","img":"https://fd13-photos.leclercdrive.fr/image.ashx?id=2158236&use=l&cat=p&typeid=i","cat":284628},{"id":110589,"n":"Serviette incontinence Chorys Super+ - x14","p":2.2,"u":"0,16 €/P","img":"https://fd13-photos.leclercdrive.fr/image.ashx?id=2162003&use=l&cat=p&typeid=i","cat":284628},{"id":110596,"n":"Poudre Lave Vaisselle Sun Classique 90 Lavages","p":8.97,"u":"3,15 €/KG","img":"https://fd13-photos.leclercdrive.fr/image.ashx?id=2866172&use=l&cat=p&typeid=i","cat":284656},{"id":110598,"n":"Solution 2 en 1 pour Mycose Ongles Pieds - 3,8 ml","p":11.89,"img":"https://fd13-photos.leclercdrive.fr/image.ashx?id=2990955&use=l&cat=p&typeid=i","cat":325354},{"id":110621,"n":"AOP Bordeaux Vin blanc. Dourthe La grande cuvée - 75cl","p":7.5,"u":"10,00 €/L","img":"https://fd13-photos.leclercdrive.fr/image.ashx?id=2926374&use=l&cat=p&typeid=i","cat":289557},{"id":110643,"n":"Yaourt à la Grecque Délisse Caramel beurre salé - 4x150g","p":2.59,"u":"4,32 €/KG","img":"https://fd13-photos.leclercdrive.fr/image.ashx?id=2699753&use=l&cat=p&typeid=i","cat":314999},{"id":110676,"n":"Riz cuisine Bio Village Fluide bio - 3x20cl","p":2.49,"u":"4,15 €/KG","img":"https://fd13-photos.leclercdrive.fr/image.ashx?id=2717260&use=l&cat=p&typeid=i","cat":288381},{"id":110681,"n":"Mayonaise Bio Bio Village Dijon - 238g","p":2.39,"u":"10,04 €/KG","img":"https://fd13-photos.leclercdrive.fr/image.ashx?id=2664869&use=l&cat=p&typeid=i","cat":298295},{"id":110712,"n":"Boisson lacté Délisse Vanille - 6x20cl","p":2.22,"u":"1,85 €/L","img":"https://fd13-photos.leclercdrive.fr/image.ashx?id=2171916&use=l&cat=p&typeid=i","cat":295246},{"id":110737,"n":"Dessert semoule bio Bio Village Vanille - 4x100g","p":2.15,"u":"5,38 €/KG","img":"https://fd13-photos.leclercdrive.fr/image.ashx?id=2709767&use=l&cat=p&typeid=i","cat":312392},{"id":110742,"n":"Protège-document Fuchsia - A4 - 120 vues","p":3.29,"img":"https://fd13-photos.leclercdrive.fr/image.ashx?id=1694239&use=l&cat=p&typeid=i","cat":284745},{"id":110803,"n":"Trieur Esquisse A4 Rouge - 8 positions - x1","p":2.79,"img":"https://fd13-photos.leclercdrive.fr/image.ashx?id=1180551&use=l&cat=p&typeid=i","cat":284745},{"id":110814,"n":"Classeur cahier Esquisse Turquoise - Polypro - 21x29.7cm","p":1.49,"img":"https://fd13-photos.leclercdrive.fr/image.ashx?id=1698745&use=l&cat=p&typeid=i","cat":284745},{"id":110817,"n":"Classeur cahier Esquisse Violet - Polypro - 21x29.7cm","p":1.49,"img":"https://fd13-photos.leclercdrive.fr/image.ashx?id=932844&use=l&cat=p&typeid=i","cat":284745},{"id":110819,"n":"Protège-document Esquisse x1 Fuchsia - A4 - 80 vues","p":2.59,"img":"https://fd13-photos.leclercdrive.fr/image.ashx?id=1694269&use=l&cat=p&typeid=i","cat":284745},{"id":110845,"n":"Huile végétale So'Bio Etic Amande douce bio - 50ml","p":4.48,"u":"89,60 €/L","img":"https://fd13-photos.leclercdrive.fr/image.ashx?id=2827956&use=l&cat=p&typeid=i","cat":325349},{"id":110847,"n":"Huile végétale So'Bio Etic Coco bio - 50ml","p":5.74,"u":"114,80 €/L","img":"https://fd13-photos.leclercdrive.fr/image.ashx?id=2827959&use=l&cat=p&typeid=i","cat":325349},{"id":110849,"n":"Dentifrice Bionaïa Charbon bio - 75ml","p":1.99,"u":"26,53 €/L","img":"https://fd13-photos.leclercdrive.fr/image.ashx?id=2529546&use=l&cat=p&typeid=i","cat":284612},{"id":110854,"n":"Fido Purina Bacon twist - 120g","p":2.0,"u":"16,67 €/KG","img":"https://fd13-photos.leclercdrive.fr/image.ashx?id=2447163&use=l&cat=p&typeid=i","cat":294527},{"id":110856,"n":"Pack bières blondes 8.6 8.6%vol - 4x50cl","p":5.52,"u":"2,76 €/L","img":"https://fd13-photos.leclercdrive.fr/image.ashx?id=2841601&use=l&cat=p&typeid=i","cat":334853},{"id":110858,"n":"Jus pour bébé Naturnes 6 mois Poire Banane Bio - 200ml","p":0.93,"u":"4,65 €/L","img":"https://fd13-photos.leclercdrive.fr/image.ashx?id=2406238&use=l&cat=p&typeid=i","cat":312388},{"id":110859,"n":"Bières blonde original 8.6 8.6%vol - 50cl","p":1.36,"u":"2,72 €/L","img":"https://fd13-photos.leclercdrive.fr/image.ashx?id=2112516&use=l&cat=p&typeid=i","cat":334853},{"id":110895,"n":"Spray désodorisant Airwick  Pure Fleurs de Cerisier - 250ml","p":3.13,"u":"12,52 €/L","img":"https://fd13-photos.leclercdrive.fr/image.ashx?id=1892498&use=l&cat=p&typeid=i","cat":311626},{"id":110903,"n":"Lingettes ultra-dégraissantes Citron, le paquet de 80","p":3.21,"img":"https://fd13-photos.leclercdrive.fr/image.ashx?id=2427359&use=l&cat=p&typeid=i","cat":325358},{"id":110918,"n":"Sirop sport Multifruit - 60cl","p":2.34,"u":"3,90 €/L","img":"https://fd13-photos.leclercdrive.fr/image.ashx?id=1892360&use=l&cat=p&typeid=i","cat":295020},{"id":110926,"n":"Crème cerises Giffard 16%vol - 50cl","p":5.5,"pp":4.95,"u":"9,90 €/L","img":"https://fd13-photos.leclercdrive.fr/image.ashx?id=2219666&use=l&cat=p&typeid=i","cat":286032},{"id":110927,"n":"Crème fraise des bois Giffard 16%vol - 50cl","p":5.5,"pp":4.95,"u":"9,90 €/L","img":"https://fd13-photos.leclercdrive.fr/image.ashx?id=2219663&use=l&cat=p&typeid=i","cat":286032},{"id":110928,"n":"Crème pamplemousse Giffard 16%vol - 50cl","p":5.5,"pp":4.95,"u":"9,90 €/L","img":"https://fd13-photos.leclercdrive.fr/image.ashx?id=2219156&use=l&cat=p&typeid=i","cat":286032},{"id":110996,"n":"Wrap Nat & Vie Chèvre Tomates x2 - 190g","p":2.81,"u":"14,79 €/KG","img":"https://fd13-photos.leclercdrive.fr/image.ashx?id=2771133&use=l&cat=p&typeid=i","cat":333658},{"id":111207,"n":"Jenlain ambrée 75cl","p":2.83,"u":"3,77 €/L","img":"https://fd13-photos.leclercdrive.fr/image.ashx?id=2732848&use=l&cat=p&typeid=i","cat":334852},{"id":111211,"n":"Pain de mie La Boulangère Seigle graines - 500g","p":1.83,"u":"3,66 €/KG","img":"https://fd13-photos.leclercdrive.fr/image.ashx?id=2912425&use=l&cat=p&typeid=i","cat":284477},{"id":111224,"n":"Whisky Jameson Caskmartes IPA 40%vol - 70cl","p":23.29,"u":"33,27 €/L","img":"https://fd13-photos.leclercdrive.fr/image.ashx?id=2024534&use=l&cat=p&typeid=i","cat":284547},{"id":111363,"n":"Allumettes Eco+ Nature - 2x100g","p":1.39,"u":"6,95 €/KG","img":"https://fd13-photos.leclercdrive.fr/image.ashx?id=2688255&use=l&cat=p&typeid=i","cat":316011},{"id":111369,"n":"Allumettes Eco+ Fumées - 2x100g","p":1.37,"u":"6,85 €/KG","img":"https://fd13-photos.leclercdrive.fr/image.ashx?id=2688258&use=l&cat=p&typeid=i","cat":316011},{"id":111385,"n":"Croquette chat stérilisé Ultima Boeuf - 1.5kg","p":6.29,"u":"4,19 €/KG","img":"https://fd13-photos.leclercdrive.fr/image.ashx?id=2921903&use=l&cat=p&typeid=i","cat":284680},{"id":111414,"n":"Repas bébé Blédichef 12 mois  Spaghetti bolognaise - 230g","p":1.75,"u":"7,61 €/KG","img":"https://fd13-photos.leclercdrive.fr/image.ashx?id=2643491&use=l&cat=p&typeid=i","cat":312237},{"id":111415,"n":"Repas bébé Blédichef 12 mois Purée épinards saumon - 230g","p":1.75,"u":"7,00 €/KG","img":"https://fd13-photos.leclercdrive.fr/image.ashx?id=1710731&use=l&cat=p&typeid=i","cat":312237},{"id":111418,"n":"Repas bébé Blédichef 15 mois Risotto courgette saumon - 250g","p":1.97,"u":"7,88 €/KG","img":"https://fd13-photos.leclercdrive.fr/image.ashx?id=2643488&use=l&cat=p&typeid=i","cat":312238},{"id":111419,"n":"Repas bébé Blédichef 24 mois  Macaroni carotte boeuf - 250g","p":1.98,"u":"7,92 €/KG","img":"https://fd13-photos.leclercdrive.fr/image.ashx?id=2951593&use=l&cat=p&typeid=i","cat":312238},{"id":111424,"n":"Repas bébé Blédichef 12 mois  Hachis parmentier - 230g","p":1.69,"u":"7,35 €/KG","img":"https://fd13-photos.leclercdrive.fr/image.ashx?id=2478571&use=l&cat=p&typeid=i","cat":312237},{"id":111426,"n":"Chips lentille Vico Tomate mozzarella - 85g","p":1.87,"u":"22,00 €/KG","img":"https://fd13-photos.leclercdrive.fr/image.ashx?id=2989255&use=l&cat=p&typeid=i","cat":284447},{"id":111428,"n":"Thé vert citron vert Twinings Gingembre - 20 sachets - 32g","p":2.64,"u":"82,50 €/KG","img":"https://fd13-photos.leclercdrive.fr/image.ashx?id=2893042&use=l&cat=p&typeid=i","cat":293233},{"id":111432,"n":"Plat bébé soir Blédichef 15mois Pomme de terre chou fleur -250g","p":1.93,"u":"7,72 €/KG","img":"https://fd13-photos.leclercdrive.fr/image.ashx?id=2479018&use=l&cat=p&typeid=i","cat":312239},{"id":111433,"n":"Repas bébé Blédichef 18 mois  Paëlla - 250g","p":1.9,"u":"7,60 €/KG","img":"https://fd13-photos.leclercdrive.fr/image.ashx?id=2951587&use=l&cat=p&typeid=i","cat":312238},{"id":111435,"n":"Repas bébé Blédichef 18 mois  Ratatouille poulet - 250g","p":1.93,"u":"7,72 €/KG","img":"https://fd13-photos.leclercdrive.fr/image.ashx?id=2951596&use=l&cat=p&typeid=i","cat":312238},{"id":111587,"n":"Café dosettes Tassimo L'Or XL Classique x16","p":4.76,"u":"35,00 €/KG","img":"https://fd13-photos.leclercdrive.fr/image.ashx?id=2100308&use=l&cat=p&typeid=i","cat":293240},{"id":111588,"n":"Café moulu Lobodis Caraïbes Bio - 250g","p":5.62,"u":"22,48 €/KG","img":"https://fd13-photos.leclercdrive.fr/image.ashx?id=2492698&use=l&cat=p&typeid=i","cat":284750},{"id":111641,"n":"Pur jus d'ananas Bio Village Bio - 6x20cl","p":5.16,"u":"4,30 €/L","img":"https://fd13-photos.leclercdrive.fr/image.ashx?id=2187079&use=l&cat=p&typeid=i","cat":284916},{"id":111644,"n":"Nectar multifruits Bio Village Bio - 1.5L","p":1.92,"u":"1,28 €/L","img":"https://fd13-photos.leclercdrive.fr/image.ashx?id=2954130&use=l&cat=p&typeid=i","cat":284917},{"id":111645,"n":"Nectar de pomme Bio Village Bio - 1.5L","p":1.79,"u":"1,19 €/L","img":"https://fd13-photos.leclercdrive.fr/image.ashx?id=2954133&use=l&cat=p&typeid=i","cat":284522},{"id":111700,"n":"Citronnade Bio Village Bio - 1L","p":1.41,"u":"1,41 €/L","img":"https://fd13-photos.leclercdrive.fr/image.ashx?id=2655719&use=l&cat=p&typeid=i","cat":295018},{"id":111709,"n":"Aiguillettes de poulet blanc 1kg","p":11.62,"u":"11,62 €/KG","img":"https://fd13-photos.leclercdrive.fr/image.ashx?id=2831981&use=l&cat=p&typeid=i","cat":284336},{"id":111785,"n":"Soda Pepsi Cola cerise sans sucres - 1.5L","p":1.64,"u":"1,09 €/L","img":"https://fd13-photos.leclercdrive.fr/image.ashx?id=2734924&use=l&cat=p&typeid=i","cat":284530},{"id":111893,"n":"Crème anti-crevasses Primoplast Talons - 60ml","p":2.89,"u":"48,17 €/L","img":"https://fd13-photos.leclercdrive.fr/image.ashx?id=2856567&use=l&cat=p&typeid=i","cat":325354},{"id":111894,"n":"Coloration Perfect Mousse  Schwarzkopf - 668 noisette","p":7.53,"img":"https://fd13-photos.leclercdrive.fr/image.ashx?id=2856709&use=l&cat=p&typeid=i","cat":288899},{"id":111895,"n":"Coloration Perfect Mousse Schwarzkopf - 500 châtain","p":7.45,"img":"https://fd13-photos.leclercdrive.fr/image.ashx?id=2970882&use=l&cat=p&typeid=i","cat":288899},{"id":111896,"n":"Coloration Perfect Mousse Schwarzkopf - 200 noir","p":6.86,"img":"https://fd13-photos.leclercdrive.fr/image.ashx?id=2970885&use=l&cat=p&typeid=i","cat":288899},{"id":111897,"n":"Coloration Casting crème gloss Prune exquise N°316","p":8.23,"img":"https://fd13-photos.leclercdrive.fr/image.ashx?id=2869074&use=l&cat=p&typeid=i","cat":288899},{"id":111898,"n":"Coloration permanente Garnier Châtain foncé pur 3.0 Olia","p":8.84,"u":"73,67 €/L","img":"https://fd13-photos.leclercdrive.fr/image.ashx?id=2323619&use=l&cat=p&typeid=i","cat":288899},{"id":111899,"n":"Coloration Perfect Mousse Schwarzkopf - 465 châtain choco","p":6.95,"img":"https://fd13-photos.leclercdrive.fr/image.ashx?id=2921555&use=l&cat=p&typeid=i","cat":288899},{"id":111900,"n":"Coloration Permanente Olia 4.0 Chatain Pur sans ammoniaque","p":7.98,"img":"https://fd13-photos.leclercdrive.fr/image.ashx?id=2471319&use=l&cat=p&typeid=i","cat":288899},{"id":111901,"n":"Coloration Permanente Olia 4.15 Marron Glacé","p":8.36,"img":"https://fd13-photos.leclercdrive.fr/image.ashx?id=2471322&use=l&cat=p&typeid=i","cat":288899},{"id":111902,"n":"Coloration Permanente Olia 5.0 Chatain Clair","p":8.5,"img":"https://fd13-photos.leclercdrive.fr/image.ashx?id=2471325&use=l&cat=p&typeid=i","cat":288899},{"id":111903,"n":"Coloration Permanente Olia 5.3 Chatain Clair Doré","p":8.91,"img":"https://fd13-photos.leclercdrive.fr/image.ashx?id=2520494&use=l&cat=p&typeid=i","cat":288899},{"id":111906,"n":"Déodorant compressé Ushuaïa Grenade - 100ml","p":3.39,"u":"33,90 €/L","img":"https://fd13-photos.leclercdrive.fr/image.ashx?id=2474608&use=l&cat=p&typeid=i","cat":284595},{"id":111907,"n":"Déodorant compressé Ushuaïa Fleur d'Oranger - 100ml","p":3.45,"u":"34,50 €/L","img":"https://fd13-photos.leclercdrive.fr/image.ashx?id=2474614&use=l&cat=p&typeid=i","cat":284595},{"id":111908,"n":"Huile d'amande douce Primoplast 100ml","p":3.25,"u":"32,50 €/L","img":"https://fd13-photos.leclercdrive.fr/image.ashx?id=2856576&use=l&cat=p&typeid=i","cat":284630},{"id":111910,"n":"Gommage tube Manava 150ml","p":1.99,"u":"13,27 €/L","img":"https://fd13-photos.leclercdrive.fr/image.ashx?id=2515691&use=l&cat=p&typeid=i","cat":284594},{"id":111911,"n":"Crème anti-rides Bionaïa Bio - 50ml","p":5.59,"u":"111,80 €/L","img":"https://fd13-photos.leclercdrive.fr/image.ashx?id=2436702&use=l&cat=p&typeid=i","cat":325345},{"id":111914,"n":"Bière ambrée Grimbergen 6,5° - 12x25cl","p":9.42,"u":"3,14 €/L","img":"https://fd13-photos.leclercdrive.fr/image.ashx?id=2294378&use=l&cat=p&typeid=i","cat":334852},{"id":111916,"n":"Shampooing Nat&Nove Bio Cheveux gras - 250ml","p":4.53,"u":"18,12 €/L","img":"https://fd13-photos.leclercdrive.fr/image.ashx?id=2520389&use=l&cat=p&typeid=i","cat":284606},{"id":111921,"n":"Dessert végétal soja Alpro Mangue sans sucres - 400g","p":2.36,"u":"5,90 €/KG","img":"https://fd13-photos.leclercdrive.fr/image.ashx?id=2976086&use=l&cat=p&typeid=i","cat":316071},{"id":111938,"n":"Bière blonde Affligem  Sans alcool - 6x25cl","p":4.85,"u":"3,23 €/L","img":"https://fd13-photos.leclercdrive.fr/image.ashx?id=2979695&use=l&cat=p&typeid=i","cat":334877},{"id":111939,"n":"Crémant de Loire Lacheteau Rosé - 75cl","p":6.06,"u":"8,08 €/L","img":"https://fd13-photos.leclercdrive.fr/image.ashx?id=2431920&use=l&cat=p&typeid=i","cat":284544},{"id":111972,"n":"Serviettes Discreet Tena Lady Extra Plus - x16","p":5.63,"u":"0,35 €/P","img":"https://fd13-photos.leclercdrive.fr/image.ashx?id=2597250&use=l&cat=p&typeid=i","cat":284628},{"id":111986,"n":"Repas bébé Blédichef 12 mois  Ratatouille duo poissons - 230g","p":1.93,"u":"8,39 €/KG","img":"https://fd13-photos.leclercdrive.fr/image.ashx?id=2852366&use=l&cat=p&typeid=i","cat":312237},{"id":111987,"n":"Repas bébé Blédichef 18 mois  Pâtes boeuf bourguignon - 250g","p":1.83,"u":"7,32 €/KG","img":"https://fd13-photos.leclercdrive.fr/image.ashx?id=2643746&use=l&cat=p&typeid=i","cat":312238},{"id":111988,"n":"Plat bébé soir Blédichef 18mois Pâtes carotte - 250g","p":1.72,"u":"6,88 €/KG","img":"https://fd13-photos.leclercdrive.fr/image.ashx?id=2479024&use=l&cat=p&typeid=i","cat":312239},{"id":111989,"n":"Plat bébé soir Blédichef 12mois Semoule carotte - 230g","p":1.82,"u":"7,91 €/KG","img":"https://fd13-photos.leclercdrive.fr/image.ashx?id=2852363&use=l&cat=p&typeid=i","cat":312239},{"id":111990,"n":"Plat bébé soir Blédichef 18mois Pâtes épinards carotte - 250g","p":1.86,"u":"7,44 €/KG","img":"https://fd13-photos.leclercdrive.fr/image.ashx?id=2479027&use=l&cat=p&typeid=i","cat":312239},{"id":111991,"n":"Repas bébé Blédichef 18 mois  Légumes volaille basquaise-250g","p":1.97,"u":"7,88 €/KG","img":"https://fd13-photos.leclercdrive.fr/image.ashx?id=2852369&use=l&cat=p&typeid=i","cat":312238},{"id":112026,"n":"Fromage Saint Félicien Dauphine NRT - 180g","p":2.65,"u":"14,72 €/KG","img":"https://fd13-photos.leclercdrive.fr/image.ashx?id=2600617&use=l&cat=p&typeid=i","cat":329558},{"id":112038,"n":"Piles Duracell 2016 - x2","p":5.7,"u":"2,85 €/P","img":"https://fd13-photos.leclercdrive.fr/image.ashx?id=2831396&use=l&cat=p&typeid=i","cat":300572},{"id":112070,"n":"Galettes bio St Michel Au bon beurre - 130g","p":1.24,"u":"9,54 €/KG","img":"https://fd13-photos.leclercdrive.fr/image.ashx?id=2936236&use=l&cat=p&typeid=i","cat":284487},{"id":112125,"n":"Crème nutritive nuit So'bio Précieux Argan bio  - 50ml","p":12.18,"u":"243,60 €/L","img":"https://fd13-photos.leclercdrive.fr/image.ashx?id=2990715&use=l&cat=p&typeid=i","cat":325345},{"id":112126,"n":"Crème rose jour So'Bio Etic Précieux Argan bio - 50ml","p":13.74,"u":"274,80 €/L","img":"https://fd13-photos.leclercdrive.fr/image.ashx?id=2792687&use=l&cat=p&typeid=i","cat":325345},{"id":112143,"n":"Oignon rouge Panier du Primeur x4","p":2.09,"u":"0,52 €/P","img":"https://fd13-photos.leclercdrive.fr/image.ashx?id=2966490&use=l&cat=p&typeid=i","cat":284352},{"id":112150,"n":"Graisse à Frire Vegétaline 100% végétale - 1kg","p":6.18,"u":"6,18 €/KG","img":"https://fd13-photos.leclercdrive.fr/image.ashx?id=1928297&use=l&cat=p&typeid=i","cat":315229},{"id":112153,"n":"Planta Fin Cuisson 79%MG - 500ml","p":2.13,"u":"4,26 €/L","img":"https://fd13-photos.leclercdrive.fr/image.ashx?id=2793083&use=l&cat=p&typeid=i","cat":315229},{"id":112163,"n":"Bière blonde 8.6 I.P.L  Blonde - 50cl","p":1.5,"pp":1.05,"u":"2,10 €/L","img":"https://fd13-photos.leclercdrive.fr/image.ashx?id=2677618&use=l&cat=p&typeid=i","cat":334853},{"id":112210,"n":"Bière blonde Affligem 6x25cl","p":5.3,"u":"3,53 €/L","img":"https://fd13-photos.leclercdrive.fr/image.ashx?id=2530323&use=l&cat=p&typeid=i","cat":334852},{"id":112291,"n":"Yaourt protéiné Hipro Myrtille 0%mg - 2x160g","p":2.17,"u":"6,78 €/KG","img":"https://fd13-photos.leclercdrive.fr/image.ashx?id=2800285&use=l&cat=p&typeid=i","cat":315000},{"id":112292,"n":"Yaourt protéiné Hipro Citron 0%mg - 2x160g","p":2.15,"u":"6,72 €/KG","img":"https://fd13-photos.leclercdrive.fr/image.ashx?id=2945415&use=l&cat=p&typeid=i","cat":315000},{"id":112293,"n":"Yaourt à boire protéiné Hipro Vanille cookie 0%mg - 300g","p":2.2,"u":"7,33 €/KG","img":"https://fd13-photos.leclercdrive.fr/image.ashx?id=2329753&use=l&cat=p&typeid=i","cat":315000},{"id":112294,"n":"Yaourt à boire protéiné Hipro Fraise framboise 0%mg - 300g","p":2.06,"u":"6,87 €/KG","img":"https://fd13-photos.leclercdrive.fr/image.ashx?id=2806060&use=l&cat=p&typeid=i","cat":315000},{"id":112340,"n":"Eau Micellaire La Provençale  Purifiante bio - 400ml","p":5.35,"u":"13,38 €/L","img":"https://fd13-photos.leclercdrive.fr/image.ashx?id=2759313&use=l&cat=p&typeid=i","cat":284603},{"id":112348,"n":"Coquilles St-Jacques A la normande - 5x90g","p":6.99,"u":"15,53 €/KG","img":"https://fd13-photos.leclercdrive.fr/image.ashx?id=2874949&use=l&cat=p&typeid=i","cat":319775},{"id":112374,"n":"Matière grasse Saint Hubert Sans sel - 50mg omega 3 - 250g","p":2.38,"u":"9,52 €/KG","img":"https://fd13-photos.leclercdrive.fr/image.ashx?id=3000120&use=l&cat=p&typeid=i","cat":315229},{"id":112471,"n":"Mousse Danette  Chocolat - 4x60g","p":1.69,"u":"7,04 €/KG","img":"https://fd13-photos.leclercdrive.fr/image.ashx?id=2964923&use=l&cat=p&typeid=i","cat":284417},{"id":112474,"n":"Mousse Danette  Caramel - 4x60g","p":1.68,"u":"7,00 €/KG","img":"https://fd13-photos.leclercdrive.fr/image.ashx?id=2939184&use=l&cat=p&typeid=i","cat":284417},{"id":112503,"n":"Baume de nuit La Provençale Bio Anti-Âge regénérant - 50ml","p":7.72,"u":"154,40 €/L","img":"https://fd13-photos.leclercdrive.fr/image.ashx?id=2950360&use=l&cat=p&typeid=i","cat":325345},{"id":112522,"n":"Calvados Père Magloire Fine 40%vol - 70cl","p":18.35,"u":"26,21 €/L","img":"https://fd13-photos.leclercdrive.fr/image.ashx?id=1973195&use=l&cat=p&typeid=i","cat":286032},{"id":112550,"n":"Feuille de chêne 125g","p":1.46,"u":"11,68 €/KG","img":"https://fd13-photos.leclercdrive.fr/image.ashx?id=2657966&use=l&cat=p&typeid=i","cat":284353},{"id":112557,"n":"Gnocchi à poêler Lustucru Fromage - 2x300g+ 300g offerts","p":3.19,"u":"3,54 €/KG","img":"https://fd13-photos.leclercdrive.fr/image.ashx?id=2192398&use=l&cat=p&typeid=i","cat":333682},{"id":112583,"n":"Biscuits Milka Chocolat au lait - 150g","p":1.68,"u":"11,20 €/KG","img":"https://fd13-photos.leclercdrive.fr/image.ashx?id=2347326&use=l&cat=p&typeid=i","cat":284488},{"id":112621,"n":"Riz au lait La Laitière Vanille - 4x115g","p":1.59,"u":"3,46 €/KG","img":"https://fd13-photos.leclercdrive.fr/image.ashx?id=2661151&use=l&cat=p&typeid=i","cat":284418},{"id":112623,"n":"Riz au lait La Laitière Vanille - 8x115g","p":3.1,"u":"3,37 €/KG","img":"https://fd13-photos.leclercdrive.fr/image.ashx?id=2610783&use=l&cat=p&typeid=i","cat":284418},{"id":112624,"n":"Semoule au lait La Laitière Vanille - 4x115g","p":1.66,"u":"3,61 €/KG","img":"https://fd13-photos.leclercdrive.fr/image.ashx?id=2654578&use=l&cat=p&typeid=i","cat":284418},{"id":112666,"n":"Meringues Valdelice Fantaisie P'tit bout - 250g","p":1.89,"u":"7,56 €/KG","img":"https://fd13-photos.leclercdrive.fr/image.ashx?id=2865854&use=l&cat=p&typeid=i","cat":327605},{"id":112695,"n":"Gianduiotti chocolat Novi 160g","p":4.49,"u":"28,06 €/KG","img":"https://fd13-photos.leclercdrive.fr/image.ashx?id=2615155&use=l&cat=p&typeid=i","cat":327595},{"id":112698,"n":"yaourt bifidus activia muesli quinoa amande chia -170g","p":1.9,"u":"11,18 €/KG","img":"https://fd13-photos.leclercdrive.fr/image.ashx?id=2965885&use=l&cat=p&typeid=i","cat":315000},{"id":112699,"n":"yaourt bifidus activia muesli framboise chia - 170g","p":1.94,"u":"11,41 €/KG","img":"https://fd13-photos.leclercdrive.fr/image.ashx?id=2965888&use=l&cat=p&typeid=i","cat":315000},{"id":112764,"n":"Potatoes aux herbes McCain Country Potatoes - 780g","p":2.73,"u":"3,50 €/KG","img":"https://fd13-photos.leclercdrive.fr/image.ashx?id=2973342&use=l&cat=p&typeid=i","cat":319791},{"id":112806,"n":"Soupe Liquide Liebig  10 Légumes & Crème fraiche - 1L","p":2.4,"u":"2,40 €/L","img":"https://fd13-photos.leclercdrive.fr/image.ashx?id=2941484&use=l&cat=p&typeid=i","cat":284462},{"id":112807,"n":"Soupe liquide Liebig  Légumes et vermicelles - 2x30cl","p":2.0,"u":"3,33 €/L","img":"https://fd13-photos.leclercdrive.fr/image.ashx?id=2164075&use=l&cat=p&typeid=i","cat":284462},{"id":112808,"n":"Soupe liquide Liebig légumes Et vermicelles - Brique 1L","p":2.16,"u":"2,16 €/L","img":"https://fd13-photos.leclercdrive.fr/image.ashx?id=2892142&use=l&cat=p&typeid=i","cat":284462},{"id":112811,"n":"Gel Lave-Vaisselle Sun Tout-en-1 Citron 52 Lavages","p":7.9,"u":"8,78 €/L","img":"https://fd13-photos.leclercdrive.fr/image.ashx?id=2356268&use=l&cat=p&typeid=i","cat":284656},{"id":112870,"n":"Mallette magie 300 tours Dès 7 ans - Made in France","p":18.5,"img":"https://fd13-photos.leclercdrive.fr/image.ashx?id=2603231&use=l&cat=p&typeid=i","cat":334378},{"id":112873,"n":"Une saison au zoo Le jeu du soigneur - Dès 6 ans","p":9.95,"img":"https://fd13-photos.leclercdrive.fr/image.ashx?id=2527877&use=l&cat=p&typeid=i","cat":334378},{"id":112877,"n":"Fabulus potium Dès 8 ans - Made in france","p":21.0,"img":"https://fd13-photos.leclercdrive.fr/image.ashx?id=1854908&use=l&cat=p&typeid=i","cat":334378},{"id":112897,"n":"Twister Dès 6 ans","p":14.8,"img":"https://fd13-photos.leclercdrive.fr/image.ashx?id=2600797&use=l&cat=p&typeid=i","cat":334378},{"id":112898,"n":"Triominos junior Dès 5 ans","p":19.8,"img":"https://fd13-photos.leclercdrive.fr/image.ashx?id=2728855&use=l&cat=p&typeid=i","cat":334378},{"id":112905,"n":"Soupe liquide bouteille Liebig  Velouté Potiron Chataîgne -75cl","p":3.17,"u":"4,23 €/L","img":"https://fd13-photos.leclercdrive.fr/image.ashx?id=2842564&use=l&cat=p&typeid=i","cat":284462},{"id":112933,"n":"Soupe liquide brique Liebig  Mouliné Légumes d'hiver 2x30cl","p":2.36,"u":"3,93 €/L","img":"https://fd13-photos.leclercdrive.fr/image.ashx?id=2369918&use=l&cat=p&typeid=i","cat":284462},{"id":113052,"n":"Confiture Bonne Maman Cerise intense - 335g","p":2.31,"u":"6,90 €/KG","img":"https://fd13-photos.leclercdrive.fr/image.ashx?id=2341023&use=l&cat=p&typeid=i","cat":284480},{"id":113058,"n":"AOC Côtes du Rhône ss sulfites rouge Rives & Terrasses - 75cl","p":4.99,"u":"6,65 €/L","img":"https://fd13-photos.leclercdrive.fr/image.ashx?id=2846189&use=l&cat=p&typeid=i","cat":289556},{"id":113108,"n":"Tartine Grilletine de Pasquier Froment - x18 - 242g","p":1.33,"u":"5,50 €/KG","img":"https://fd13-photos.leclercdrive.fr/image.ashx?id=2333060&use=l&cat=p&typeid=i","cat":284479},{"id":113110,"n":"Tartine Grilletine de Pasquier Blé complet - x18 - 242g","p":1.56,"u":"6,45 €/KG","img":"https://fd13-photos.leclercdrive.fr/image.ashx?id=2333063&use=l&cat=p&typeid=i","cat":284479},{"id":113221,"n":"Crème Fleurette Légère 12% MG - 38cl","p":1.82,"u":"4,79 €/L","img":"https://fd13-photos.leclercdrive.fr/image.ashx?id=2733661&use=l&cat=p&typeid=i","cat":284381},{"id":113287,"n":"Bière Ambree Jenlain 6x25cl","p":5.55,"u":"3,70 €/L","img":"https://fd13-photos.leclercdrive.fr/image.ashx?id=2504677&use=l&cat=p&typeid=i","cat":334852},{"id":113292,"n":"Boisson énergisante Monster Energy Punch Pipeline - 50CL","p":1.54,"u":"3,08 €/L","img":"https://fd13-photos.leclercdrive.fr/image.ashx?id=2207436&use=l&cat=p&typeid=i","cat":284533},{"id":113330,"n":"Petits pois Cassegrain 2x280g","p":3.59,"u":"6,41 €/KG","img":"https://fd13-photos.leclercdrive.fr/image.ashx?id=2138611&use=l&cat=p&typeid=i","cat":312607},{"id":113331,"n":"Recharges absorbeur d'humidité Foxter Lavande - Galet x4 450g","p":13.99,"u":"7,77 €/KG","img":"https://fd13-photos.leclercdrive.fr/image.ashx?id=1735984&use=l&cat=p&typeid=i","cat":300576},{"id":113358,"n":"Bière ambrée Leffe 6,6% - 12x25cl","p":11.34,"u":"3,78 €/L","img":"https://fd13-photos.leclercdrive.fr/image.ashx?id=2533985&use=l&cat=p&typeid=i","cat":334852},{"id":113389,"n":"Jambon cru Aoste 4 tranches + 2 offertes - 150g","p":4.3,"u":"28,67 €/KG","img":"https://fd13-photos.leclercdrive.fr/image.ashx?id=1863606&use=l&cat=p&typeid=i","cat":316007},{"id":113412,"n":"Soupe liquide Knorr Patate Douce - 45cl","p":2.63,"u":"5,84 €/L","img":"https://fd13-photos.leclercdrive.fr/image.ashx?id=2646967&use=l&cat=p&typeid=i","cat":284462},{"id":113463,"n":"AOP Haut-Medoc rouge Ch. Larose-Trintaudon -75cl","p":13.25,"u":"17,67 €/L","img":"https://fd13-photos.leclercdrive.fr/image.ashx?id=2213016&use=l&cat=p&typeid=i","cat":289556},{"id":113503,"n":"AOP Saint-Emilion Grand Cru Côtes Rocheuses - 75cl","p":14.9,"pp":11.9,"u":"15,87 €/L","img":"https://fd13-photos.leclercdrive.fr/image.ashx?id=2921115&use=l&cat=p&typeid=i","cat":289556},{"id":113558,"n":"Compotes Pom'Potes Gourdes  5 Fruits Exotiques - 4x90g","p":1.99,"u":"5,53 €/KG","img":"https://fd13-photos.leclercdrive.fr/image.ashx?id=2990424&use=l&cat=p&typeid=i","cat":284508},{"id":113580,"n":"Filtre à café Melita 1x6 Original brun - x40","p":1.64,"u":"13,67 €/KG","img":"https://fd13-photos.leclercdrive.fr/image.ashx?id=2882047&use=l&cat=p&typeid=i","cat":284751},{"id":113654,"n":"Xtrem Box Sodebo Radiatori Bœuf Poivre - 400g","p":3.5,"u":"8,75 €/KG","img":"https://fd13-photos.leclercdrive.fr/image.ashx?id=2643998&use=l&cat=p&typeid=i","cat":334983},{"id":113663,"n":"Culottes Taille L Tena Plus Night - x12","p":13.53,"u":"1,13 €/P","img":"https://fd13-photos.leclercdrive.fr/image.ashx?id=1868299&use=l&cat=p&typeid=i","cat":284628},{"id":113680,"n":"Brioche tressée Nature Harrys Sucre perlé sans additif - 500g","p":2.95,"u":"5,90 €/KG","img":"https://fd13-photos.leclercdrive.fr/image.ashx?id=2503013&use=l&cat=p&typeid=i","cat":284478},{"id":113686,"n":"Tablette de chocolat noir Lindt Citron Gingembre - 100g","p":2.51,"u":"25,10 €/KG","img":"https://fd13-photos.leclercdrive.fr/image.ashx?id=2956996&use=l&cat=p&typeid=i","cat":284956},{"id":113709,"n":"Crème dessert La Laitière Pot de crème caramel - 4x100g","p":2.34,"u":"5,85 €/KG","img":"https://fd13-photos.leclercdrive.fr/image.ashx?id=2849683&use=l&cat=p&typeid=i","cat":285041},{"id":113726,"n":"Bûche glacée L'Angélys Vanille Fraise - 330g","p":10.59,"u":"32,09 €/KG","img":"https://fd13-photos.leclercdrive.fr/image.ashx?id=2963628&use=l&cat=p&typeid=i","cat":284266},{"id":113732,"n":"Lames de rasoir Bulldog 4 recharges - 5 lames","p":11.34,"img":"https://fd13-photos.leclercdrive.fr/image.ashx?id=1733158&use=l&cat=p&typeid=i","cat":284616},{"id":113754,"n":"Crème fraîche Yoplait Légère -12% matière grasse 450g","p":1.45,"u":"3,22 €/KG","img":"https://fd13-photos.leclercdrive.fr/image.ashx?id=2811032&use=l&cat=p&typeid=i","cat":284381},{"id":113756,"n":"Fromage blanc Calin Nature - 3,2%MG - 1kg","p":2.66,"u":"2,66 €/KG","img":"https://fd13-photos.leclercdrive.fr/image.ashx?id=2973727&use=l&cat=p&typeid=i","cat":284409},{"id":113786,"n":"Assiette Tajine Bio Village Bio  15 mois 250g","p":1.85,"u":"7,40 €/KG","img":"https://fd13-photos.leclercdrive.fr/image.ashx?id=2900226&use=l&cat=p&typeid=i","cat":312238},{"id":113789,"n":"Assiette bio Bio Village Pot au feu - 18 mois - 260g","p":1.89,"u":"7,27 €/KG","img":"https://fd13-photos.leclercdrive.fr/image.ashx?id=2900235&use=l&cat=p&typeid=i","cat":312238},{"id":113792,"n":"Assiette bio 15mois Bio Village Legumes volaille basquaise 250g","p":1.79,"u":"7,16 €/KG","img":"https://fd13-photos.leclercdrive.fr/image.ashx?id=2900244&use=l&cat=p&typeid=i","cat":312238},{"id":113793,"n":"Assiette bio Bio Village Carotte boeuf pdt 15mois 250g","p":1.85,"u":"7,40 €/KG","img":"https://fd13-photos.leclercdrive.fr/image.ashx?id=2900241&use=l&cat=p&typeid=i","cat":312238},{"id":113803,"n":"IGP Terres du midi vin rosé  Prieur Barsanne 12% vol - 75cl","p":2.99,"u":"3,99 €/L","img":"https://fd13-photos.leclercdrive.fr/image.ashx?id=2905925&use=l&cat=p&typeid=i","cat":289558},{"id":113805,"n":"IGP Terres du midi vin rosé  Prieur Barsanne 12% vol BIB 3L","p":7.99,"u":"2,66 €/L","img":"https://fd13-photos.leclercdrive.fr/image.ashx?id=2884264&use=l&cat=p&typeid=i","cat":289560},{"id":113806,"n":"Omelette norvégienne L'Angelys Vanille - 360g","p":11.99,"u":"33,31 €/KG","img":"https://fd13-photos.leclercdrive.fr/image.ashx?id=2921987&use=l&cat=p&typeid=i","cat":284266},{"id":113808,"n":"Crème dessert La Laitière Pot de crème vanille - 4x100g","p":2.28,"u":"5,70 €/KG","img":"https://fd13-photos.leclercdrive.fr/image.ashx?id=2875969&use=l&cat=p&typeid=i","cat":285041},{"id":113811,"n":"Crème dessert La Laitière Pot de crème chocolat - 4x100g","p":2.24,"u":"5,60 €/KG","img":"https://fd13-photos.leclercdrive.fr/image.ashx?id=2875966&use=l&cat=p&typeid=i","cat":285041},{"id":113813,"n":"Crème dessert La Laitière Pot de crème café - 4x100g","p":2.37,"u":"5,93 €/KG","img":"https://fd13-photos.leclercdrive.fr/image.ashx?id=2875963&use=l&cat=p&typeid=i","cat":285041},{"id":113839,"n":"AOC Coteaux Varois en Provence Rosé Bio Terres Ocrées - 75cl","p":4.99,"u":"6,65 €/L","img":"https://fd13-photos.leclercdrive.fr/image.ashx?id=2695349&use=l&cat=p&typeid=i","cat":289558},{"id":113851,"n":"100% pur Jus bio Bio Village Petit-déjeuner  - 1L","p":2.87,"u":"2,87 €/L","img":"https://fd13-photos.leclercdrive.fr/image.ashx?id=2901566&use=l&cat=p&typeid=i","cat":284521},{"id":113854,"n":"Panaché Millbrau <0.5%vol - 10x25cl","p":2.46,"u":"0,98 €/L","img":"https://fd13-photos.leclercdrive.fr/image.ashx?id=2059071&use=l&cat=p&typeid=i","cat":334877},{"id":113855,"n":"Boisson thé Fresh Tea Pêche abricot - 1.5L","p":1.82,"u":"1,21 €/L","img":"https://fd13-photos.leclercdrive.fr/image.ashx?id=2622281&use=l&cat=p&typeid=i","cat":295019},{"id":113858,"n":"Yaourt à la grecque YAOS Nature - 8x125g","p":3.36,"u":"3,36 €/KG","img":"https://fd13-photos.leclercdrive.fr/image.ashx?id=2418462&use=l&cat=p&typeid=i","cat":314999},{"id":113940,"n":"Thon à la catalane Les Mouettes d'Arvor - 2x190g","p":5.6,"u":"15,91 €/KG","img":"https://fd13-photos.leclercdrive.fr/image.ashx?id=2015708&use=l&cat=p&typeid=i","cat":303867},{"id":113969,"n":"Thon Albacore Le Savoureux Entier à l'Huile d'Olive - 80g","p":1.69,"u":"21,13 €/KG","img":"https://fd13-photos.leclercdrive.fr/image.ashx?id=2167919&use=l&cat=p&typeid=i","cat":303867},{"id":113971,"n":"Huile d'Olive Puget 25cl","p":3.79,"u":"15,16 €/L","img":"https://fd13-photos.leclercdrive.fr/image.ashx?id=2343297&use=l&cat=p&typeid=i","cat":284453},{"id":113980,"n":"Café dosettes Tassimo Grand-mère - Expresso x16","p":3.55,"u":"34,13 €/KG","img":"https://fd13-photos.leclercdrive.fr/image.ashx?id=1749617&use=l&cat=p&typeid=i","cat":293240},{"id":113996,"n":"Jambon cru Le plateau Aoste 10 Tranches - 220g","p":5.75,"u":"26,14 €/KG","img":"https://fd13-photos.leclercdrive.fr/image.ashx?id=1877231&use=l&cat=p&typeid=i","cat":316007},{"id":113998,"n":"Girasoli Lustucru Selection  Ricotta Epinard - 250g","p":2.56,"u":"10,24 €/KG","img":"https://fd13-photos.leclercdrive.fr/image.ashx?id=2974351&use=l&cat=p&typeid=i","cat":333682},{"id":114017,"n":"Bière blonde Heineken 5%vol - 12x33cl","p":9.03,"u":"2,28 €/L","img":"https://fd13-photos.leclercdrive.fr/image.ashx?id=3008125&use=l&cat=p&typeid=i","cat":334853},{"id":114018,"n":"Bière blonde Heineken 5%vol - Boite 4x50cl","p":4.4,"u":"2,20 €/L","img":"https://fd13-photos.leclercdrive.fr/image.ashx?id=3008122&use=l&cat=p&typeid=i","cat":334853},{"id":114020,"n":"Bière aromatisée  Desperados 5.9%vol - Boite 50cl","p":1.75,"u":"3,50 €/L","img":"https://fd13-photos.leclercdrive.fr/image.ashx?id=2977303&use=l&cat=p&typeid=i","cat":334853},{"id":114023,"n":"Thon au naturel Petit Navire Démarche Responsable - 280g","p":4.4,"u":"15,71 €/KG","img":"https://fd13-photos.leclercdrive.fr/image.ashx?id=2909974&use=l&cat=p&typeid=i","cat":303867},{"id":114047,"n":"Plat bébé soir Blédichef 12mois Macaroni courgette - 2x230g","p":3.52,"u":"7,65 €/KG","img":"https://fd13-photos.leclercdrive.fr/image.ashx?id=2560690&use=l&cat=p&typeid=i","cat":312239},{"id":114076,"n":"Saucisse de Toulouse Stephan Aux lentilles - 420g","p":3.17,"u":"7,55 €/KG","img":"https://fd13-photos.leclercdrive.fr/image.ashx?id=2757033&use=l&cat=p&typeid=i","cat":284441},{"id":114091,"n":"Lait corps satinant Inell 250ml","p":2.5,"u":"10,00 €/L","img":"https://fd13-photos.leclercdrive.fr/image.ashx?id=2691697&use=l&cat=p&typeid=i","cat":325349},{"id":114092,"n":"Brosse à dents bambou Dentamyl Médium - 1 pièce","p":1.95,"img":"https://fd13-photos.leclercdrive.fr/image.ashx?id=2783495&use=l&cat=p&typeid=i","cat":284614},{"id":114093,"n":"Brosse à dents bambou Dentamyl Souple - 1 pièce","p":1.95,"img":"https://fd13-photos.leclercdrive.fr/image.ashx?id=2790997&use=l&cat=p&typeid=i","cat":284614},{"id":114094,"n":"Shampooing douche Petit Manava Pêche abricot - 500ml","p":2.19,"u":"4,38 €/L","img":"https://fd13-photos.leclercdrive.fr/image.ashx?id=2410636&use=l&cat=p&typeid=i","cat":284606},{"id":114095,"n":"Mouchoirs blancs 3 plis Caresse Boîte - x150","p":1.65,"u":"0,01 €/P","img":"https://fd13-photos.leclercdrive.fr/image.ashx?id=2779298&use=l&cat=p&typeid=i","cat":284638},{"id":114096,"n":"Culotte Chorys Taille XL - x10","p":10.31,"u":"1,03 €/P","img":"https://fd13-photos.leclercdrive.fr/image.ashx?id=2623016&use=l&cat=p&typeid=i","cat":284628},{"id":114098,"n":"Lingettes Pampers Freshclean - 3x52","p":6.47,"u":"0,04 €/P","img":"https://fd13-photos.leclercdrive.fr/image.ashx?id=2964066&use=l&cat=p&typeid=i","cat":284738},{"id":114099,"n":"Lingettes Pampers Freshclean - x52","p":1.49,"u":"0,03 €/P","img":"https://fd13-photos.leclercdrive.fr/image.ashx?id=2280365&use=l&cat=p&typeid=i","cat":284738},{"id":114101,"n":"Culottes Mots d'enfants T4 : 8/15kg - x42","p":9.75,"u":"0,23 €/P","img":"https://fd13-photos.leclercdrive.fr/image.ashx?id=2907234&use=l&cat=p&typeid=i","cat":290633},{"id":114102,"n":"Change culottes Mots d'enfants T5 : 12/18kg - x40","p":9.75,"u":"0,24 €/P","img":"https://fd13-photos.leclercdrive.fr/image.ashx?id=2907237&use=l&cat=p&typeid=i","cat":290633},{"id":114103,"n":"Change culottes Mots d'enfants T6 : +16kg - x36","p":9.75,"u":"0,27 €/P","img":"https://fd13-photos.leclercdrive.fr/image.ashx?id=2907240&use=l&cat=p&typeid=i","cat":290633},{"id":114152,"n":"Pâtes bio Jardin Bio Bon tuyaux semi-complets - 500g","p":1.85,"u":"3,70 €/KG","img":"https://fd13-photos.leclercdrive.fr/image.ashx?id=2963190&use=l&cat=p&typeid=i","cat":284427},{"id":114156,"n":"Huile vierge coco Jardin Bio  Bio - 460g","p":7.08,"u":"15,39 €/KG","img":"https://fd13-photos.leclercdrive.fr/image.ashx?id=2790036&use=l&cat=p&typeid=i","cat":284453},{"id":114161,"n":"Sachet assortiment Toblerone 248g","p":7.49,"u":"30,20 €/KG","img":"https://fd13-photos.leclercdrive.fr/image.ashx?id=2912647&use=l&cat=p&typeid=i","cat":327595},{"id":114162,"n":"Calendrier de l'Avent Toblerone 200g","p":10.37,"u":"51,85 €/KG","img":"https://fd13-photos.leclercdrive.fr/image.ashx?id=2506930&use=l&cat=p&typeid=i","cat":336112},{"id":114169,"n":"Père Noël Milka Lait - 90g","p":3.69,"u":"41,00 €/KG","img":"https://fd13-photos.leclercdrive.fr/image.ashx?id=2488106&use=l&cat=p&typeid=i","cat":327592},{"id":114170,"n":"Père Noël Milka Noisettes - 95g","p":3.69,"u":"38,84 €/KG","img":"https://fd13-photos.leclercdrive.fr/image.ashx?id=2881503&use=l&cat=p&typeid=i","cat":327592},{"id":114172,"n":"Bonbons de Noël Milka Lait - 86g","p":2.69,"u":"31,28 €/KG","img":"https://fd13-photos.leclercdrive.fr/image.ashx?id=2937995&use=l&cat=p&typeid=i","cat":327592},{"id":114175,"n":"Bonbons de Noël Milka Oréo - 86g","p":2.69,"u":"31,28 €/KG","img":"https://fd13-photos.leclercdrive.fr/image.ashx?id=2834005&use=l&cat=p&typeid=i","cat":327592},{"id":114187,"n":"Barres amandes Toblerone 360g","p":6.5,"u":"18,06 €/KG","img":"https://fd13-photos.leclercdrive.fr/image.ashx?id=2912650&use=l&cat=p&typeid=i","cat":327595},{"id":114238,"n":"Yaourt gourde Délisse Vanille/framboise - 6x90g","p":2.98,"u":"33,11 €/KG","img":"https://fd13-photos.leclercdrive.fr/image.ashx?id=2705089&use=l&cat=p&typeid=i","cat":284415},{"id":114242,"n":"Taboulé Oriental Pierre Martinet - 510g","p":2.18,"u":"4,27 €/KG","img":"https://fd13-photos.leclercdrive.fr/image.ashx?id=2684491&use=l&cat=p&typeid=i","cat":333657},{"id":114269,"n":"Puissance 4 Dès 6 ans - 2 joueurs","p":11.9,"img":"https://fd13-photos.leclercdrive.fr/image.ashx?id=2293171&use=l&cat=p&typeid=i","cat":334378},{"id":114308,"n":"AOP Champagne Alain Vesselle Cuvée Saint Eloi - Brut - 75cl","p":28.9,"u":"38,53 €/L","img":"https://fd13-photos.leclercdrive.fr/image.ashx?id=1849618&use=l&cat=p&typeid=i","cat":284542},{"id":114311,"n":"Vin blanc effervescent Italie  Brut DOC Prosecco Lucie  - 75cl","p":6.9,"u":"9,20 €/L","img":"https://fd13-photos.leclercdrive.fr/image.ashx?id=2445520&use=l&cat=p&typeid=i","cat":289461},{"id":114319,"n":"AOC Côtes du Roussillon Village Château St-Roch - 75cl","p":8.5,"u":"11,33 €/L","img":"https://fd13-photos.leclercdrive.fr/image.ashx?id=1793631&use=l&cat=p&typeid=i","cat":289556},{"id":114320,"n":"AOP Faugères rouge Domaine Jeantels 18 - 75cl","p":5.6,"u":"7,47 €/L","img":"https://fd13-photos.leclercdrive.fr/image.ashx?id=2464141&use=l&cat=p&typeid=i","cat":289556},{"id":114321,"n":"AOC Fitou Vin rouge F de Cascatel - 75cl","p":10.5,"u":"14,00 €/L","img":"https://fd13-photos.leclercdrive.fr/image.ashx?id=2733790&use=l&cat=p&typeid=i","cat":289556},{"id":114324,"n":"IGP Cité de Carcassonne Blanc Caprice d'Alice - 75cl","p":4.1,"u":"5,47 €/L","img":"https://fd13-photos.leclercdrive.fr/image.ashx?id=2109137&use=l&cat=p&typeid=i","cat":289557},{"id":114327,"n":"IGP Cité Carcassonne Vin rosé Caprice D'Alice - 75cl","p":4.1,"u":"5,47 €/L","img":"https://fd13-photos.leclercdrive.fr/image.ashx?id=1863810&use=l&cat=p&typeid=i","cat":289558},{"id":114330,"n":"AOP Côteaux de l'Aubance Les Rochettes chauvin - 75cl","p":6.9,"u":"9,20 €/L","img":"https://fd13-photos.leclercdrive.fr/image.ashx?id=2362780&use=l&cat=p&typeid=i","cat":289557},{"id":114337,"n":"AOP Muscadet Sèvres et Maine Domaine Salmon - 75cl","p":5.73,"u":"7,64 €/L","img":"https://fd13-photos.leclercdrive.fr/image.ashx?id=2689010&use=l&cat=p&typeid=i","cat":289557},{"id":114345,"n":"AOC Chateaumeillant Vin rouge La Gouillarde - 75cl","p":9.11,"u":"12,15 €/L","img":"https://fd13-photos.leclercdrive.fr/image.ashx?id=1743797&use=l&cat=p&typeid=i","cat":289556},{"id":114347,"n":"AOC Chinon - Vieilles vignes Domaine Suard - 75cl","p":8.81,"u":"11,75 €/L","img":"https://fd13-photos.leclercdrive.fr/image.ashx?id=1743890&use=l&cat=p&typeid=i","cat":289556},{"id":114353,"n":"AOP Valençay Vin rouge Domaine Malet - 75cl","p":7.1,"u":"9,47 €/L","img":"https://fd13-photos.leclercdrive.fr/image.ashx?id=1743905&use=l&cat=p&typeid=i","cat":289556},{"id":114356,"n":"AOC Crémant de Loire Ladubay Blanc Demi-Sec 12.5%vol - 75cl","p":6.9,"u":"9,20 €/L","img":"https://fd13-photos.leclercdrive.fr/image.ashx?id=2246650&use=l&cat=p&typeid=i","cat":284545},{"id":114358,"n":"AOP Crémant de Loire rosé Brut Mlle Ladubay - 75cl","p":6.9,"u":"9,20 €/L","img":"https://fd13-photos.leclercdrive.fr/image.ashx?id=2246647&use=l&cat=p&typeid=i","cat":284545},{"id":114397,"n":"AOP Bordeaux rouge Château Pey la Tour - 75cl","p":6.5,"u":"8,67 €/L","img":"https://fd13-photos.leclercdrive.fr/image.ashx?id=2926377&use=l&cat=p&typeid=i","cat":289556},{"id":114406,"n":"Taboulé Pierre Martinet Oriental à l'huile d'olive 310g","p":1.48,"u":"4,77 €/KG","img":"https://fd13-photos.leclercdrive.fr/image.ashx?id=2432241&use=l&cat=p&typeid=i","cat":333657},{"id":114411,"n":"Dès de cheddar  Les Croisés 150g","p":2.19,"u":"14,60 €/KG","img":"https://fd13-photos.leclercdrive.fr/image.ashx?id=2422553&use=l&cat=p&typeid=i","cat":314027},{"id":114486,"n":"Boisson énergisante Crazy Tiger 1.5L","p":3.06,"u":"2,04 €/L","img":"https://fd13-photos.leclercdrive.fr/image.ashx?id=2735968&use=l&cat=p&typeid=i","cat":284533},{"id":114522,"n":"Bière blonde Leffe Triple 8,5% - 12x25cl","p":11.14,"u":"3,71 €/L","img":"https://fd13-photos.leclercdrive.fr/image.ashx?id=2548294&use=l&cat=p&typeid=i","cat":334852},{"id":114570,"n":"Traîneau chocolat oeuf Kinder Bleu - 75g","p":3.32,"u":"44,27 €/KG","img":"https://fd13-photos.leclercdrive.fr/image.ashx?id=2417549&use=l&cat=p&typeid=i","cat":327592},{"id":114652,"n":"Mouchoirs blanc 2 plis Caresse Boîte mouchoirs papier - x180","p":1.69,"u":"0,01 €/P","img":"https://fd13-photos.leclercdrive.fr/image.ashx?id=2752640&use=l&cat=p&typeid=i","cat":284638},{"id":114706,"n":"Infusion des marmottes Les 2 Marmottes x30 - 46g","p":4.21,"u":"91,52 €/KG","img":"https://fd13-photos.leclercdrive.fr/image.ashx?id=2833552&use=l&cat=p&typeid=i","cat":293234},{"id":114707,"n":"Infusion Les 2 marmottes Cocktail digest - x30 - 55g","p":5.3,"u":"96,36 €/KG","img":"https://fd13-photos.leclercdrive.fr/image.ashx?id=2833579&use=l&cat=p&typeid=i","cat":293234},{"id":114784,"n":"Comté fromage bloc Les Croisés 350g","p":4.75,"u":"13,57 €/KG","img":"https://fd13-photos.leclercdrive.fr/image.ashx?id=2856636&use=l&cat=p&typeid=i","cat":314034},{"id":114805,"n":"Coeur Coulant Bonne Maman Chocolat - 2x80g","p":2.87,"u":"17,94 €/KG","img":"https://fd13-photos.leclercdrive.fr/image.ashx?id=2912326&use=l&cat=p&typeid=i","cat":284419},{"id":114807,"n":"Dessert Fruitier Andros Poire Williams morceaux 4x100g","p":2.75,"u":"6,88 €/KG","img":"https://fd13-photos.leclercdrive.fr/image.ashx?id=2908198&use=l&cat=p&typeid=i","cat":284416},{"id":114810,"n":"Parmigiano Reg AOP Casa Azzurra Râpé -  200g","p":4.53,"u":"22,65 €/KG","img":"https://fd13-photos.leclercdrive.fr/image.ashx?id=2261957&use=l&cat=p&typeid=i","cat":314035},{"id":114841,"n":"AOP Côtes de Provence rosé Impérial Pradel - 75cl","p":7.5,"u":"10,00 €/L","img":"https://fd13-photos.leclercdrive.fr/image.ashx?id=2804406&use=l&cat=p&typeid=i","cat":289558},{"id":114901,"n":"Plat bébé Blédina 12 mois  Artichaut dinde - 2x200g","p":2.68,"u":"6,70 €/KG","img":"https://fd13-photos.leclercdrive.fr/image.ashx?id=2975089&use=l&cat=p&typeid=i","cat":312237},{"id":114934,"n":"Pizza del gusto chorizo Mix - 380g","p":5.27,"u":"13,87 €/KG","img":"https://fd13-photos.leclercdrive.fr/image.ashx?id=2579056&use=l&cat=p&typeid=i","cat":333679},{"id":114939,"n":"Pizza del gusto chèvre miel Mix 380g","p":5.27,"u":"13,87 €/KG","img":"https://fd13-photos.leclercdrive.fr/image.ashx?id=2579062&use=l&cat=p&typeid=i","cat":333679},{"id":114959,"n":"Burger Le Charolais Daunat Poivre - 180g","p":4.58,"u":"25,44 €/KG","img":"https://fd13-photos.leclercdrive.fr/image.ashx?id=2967184&use=l&cat=p&typeid=i","cat":333671},{"id":115011,"n":"Lingettes bébé Mots d'enfants à l'eau - x60","p":1.66,"u":"0,03 €/P","img":"https://fd13-photos.leclercdrive.fr/image.ashx?id=3014293&use=l&cat=p&typeid=i","cat":284738},{"id":115013,"n":"Liquide vaisselle Uni Vert Ecologique citron - 750ml","p":1.59,"u":"2,12 €/L","img":"https://fd13-photos.leclercdrive.fr/image.ashx?id=2999517&use=l&cat=p&typeid=i","cat":284655},{"id":115014,"n":"Lingette micro fibres Mamison Ecran - 1 pièce","p":1.96,"img":"https://fd13-photos.leclercdrive.fr/image.ashx?id=2595113&use=l&cat=p&typeid=i","cat":325358},{"id":115016,"n":"Protège slip Chorys Ultra mini discret - x28","p":1.57,"u":"0,06 €/P","img":"https://fd13-photos.leclercdrive.fr/image.ashx?id=2003029&use=l&cat=p&typeid=i","cat":284625},{"id":115017,"n":"Protège slip Chorys Ultra mini long - x24","p":1.7,"u":"0,07 €/P","img":"https://fd13-photos.leclercdrive.fr/image.ashx?id=1962795&use=l&cat=p&typeid=i","cat":284628},{"id":115057,"n":"Pain de mie complet Harrys Graines de lin & tournesol 320g","p":1.35,"u":"4,22 €/KG","img":"https://fd13-photos.leclercdrive.fr/image.ashx?id=2543130&use=l&cat=p&typeid=i","cat":325068},{"id":115072,"n":"Girasoli Lustucru Selection  Cèpes Ricotta - 250g","p":2.58,"u":"10,32 €/KG","img":"https://fd13-photos.leclercdrive.fr/image.ashx?id=2974599&use=l&cat=p&typeid=i","cat":333682},{"id":115078,"n":"Penne poulet pesto Marie 280g","p":3.29,"u":"11,75 €/KG","img":"https://fd13-photos.leclercdrive.fr/image.ashx?id=2796752&use=l&cat=p&typeid=i","cat":333665},{"id":115093,"n":"Mozzarella vache Casa Azzurra Râpée - 150g","p":2.16,"u":"14,40 €/KG","img":"https://fd13-photos.leclercdrive.fr/image.ashx?id=1757239&use=l&cat=p&typeid=i","cat":314035},{"id":115094,"n":"Emmental Rapé Français Entremont - 500g","p":5.41,"u":"10,82 €/KG","img":"https://fd13-photos.leclercdrive.fr/image.ashx?id=2983159&use=l&cat=p&typeid=i","cat":314035},{"id":115113,"n":"Tirlibibi Haribo Boîte bonbons - 750g","p":4.53,"u":"6,04 €/KG","img":"https://fd13-photos.leclercdrive.fr/image.ashx?id=2806922&use=l&cat=p&typeid=i","cat":304250},{"id":115114,"n":"Polka Haribo Sachet bonbons - 300g","p":1.37,"u":"4,57 €/KG","img":"https://fd13-photos.leclercdrive.fr/image.ashx?id=2982414&use=l&cat=p&typeid=i","cat":304250},{"id":115115,"n":"Les Schtroumpfs Haribo Sachet bonbons - 300g","p":1.43,"u":"4,77 €/KG","img":"https://fd13-photos.leclercdrive.fr/image.ashx?id=2788475&use=l&cat=p&typeid=i","cat":304250},{"id":115116,"n":"Chamallows Haribo Guimauves   - 300g","p":1.48,"u":"4,93 €/KG","img":"https://fd13-photos.leclercdrive.fr/image.ashx?id=2984937&use=l&cat=p&typeid=i","cat":304250},{"id":115123,"n":"Terrine chien Bio Boeuf - 300g","p":1.62,"u":"5,40 €/KG","img":"https://fd13-photos.leclercdrive.fr/image.ashx?id=2333805&use=l&cat=p&typeid=i","cat":284673},{"id":115124,"n":"Terrine chien Bio Poulet légume - 300g","p":1.62,"u":"5,40 €/KG","img":"https://fd13-photos.leclercdrive.fr/image.ashx?id=2333808&use=l&cat=p&typeid=i","cat":284673},{"id":115127,"n":"Pain burger Epi d'Or Brioché x4 - 300g","p":1.39,"u":"4,63 €/KG","img":"https://fd13-photos.leclercdrive.fr/image.ashx?id=1958880&use=l&cat=p&typeid=i","cat":325067},{"id":115152,"n":"Eau florale Bio Naïa Rose bio - 200ml","p":3.95,"u":"19,75 €/L","img":"https://fd13-photos.leclercdrive.fr/image.ashx?id=1880840&use=l&cat=p&typeid=i","cat":325345},{"id":115155,"n":"Gommage visage Bio Naïa Bio - 75ml","p":2.49,"u":"33,20 €/L","img":"https://fd13-photos.leclercdrive.fr/image.ashx?id=2436690&use=l&cat=p&typeid=i","cat":325346},{"id":115156,"n":"Stick lèvres Bio Naïa Bio - 1 pièce","p":1.85,"img":"https://fd13-photos.leclercdrive.fr/image.ashx?id=2518837&use=l&cat=p&typeid=i","cat":285485},{"id":115158,"n":"Gelée bio Bio Naïa A l'aloe vera bio - 200ml","p":3.99,"u":"19,95 €/L","img":"https://fd13-photos.leclercdrive.fr/image.ashx?id=2436699&use=l&cat=p&typeid=i","cat":325350},{"id":115161,"n":"Infusion Bio La Tisanière Nuit Oranger - x20 Sachets","p":2.51,"u":"83,67 €/KG","img":"https://fd13-photos.leclercdrive.fr/image.ashx?id=2477061&use=l&cat=p&typeid=i","cat":293234},{"id":115163,"n":"Infusion Twinings Ayurveda gingembre miel et citron x20","p":2.45,"u":"76,56 €/KG","img":"https://fd13-photos.leclercdrive.fr/image.ashx?id=2893036&use=l&cat=p&typeid=i","cat":293234},{"id":115164,"n":"Infusion Twinings Ayurveda framboise et hibiscus x20","p":2.49,"u":"69,17 €/KG","img":"https://fd13-photos.leclercdrive.fr/image.ashx?id=2893039&use=l&cat=p&typeid=i","cat":293234},{"id":115165,"n":"Infusion Twinings Ayurveda poire miel et cannelle x20","p":2.74,"u":"76,11 €/KG","img":"https://fd13-photos.leclercdrive.fr/image.ashx?id=2893033&use=l&cat=p&typeid=i","cat":293234},{"id":115251,"n":"Déodorant compressé Ushuaïa Vanille - 100ml","p":3.22,"u":"32,20 €/L","img":"https://fd13-photos.leclercdrive.fr/image.ashx?id=2555715&use=l&cat=p&typeid=i","cat":284595},{"id":115269,"n":"Sandwich Mega Club Sodebo  Pain Vien. Thon Œuf Mayo - 230g","p":1.98,"u":"8,61 €/KG","img":"https://fd13-photos.leclercdrive.fr/image.ashx?id=2960294&use=l&cat=p&typeid=i","cat":333658},{"id":115274,"n":"Masque tissu Inell Coup d'éclat - 1 pièce","p":1.82,"img":"https://fd13-photos.leclercdrive.fr/image.ashx?id=2691691&use=l&cat=p&typeid=i","cat":325346},{"id":115276,"n":"Crèmes main Inell Anti-taches - 75ml","p":2.99,"u":"39,87 €/L","img":"https://fd13-photos.leclercdrive.fr/image.ashx?id=1755952&use=l&cat=p&typeid=i","cat":325354},{"id":115320,"n":"Capsules café Plantation Equilibré n°6 - x10 - 52g","p":2.19,"u":"42,12 €/KG","img":"https://fd13-photos.leclercdrive.fr/image.ashx?id=2418101&use=l&cat=p&typeid=i","cat":284749},{"id":115321,"n":"Capsules café Plantation Intense n°10 - x10 - 52g","p":2.19,"u":"42,12 €/KG","img":"https://fd13-photos.leclercdrive.fr/image.ashx?id=2418104&use=l&cat=p&typeid=i","cat":284749},{"id":115323,"n":"Capsules café Plantation Subtil n°5 - x10 - 52g","p":2.19,"u":"42,12 €/KG","img":"https://fd13-photos.leclercdrive.fr/image.ashx?id=2418107&use=l&cat=p&typeid=i","cat":284749},{"id":115324,"n":"Capsules café Plantation Décaféiné n°5 -  x10 - 52g","p":2.15,"u":"41,35 €/KG","img":"https://fd13-photos.leclercdrive.fr/image.ashx?id=2441423&use=l&cat=p&typeid=i","cat":284749},{"id":115326,"n":"Capsules café Plantation Lungo Délicat n°4 - x10 - 52g","p":2.19,"u":"42,12 €/KG","img":"https://fd13-photos.leclercdrive.fr/image.ashx?id=2441709&use=l&cat=p&typeid=i","cat":284749},{"id":115327,"n":"Café Soluble NESCAFÉ Spécial Filtre Décaféiné, 100g","p":5.47,"u":"54,70 €/KG","img":"https://fd13-photos.leclercdrive.fr/image.ashx?id=2864068&use=l&cat=p&typeid=i","cat":284843},{"id":115332,"n":"Capsules café Plantation Brésil n°7 - x10 - 52g","p":2.39,"u":"45,96 €/KG","img":"https://fd13-photos.leclercdrive.fr/image.ashx?id=1756114&use=l&cat=p&typeid=i","cat":284749},{"id":115345,"n":"Capsules café Plantation Café vanille n°6 - x10 - 52g","p":2.39,"u":"45,96 €/KG","img":"https://fd13-photos.leclercdrive.fr/image.ashx?id=2418128&use=l&cat=p&typeid=i","cat":284749},{"id":115348,"n":"Capsules café Plantation Noisette n°7 - x10 - 52g","p":2.39,"u":"45,96 €/KG","img":"https://fd13-photos.leclercdrive.fr/image.ashx?id=2418134&use=l&cat=p&typeid=i","cat":284749},{"id":115349,"n":"Capsules café Plantation Intense n°10 - x30 - 156g","p":5.19,"u":"33,27 €/KG","img":"https://fd13-photos.leclercdrive.fr/image.ashx?id=2865095&use=l&cat=p&typeid=i","cat":284749},{"id":115350,"n":"Capsules café Plantation Equilibré N°6 - x30 - 156g","p":5.19,"u":"33,27 €/KG","img":"https://fd13-photos.leclercdrive.fr/image.ashx?id=2418140&use=l&cat=p&typeid=i","cat":284749},{"id":115352,"n":"Patch purifiant Nivea Visage x6","p":5.44,"u":"0,91 €/P","img":"https://fd13-photos.leclercdrive.fr/image.ashx?id=2167416&use=l&cat=p&typeid=i","cat":325346},{"id":115354,"n":"Morilles Borde bocal 150g","p":14.99,"pp":9.89,"u":"65,93 €/KG","img":"https://fd13-photos.leclercdrive.fr/image.ashx?id=2731093&use=l&cat=p&typeid=i","cat":312610},{"id":115359,"n":"Pancakes Nature Epi d'Or x18 - 360g","p":1.69,"u":"4,69 €/KG","img":"https://fd13-photos.leclercdrive.fr/image.ashx?id=2860763&use=l&cat=p&typeid=i","cat":284495},{"id":115363,"n":"Lait bébé en poudre Blédilait 1er âge 0-6 mois 900g","p":14.75,"u":"16,39 €/KG","img":"https://fd13-photos.leclercdrive.fr/image.ashx?id=2855052&use=l&cat=p&typeid=i","cat":284726},{"id":115364,"n":"Lait bébé en poudre Blédilait 2e âge 6-12 mois 900g","p":13.61,"u":"15,12 €/KG","img":"https://fd13-photos.leclercdrive.fr/image.ashx?id=2616853&use=l&cat=p&typeid=i","cat":284727},{"id":115367,"n":"Biscuits roses de Reims NRT 200g","p":3.69,"u":"18,45 €/KG","img":"https://fd13-photos.leclercdrive.fr/image.ashx?id=2704912&use=l&cat=p&typeid=i","cat":284487},{"id":115376,"n":"Coffret Tokapi Sauce - 115g","p":1.97,"u":"17,13 €/KG","img":"https://fd13-photos.leclercdrive.fr/image.ashx?id=2898856&use=l&cat=p&typeid=i","cat":284449},{"id":115377,"n":"Cornichons Rustica Verre décoré - 100g","p":1.86,"u":"18,60 €/KG","img":"https://fd13-photos.leclercdrive.fr/image.ashx?id=1869859&use=l&cat=p&typeid=i","cat":284458},{"id":115442,"n":"IGP Pays d'Oc Vin rouge Bleu de Mer - B. Magrez - 75cl","p":6.04,"u":"8,05 €/L","img":"https://fd13-photos.leclercdrive.fr/image.ashx?id=2867629&use=l&cat=p&typeid=i","cat":289556},{"id":115455,"n":"Bougies d'anniversaire Vahiné Bleues - blister de 16 bougies","p":1.58,"u":"0,10 €/P","img":"https://fd13-photos.leclercdrive.fr/image.ashx?id=1584569&use=l&cat=p&typeid=i","cat":284504},{"id":115457,"n":"Frites de Patate Douce McCain 500g","p":3.73,"u":"7,46 €/KG","img":"https://fd13-photos.leclercdrive.fr/image.ashx?id=2840632&use=l&cat=p&typeid=i","cat":319791},{"id":115463,"n":"Litière chats Tranquille Carbonite - 7.1kg","p":6.05,"u":"0,85 €/KG","img":"https://fd13-photos.leclercdrive.fr/image.ashx?id=2421871&use=l&cat=p&typeid=i","cat":284683},{"id":115492,"n":"Bière blonde 1664 5,5° - 6x25cl","p":4.0,"u":"2,67 €/L","img":"https://fd13-photos.leclercdrive.fr/image.ashx?id=2215572&use=l&cat=p&typeid=i","cat":334873},{"id":115507,"n":"Mini Samoussas Table du Monde Boeuf poulet - 220g","p":3.31,"u":"15,05 €/KG","img":"https://fd13-photos.leclercdrive.fr/image.ashx?id=2947350&use=l&cat=p&typeid=i","cat":333673},{"id":115526,"n":"Serviette incontinence Chorys Maxi nuit - x12","p":3.99,"u":"0,33 €/P","img":"https://fd13-photos.leclercdrive.fr/image.ashx?id=2586028&use=l&cat=p&typeid=i","cat":284628},{"id":115527,"n":"Gel de toilette intime Bionaïa Bio - 200ml","p":1.98,"u":"9,90 €/L","img":"https://fd13-photos.leclercdrive.fr/image.ashx?id=2442130&use=l&cat=p&typeid=i","cat":284627},{"id":115528,"n":"Alcool 90° Primoplast 100ml","p":2.2,"u":"22,00 €/L","img":"https://fd13-photos.leclercdrive.fr/image.ashx?id=2856570&use=l&cat=p&typeid=i","cat":284630},{"id":115529,"n":"Bloc WC Uni Vert Ball - 55g","p":1.99,"u":"36,18 €/KG","img":"https://fd13-photos.leclercdrive.fr/image.ashx?id=2568801&use=l&cat=p&typeid=i","cat":284662},{"id":115689,"n":"La Grillée Garden Gourmet Soja et Blé 150g","p":3.16,"u":"21,07 €/KG","img":"https://fd13-photos.leclercdrive.fr/image.ashx?id=2988689&use=l&cat=p&typeid=i","cat":316036},{"id":115761,"n":"Tablette de chocolat Lindt Noir 100% Cacao - 50g","p":2.65,"u":"53,00 €/KG","img":"https://fd13-photos.leclercdrive.fr/image.ashx?id=2397773&use=l&cat=p&typeid=i","cat":284956},{"id":115762,"n":"Pur jus d'orange des amériques 100% jus pressé Plein fruit 1L","p":4.02,"pp":2.65,"u":"2,65 €/L","img":"https://fd13-photos.leclercdrive.fr/image.ashx?id=2928642&use=l&cat=p&typeid=i","cat":284521},{"id":115765,"n":"Joker Le Fruit Jus d'orange  Avec pulpe - 1L","p":2.75,"u":"2,75 €/L","img":"https://fd13-photos.leclercdrive.fr/image.ashx?id=2789017&use=l&cat=p&typeid=i","cat":284521},{"id":115770,"n":"Lait bébé en poudre Gallia Calisma  2e âge 6-12 mois 700g","p":13.08,"u":"18,69 €/KG","img":"https://fd13-photos.leclercdrive.fr/image.ashx?id=2983051&use=l&cat=p&typeid=i","cat":284727},{"id":115771,"n":"Lait bébé en poudre Gallia Calisma 2e âge 6-12mois 2x600g","p":20.36,"u":"16,97 €/KG","img":"https://fd13-photos.leclercdrive.fr/image.ashx?id=2935750&use=l&cat=p&typeid=i","cat":284727},{"id":115772,"n":"Pâte à tartiner Bio Village Aux noisette bio - 600g","p":4.16,"u":"6,93 €/KG","img":"https://fd13-photos.leclercdrive.fr/image.ashx?id=1760139&use=l&cat=p&typeid=i","cat":284481},{"id":115773,"n":"Lait bébé en poudre Gallia Calisma 1er âge 0-6 mois 2x600g","p":23.89,"u":"19,91 €/KG","img":"https://fd13-photos.leclercdrive.fr/image.ashx?id=2953755&use=l&cat=p&typeid=i","cat":284726},{"id":115780,"n":"AOC Châteauneuf-du-Pape vin rouge Rives & Terrasses - 75cl","p":16.99,"u":"22,65 €/L","img":"https://fd13-photos.leclercdrive.fr/image.ashx?id=2047892&use=l&cat=p&typeid=i","cat":289556},{"id":115781,"n":"AOC Gigondas vin rouge Rives & Terrasses - 75cl","p":12.49,"u":"16,65 €/L","img":"https://fd13-photos.leclercdrive.fr/image.ashx?id=2226200&use=l&cat=p&typeid=i","cat":289556},{"id":115787,"n":"AOC Coteaux d'Aix-en-Provence vin rosé Terres Ocrées - 75cl","p":4.49,"u":"5,99 €/L","img":"https://fd13-photos.leclercdrive.fr/image.ashx?id=1961332&use=l&cat=p&typeid=i","cat":289558},{"id":115788,"n":"AOC Crémant de Loire brut rosé Les Caractères - 75cl","p":5.35,"u":"7,13 €/L","img":"https://fd13-photos.leclercdrive.fr/image.ashx?id=2895792&use=l&cat=p&typeid=i","cat":284545},{"id":115821,"n":"Confiture mirabelle Bonne Maman Intense - 335g","p":2.36,"u":"7,04 €/KG","img":"https://fd13-photos.leclercdrive.fr/image.ashx?id=2341026&use=l&cat=p&typeid=i","cat":284480},{"id":115905,"n":"Yaourt brassé Perle de Lait Coco - 8x125g","p":2.9,"u":"2,90 €/KG","img":"https://fd13-photos.leclercdrive.fr/image.ashx?id=2989204&use=l&cat=p&typeid=i","cat":314999},{"id":115906,"n":"Yaourt aromatisé Perle de Lait sur Lit de Framboise - 4x125g","p":2.3,"u":"5,00 €/P","img":"https://fd13-photos.leclercdrive.fr/image.ashx?id=2989207&use=l&cat=p&typeid=i","cat":314999},{"id":115907,"n":"Yaourt aromatisé Perle de Lait sur Lit de Caramel - 4x125g","p":2.28,"u":"4,56 €/KG","img":"https://fd13-photos.leclercdrive.fr/image.ashx?id=2989216&use=l&cat=p&typeid=i","cat":314999},{"id":115910,"n":"Yaourt brassé Perle de Lait Vanille - 8x125g","p":3.28,"u":"3,28 €/KG","img":"https://fd13-photos.leclercdrive.fr/image.ashx?id=2990568&use=l&cat=p&typeid=i","cat":314999},{"id":115958,"n":"Poelée de cèpes Magda Au beurre persillé - 300g","p":3.98,"pp":2.63,"u":"8,77 €/KG","img":"https://fd13-photos.leclercdrive.fr/image.ashx?id=2790015&use=l&cat=p&typeid=i","cat":319823},{"id":115963,"n":"Foie gras Delpeyrat Canard entier Sud ouest - 270g","p":35.41,"u":"131,15 €/KG","img":"https://fd13-photos.leclercdrive.fr/image.ashx?id=2906088&use=l&cat=p&typeid=i","cat":316008},{"id":115970,"n":"Girolles à la crème Magda 300g","p":3.98,"pp":2.63,"u":"8,77 €/KG","img":"https://fd13-photos.leclercdrive.fr/image.ashx?id=2411117&use=l&cat=p&typeid=i","cat":319805},{"id":115986,"n":"Pain surprise de campagne Côté Table x32 - 460g","p":8.5,"u":"18,48 €/KG","img":"https://fd13-photos.leclercdrive.fr/image.ashx?id=2270060&use=l&cat=p&typeid=i","cat":319774},{"id":115991,"n":"Squidgies Haribo Sachet bonbons - 200g","p":1.65,"u":"8,25 €/KG","img":"https://fd13-photos.leclercdrive.fr/image.ashx?id=2984934&use=l&cat=p&typeid=i","cat":304250},{"id":116002,"n":"Porto Cruz Blanc - 18%vol - 75cl","p":7.45,"u":"9,93 €/L","img":"https://fd13-photos.leclercdrive.fr/image.ashx?id=2535822&use=l&cat=p&typeid=i","cat":284913},{"id":116010,"n":"Biscotte Pasquier Blé sans sucre ajoutés - 300g","p":1.46,"u":"4,87 €/KG","img":"https://fd13-photos.leclercdrive.fr/image.ashx?id=2507952&use=l&cat=p&typeid=i","cat":284479},{"id":116096,"n":"Shampooing douche Petit Manava Fraise cerise - 250ml","p":1.35,"u":"5,40 €/L","img":"https://fd13-photos.leclercdrive.fr/image.ashx?id=1763207&use=l&cat=p&typeid=i","cat":284606},{"id":116107,"n":"Vin pétillant italien Martini Prosecco 11,5° - 75cl","p":7.8,"u":"10,40 €/L","img":"https://fd13-photos.leclercdrive.fr/image.ashx?id=2973324&use=l&cat=p&typeid=i","cat":289461},{"id":116114,"n":"Shampooing douche Petit Manava Pêche banane - 250ml","p":1.35,"u":"5,40 €/L","img":"https://fd13-photos.leclercdrive.fr/image.ashx?id=2440458&use=l&cat=p&typeid=i","cat":284606},{"id":116160,"n":"Masque détox bio Bionaïa 100ml","p":3.5,"u":"35,00 €/L","img":"https://fd13-photos.leclercdrive.fr/image.ashx?id=2482899&use=l&cat=p&typeid=i","cat":325346},{"id":116166,"n":"Adoucissant concentré Hyperdou Rosée du matin x60 - 1.5L","p":3.95,"u":"2,63 €/L","img":"https://fd13-photos.leclercdrive.fr/image.ashx?id=2602916&use=l&cat=p&typeid=i","cat":284650},{"id":116167,"n":"Adoucissant concentré Hyperdou Rêve merveille x60 - 1.5L","p":3.95,"u":"2,63 €/L","img":"https://fd13-photos.leclercdrive.fr/image.ashx?id=2602925&use=l&cat=p&typeid=i","cat":284650},{"id":116168,"n":"Adoucissant concentré Hyperdou Fraîcheur fleurie x60 - 1.5L","p":3.95,"u":"2,63 €/L","img":"https://fd13-photos.leclercdrive.fr/image.ashx?id=2602931&use=l&cat=p&typeid=i","cat":284650},{"id":116169,"n":"Adoucissant concentré Hyperdou Coucher soleil x60 - 1.5L","p":3.95,"u":"2,63 €/L","img":"https://fd13-photos.leclercdrive.fr/image.ashx?id=2602937&use=l&cat=p&typeid=i","cat":284650},{"id":116170,"n":"Adoucissant concentré Hyperdou Fraîcheur x75 - 1.95L","p":3.65,"u":"1,87 €/L","img":"https://fd13-photos.leclercdrive.fr/image.ashx?id=2602949&use=l&cat=p&typeid=i","cat":284650},{"id":116171,"n":"Adoucissant concentré Hyperdou Pur Caresse x75 - 1.95L","p":3.65,"u":"1,87 €/L","img":"https://fd13-photos.leclercdrive.fr/image.ashx?id=2614512&use=l&cat=p&typeid=i","cat":284650},{"id":116172,"n":"Lingettes bio Bionaïa Démaquillantes - x25","p":0.99,"u":"0,04 €/P","img":"https://fd13-photos.leclercdrive.fr/image.ashx?id=1763379&use=l&cat=p&typeid=i","cat":284603},{"id":116179,"n":"Crème visage hydratante Mixa Peaux Sensibles bio - 100ml","p":5.67,"u":"56,70 €/L","img":"https://fd13-photos.leclercdrive.fr/image.ashx?id=2423208&use=l&cat=p&typeid=i","cat":325345},{"id":116199,"n":"Vin blanc pétillant Roche Mazet Brut Chardonnay - 75cl","p":5.3,"pp":3.5,"u":"4,67 €/L","img":"https://fd13-photos.leclercdrive.fr/image.ashx?id=2475615&use=l&cat=p&typeid=i","cat":284544},{"id":116221,"n":"Crème de jour L'Oréal Paris  Revitalift Anti-âge - 50ml","p":13.88,"u":"277,60 €/L","img":"https://fd13-photos.leclercdrive.fr/image.ashx?id=2926581&use=l&cat=p&typeid=i","cat":325345},{"id":116224,"n":"Porto Tawny Cruz 18%vol - 75cl","p":7.4,"u":"9,87 €/L","img":"https://fd13-photos.leclercdrive.fr/image.ashx?id=2536373&use=l&cat=p&typeid=i","cat":284913},{"id":116240,"n":"Lait bébé liquide Blédilait croissance 1-3 ans 6x1L","p":12.47,"u":"2,08 €/L","img":"https://fd13-photos.leclercdrive.fr/image.ashx?id=2685799&use=l&cat=p&typeid=i","cat":284728},{"id":116257,"n":"Lait bébé en poudre Calisma Bio Gallia 2e âge 6-12 mois 800g","p":19.99,"u":"24,99 €/KG","img":"https://fd13-photos.leclercdrive.fr/image.ashx?id=2760328&use=l&cat=p&typeid=i","cat":284727},{"id":116284,"n":"Tablette de chocolat Côte d'Or Lait coeur coulant caramel 200g","p":3.85,"u":"19,25 €/KG","img":"https://fd13-photos.leclercdrive.fr/image.ashx?id=1925405&use=l&cat=p&typeid=i","cat":284497},{"id":116321,"n":"Soupe liquide Liebig tomates  Et vermicelles - Brique 1L","p":2.12,"u":"2,12 €/L","img":"https://fd13-photos.leclercdrive.fr/image.ashx?id=2941481&use=l&cat=p&typeid=i","cat":284462},{"id":116325,"n":"Velouté Bio Liebig 6 légumes - 75cl","p":3.14,"u":"4,19 €/L","img":"https://fd13-photos.leclercdrive.fr/image.ashx?id=2842561&use=l&cat=p&typeid=i","cat":284462},{"id":116326,"n":"Soupe liquide Bio Liebig  Velouté Potiron Carottes - 75cl","p":3.11,"u":"4,15 €/L","img":"https://fd13-photos.leclercdrive.fr/image.ashx?id=2842567&use=l&cat=p&typeid=i","cat":284462},{"id":116339,"n":"Test de grossesse Mercurochrome 1 pièce","p":4.56,"img":"https://fd13-photos.leclercdrive.fr/image.ashx?id=2806958&use=l&cat=p&typeid=i","cat":324482},{"id":116387,"n":"Pâte à tartiner Poulain  Cacao noisette - 400g","p":2.86,"u":"7,15 €/KG","img":"https://fd13-photos.leclercdrive.fr/image.ashx?id=2806354&use=l&cat=p&typeid=i","cat":284481},{"id":116403,"n":"Saumon fumé Grand Nord  Norvégien Petit Navire - 240g","p":8.98,"u":"37,42 €/KG","img":"https://fd13-photos.leclercdrive.fr/image.ashx?id=2950477&use=l&cat=p&typeid=i","cat":285188},{"id":116430,"n":"Tagliatelles Fleury Michon à l'Italienne et poulet - 300g","p":3.3,"u":"11,00 €/KG","img":"https://fd13-photos.leclercdrive.fr/image.ashx?id=2260767&use=l&cat=p&typeid=i","cat":333665},{"id":116431,"n":"Parmentier de boeuf Charolais Fleury Michon - 300g","p":3.0,"u":"10,00 €/KG","img":"https://fd13-photos.leclercdrive.fr/image.ashx?id=2662346&use=l&cat=p&typeid=i","cat":333665},{"id":116432,"n":"Parmentier de saumon Fleury Michon - 300g","p":2.94,"u":"9,80 €/KG","img":"https://fd13-photos.leclercdrive.fr/image.ashx?id=2662349&use=l&cat=p&typeid=i","cat":333665},{"id":116436,"n":"Rougail saucisses Fleury Michon riz créole - 300g","p":2.6,"u":"8,67 €/KG","img":"https://fd13-photos.leclercdrive.fr/image.ashx?id=2680152&use=l&cat=p&typeid=i","cat":333665},{"id":116557,"n":"Mouche bébé Prohinel  x2 embouts jetables","p":6.49,"img":"https://fd13-photos.leclercdrive.fr/image.ashx?id=2918817&use=l&cat=p&typeid=i","cat":289435},{"id":116583,"n":"Pâte a tartiner Bio Village Aux noisettes bio - 350g","p":2.45,"u":"7,00 €/KG","img":"https://fd13-photos.leclercdrive.fr/image.ashx?id=1773211&use=l&cat=p&typeid=i","cat":284481},{"id":116584,"n":"Confiture extra bio Bio Village Framboises - 370g","p":2.79,"u":"7,54 €/KG","img":"https://fd13-photos.leclercdrive.fr/image.ashx?id=2965635&use=l&cat=p&typeid=i","cat":284480},{"id":116714,"n":"Yaourt Danacol nature 0%mg - 8x125g","p":3.61,"u":"3,61 €/KG","img":"https://fd13-photos.leclercdrive.fr/image.ashx?id=2069540&use=l&cat=p&typeid=i","cat":315000},{"id":116720,"n":"Tarte citron meringuée  Bonne Maman - 2x90g","p":1.83,"u":"10,17 €/KG","img":"https://fd13-photos.leclercdrive.fr/image.ashx?id=2878777&use=l&cat=p&typeid=i","cat":284419},{"id":116751,"n":"Sojasun mandarine citron vert 4x100g","p":1.64,"u":"4,10 €/KG","img":"https://fd13-photos.leclercdrive.fr/image.ashx?id=2355683&use=l&cat=p&typeid=i","cat":316071},{"id":116837,"n":"Rummikub Lettres Dès 16 ans","p":28.9,"img":"https://fd13-photos.leclercdrive.fr/image.ashx?id=2293246&use=l&cat=p&typeid=i","cat":334378},{"id":116850,"n":"Bac 70 pieces bleu les maxi Abrick - Dès 18 mois","p":18.9,"img":"https://fd13-photos.leclercdrive.fr/image.ashx?id=2955812&use=l&cat=p&typeid=i","cat":334379},{"id":116875,"n":"Salade & Cie Sodebo Palerme Jambon Speck Chèvre Pâtes 320g","p":4.66,"u":"14,56 €/KG","img":"https://fd13-photos.leclercdrive.fr/image.ashx?id=2771933&use=l&cat=p&typeid=i","cat":333657},{"id":116967,"n":"Carottes filière  Panier du Primeur - 1kg","p":1.49,"u":"1,49 €/KG","img":"https://fd13-photos.leclercdrive.fr/image.ashx?id=2920229&use=l&cat=p&typeid=i","cat":284352},{"id":116985,"n":"Parmesan Râpé Giovanni Ferrari  22 mois AOP - 60g","p":1.75,"u":"29,17 €/KG","img":"https://fd13-photos.leclercdrive.fr/image.ashx?id=3002297&use=l&cat=p&typeid=i","cat":314035},{"id":117006,"n":"Circuit Mario Carrera Dès 3 ans","p":24.9,"u":"Dont 0,22 € d'éco-part.","img":"https://fd13-photos.leclercdrive.fr/image.ashx?id=1846130&use=l&cat=p&typeid=i","cat":334382},{"id":117015,"n":"Poupon Manon parle Dès 2 ans","p":12.9,"u":"Dont 0,10 € d'éco-part.","img":"https://fd13-photos.leclercdrive.fr/image.ashx?id=2251554&use=l&cat=p&typeid=i","cat":334379},{"id":117070,"n":"Enzo Turbo Dès 2 ans","p":16.9,"u":"Dont 0,22 € d'éco-part.","img":"https://fd13-photos.leclercdrive.fr/image.ashx?id=1848805&use=l&cat=p&typeid=i","cat":334382},{"id":117131,"n":"Bouillon Cube Maggi Bouquet garni - 100g","p":1.69,"u":"16,90 €/KG","img":"https://fd13-photos.leclercdrive.fr/image.ashx?id=2697306&use=l&cat=p&typeid=i","cat":288379},{"id":117132,"n":"Bouillon kub légumes Maggi -25% sel - 120g","p":1.45,"u":"12,08 €/KG","img":"https://fd13-photos.leclercdrive.fr/image.ashx?id=2758443&use=l&cat=p&typeid=i","cat":288379},{"id":117156,"n":"Yaourt à boire Actimel nature sans sucres - 6x100g","p":3.04,"u":"5,07 €/KG","img":"https://fd13-photos.leclercdrive.fr/image.ashx?id=2103484&use=l&cat=p&typeid=i","cat":284415},{"id":117225,"n":"Sirop Moulin de Valdonne Grenadine - 70cl","p":3.18,"u":"4,54 €/L","img":"https://fd13-photos.leclercdrive.fr/image.ashx?id=2170610&use=l&cat=p&typeid=i","cat":295020},{"id":117238,"n":"Shampooing bio Bio naïa Cheveux secs abimés - 250ml","p":1.75,"u":"7,00 €/L","img":"https://fd13-photos.leclercdrive.fr/image.ashx?id=2512481&use=l&cat=p&typeid=i","cat":284606},{"id":117239,"n":"Tablette de chocolat noir Lindt Eclat caramel - 70% - 100g","p":3.25,"u":"32,50 €/KG","img":"https://fd13-photos.leclercdrive.fr/image.ashx?id=2423358&use=l&cat=p&typeid=i","cat":284956},{"id":117242,"n":"Biscuit coco pavot GERBLE BIO  Bio - 4x3, 132g","p":2.06,"u":"15,61 €/KG","img":"https://fd13-photos.leclercdrive.fr/image.ashx?id=2664052&use=l&cat=p&typeid=i","cat":284487},{"id":117245,"n":"Sacs de congélation zip Alfapac Renforcé - x30","p":2.68,"img":"https://fd13-photos.leclercdrive.fr/image.ashx?id=2986338&use=l&cat=p&typeid=i","cat":334134},{"id":117246,"n":"Biscuits Gerblé Bio Citron gingembre - 132g","p":2.04,"u":"15,45 €/KG","img":"https://fd13-photos.leclercdrive.fr/image.ashx?id=2662871&use=l&cat=p&typeid=i","cat":318651},{"id":117248,"n":"Biscuits Gerblé Bio Amande cranberry - 132g","p":2.03,"u":"15,38 €/KG","img":"https://fd13-photos.leclercdrive.fr/image.ashx?id=2662868&use=l&cat=p&typeid=i","cat":318651},{"id":117252,"n":"Mouliné Régal Soupe Légumes d'autrefois - 1L","p":1.65,"u":"1,65 €/L","img":"https://fd13-photos.leclercdrive.fr/image.ashx?id=2607590&use=l&cat=p&typeid=i","cat":284462},{"id":117283,"n":"Petits pois Notre Jardin Sans sel ajouté - 280g","p":0.87,"u":"3,11 €/KG","img":"https://fd13-photos.leclercdrive.fr/image.ashx?id=3002638&use=l&cat=p&typeid=i","cat":312607},{"id":117297,"n":"Haricots verts Notre Jardin Sans sel ajouté - 225g","p":0.87,"u":"3,87 €/KG","img":"https://fd13-photos.leclercdrive.fr/image.ashx?id=1886514&use=l&cat=p&typeid=i","cat":312606},{"id":117330,"n":"Champignon Notre Jardin Emincé Sans sel ajouté - 230g","p":1.18,"u":"5,13 €/KG","img":"https://fd13-photos.leclercdrive.fr/image.ashx?id=1792507&use=l&cat=p&typeid=i","cat":312610},{"id":117379,"n":"Pois chiches Bio D'Aucy 340g","p":3.68,"u":"10,82 €/KG","img":"https://fd13-photos.leclercdrive.fr/image.ashx?id=2562193&use=l&cat=p&typeid=i","cat":312609},{"id":117400,"n":"Yaourt Grec Delta 10% MG Nature - 1kg","p":5.65,"u":"5,65 €/KG","img":"https://fd13-photos.leclercdrive.fr/image.ashx?id=2532189&use=l&cat=p&typeid=i","cat":314999},{"id":117457,"n":"Eau aromatisée Cristaline Jus de fruits citron - 1.5L","p":1.11,"u":"0,74 €/L","img":"https://fd13-photos.leclercdrive.fr/image.ashx?id=2386623&use=l&cat=p&typeid=i","cat":284537},{"id":117570,"n":"Galettes de riz Tables du monde Sachet - 100g","p":2.25,"u":"22,50 €/KG","img":"https://fd13-photos.leclercdrive.fr/image.ashx?id=2920223&use=l&cat=p&typeid=i","cat":288992},{"id":117675,"n":"Bisque hormard bleu NRT 490g","p":3.41,"u":"6,96 €/KG","img":"https://fd13-photos.leclercdrive.fr/image.ashx?id=2954160&use=l&cat=p&typeid=i","cat":285192},{"id":117705,"n":"Ras El Hanout Ducros Epices couscous - 38g","p":2.3,"u":"60,53 €/KG","img":"https://fd13-photos.leclercdrive.fr/image.ashx?id=2559490&use=l&cat=p&typeid=i","cat":298297},{"id":117882,"n":"Prosecco spumante Extra Dry  - 75cl","p":5.95,"u":"7,93 €/L","img":"https://fd13-photos.leclercdrive.fr/image.ashx?id=1858111&use=l&cat=p&typeid=i","cat":289461},{"id":117905,"n":"Oeuf Village Label Rouge x6","p":2.18,"u":"0,36 €/P","img":"https://fd13-photos.leclercdrive.fr/image.ashx?id=2985249&use=l&cat=p&typeid=i","cat":284378},{"id":117999,"n":"Aligot saucisse Coeur d'Aveyron 350g","p":5.19,"u":"14,83 €/KG","img":"https://fd13-photos.leclercdrive.fr/image.ashx?id=2346978&use=l&cat=p&typeid=i","cat":333665},{"id":118113,"n":"Sauce soja Bio Village Bio - 150ml","p":2.09,"u":"13,93 €/L","img":"https://fd13-photos.leclercdrive.fr/image.ashx?id=2913772&use=l&cat=p&typeid=i","cat":288992},{"id":118116,"n":"Sauce soja sucrée Bio Village Bio - 150ml","p":1.99,"u":"13,27 €/L","img":"https://fd13-photos.leclercdrive.fr/image.ashx?id=2913775&use=l&cat=p&typeid=i","cat":288992},{"id":118194,"n":"Beurre Bocage  Demi-sel - 60%MG - 250g","p":2.22,"u":"8,88 €/KG","img":"https://fd13-photos.leclercdrive.fr/image.ashx?id=2578070&use=l&cat=p&typeid=i","cat":284379},{"id":118202,"n":"Coloration Perfect Mousse n°400 Expresso givré - X1","p":7.19,"img":"https://fd13-photos.leclercdrive.fr/image.ashx?id=1919738&use=l&cat=p&typeid=i","cat":288899},{"id":118205,"n":"Coloration Perfect Mousse n°586 Acajou - 1pièce","p":6.95,"img":"https://fd13-photos.leclercdrive.fr/image.ashx?id=3000665&use=l&cat=p&typeid=i","cat":288899},{"id":118208,"n":"Coloration Perfec Mousse N°210 noir - x1","p":7.22,"img":"https://fd13-photos.leclercdrive.fr/image.ashx?id=1919756&use=l&cat=p&typeid=i","cat":288899},{"id":118209,"n":"Coloration Perfect Mousse N°365 Brownie - X1","p":7.13,"img":"https://fd13-photos.leclercdrive.fr/image.ashx?id=2921558&use=l&cat=p&typeid=i","cat":288899},{"id":118217,"n":"Mini coquilles Saint-Jacques  Tipiak x8 - 100g","p":3.75,"u":"37,50 €/KG","img":"https://fd13-photos.leclercdrive.fr/image.ashx?id=2484212&use=l&cat=p&typeid=i","cat":319775},{"id":118220,"n":"Mini croustillants Tipiak Saint Jacques - x10 - 120g","p":3.75,"u":"31,25 €/KG","img":"https://fd13-photos.leclercdrive.fr/image.ashx?id=2484209&use=l&cat=p&typeid=i","cat":319774},{"id":118224,"n":"Gel Got2B Pâte Chic et Mat - 100ml","p":4.84,"u":"48,40 €/L","img":"https://fd13-photos.leclercdrive.fr/image.ashx?id=2301040&use=l&cat=p&typeid=i","cat":284620},{"id":118282,"n":"Cordon bleu Marie Coquillettes - 280g","p":3.75,"u":"13,39 €/KG","img":"https://fd13-photos.leclercdrive.fr/image.ashx?id=2317495&use=l&cat=p&typeid=i","cat":333665},{"id":118289,"n":"Canard confit Marie Ecrasé de pomme de terre 300g","p":4.16,"u":"13,87 €/KG","img":"https://fd13-photos.leclercdrive.fr/image.ashx?id=2799886&use=l&cat=p&typeid=i","cat":333665},{"id":118387,"n":"AOC Bourgogne Côte d'Or Nos Vignerons ont du Talent - 75cl","p":14.99,"u":"19,99 €/L","img":"https://fd13-photos.leclercdrive.fr/image.ashx?id=2355422&use=l&cat=p&typeid=i","cat":289557},{"id":118408,"n":"Lait bébé en poudre Galliagest 1er âge 0-6 mois 820g","p":19.59,"u":"23,89 €/KG","img":"https://fd13-photos.leclercdrive.fr/image.ashx?id=2983054&use=l&cat=p&typeid=i","cat":284726},{"id":118412,"n":"Lait bébé en poudre Galliagest 2 âge 6-12 mois 820g","p":18.62,"u":"22,71 €/KG","img":"https://fd13-photos.leclercdrive.fr/image.ashx?id=2771666&use=l&cat=p&typeid=i","cat":284727},{"id":118414,"n":"Lait bébé en poudre Blédilait 1er âge 0-6 mois 820g","p":15.29,"u":"18,65 €/KG","img":"https://fd13-photos.leclercdrive.fr/image.ashx?id=2500051&use=l&cat=p&typeid=i","cat":284726},{"id":118426,"n":"Lait bébé en poudre Blédilait 2e âge 6-12 mois 820g","p":15.01,"u":"18,30 €/KG","img":"https://fd13-photos.leclercdrive.fr/image.ashx?id=2500054&use=l&cat=p&typeid=i","cat":284727},{"id":118447,"n":"Soupe deshydratée Knorr Tomate mozzarella - 75cl","p":1.43,"u":"1,91 €/L","img":"https://fd13-photos.leclercdrive.fr/image.ashx?id=2788919&use=l&cat=p&typeid=i","cat":284463},{"id":118485,"n":"Préservatifs Skyn Manix Elite - x10","p":8.56,"u":"0,86 €/P","img":"https://fd13-photos.leclercdrive.fr/image.ashx?id=2861051&use=l&cat=p&typeid=i","cat":284631},{"id":118491,"n":"Gel lubrifiant Manix Fraise - 80ml","p":4.81,"img":"https://fd13-photos.leclercdrive.fr/image.ashx?id=2968334&use=l&cat=p&typeid=i","cat":285160},{"id":118492,"n":"Gel lubrifiant Manix Pure - 80ml","p":3.99,"u":"49,88 €/L","img":"https://fd13-photos.leclercdrive.fr/image.ashx?id=2886160&use=l&cat=p&typeid=i","cat":285160},{"id":118513,"n":"Désinfectant Sanytol Pistolet 4 actions - 500ml","p":3.54,"u":"7,08 €/L","img":"https://fd13-photos.leclercdrive.fr/image.ashx?id=2590749&use=l&cat=p&typeid=i","cat":325357},{"id":118536,"n":"Boules inox Eco+ x2","p":0.24,"u":"0,12 €/P","img":"https://fd13-photos.leclercdrive.fr/image.ashx?id=1862246&use=l&cat=p&typeid=i","cat":284667},{"id":118581,"n":"Sacs poubelle 50L Alfapac Maxi poids - x10","p":2.84,"u":"0,28 €/P","img":"https://fd13-photos.leclercdrive.fr/image.ashx?id=2526899&use=l&cat=p&typeid=i","cat":285168},{"id":118583,"n":"Tampons Uni Vert Normal digital - x16","p":1.63,"u":"0,10 €/P","img":"https://fd13-photos.leclercdrive.fr/image.ashx?id=2388385&use=l&cat=p&typeid=i","cat":284626},{"id":118593,"n":"Serviettes Love & Green Incontinence Normal - x12","p":3.95,"u":"0,33 €/P","img":"https://fd13-photos.leclercdrive.fr/image.ashx?id=1866320&use=l&cat=p&typeid=i","cat":284628},{"id":118595,"n":"Serviettes Love & Green Incontinence maxi nuit - x12","p":7.95,"u":"0,66 €/P","img":"https://fd13-photos.leclercdrive.fr/image.ashx?id=2407691&use=l&cat=p&typeid=i","cat":284628},{"id":118612,"n":"Crêpes fourrées  Whaou Chocolat au lait  - x8 - 256g","p":1.96,"u":"7,66 €/KG","img":"https://fd13-photos.leclercdrive.fr/image.ashx?id=2960171&use=l&cat=p&typeid=i","cat":284494},{"id":118842,"n":"Pâté verrines Jean Floc'h Traditionnelles  -  3x170g","p":3.55,"u":"6,96 €/KG","img":"https://fd13-photos.leclercdrive.fr/image.ashx?id=1861242&use=l&cat=p&typeid=i","cat":305149},{"id":118844,"n":"Terrine de campagne Jean Floch Ancienne - 170g","p":1.71,"u":"10,06 €/KG","img":"https://fd13-photos.leclercdrive.fr/image.ashx?id=1932303&use=l&cat=p&typeid=i","cat":305149},{"id":119105,"n":"Nouille de riz Suzi Wan 160g","p":1.99,"u":"12,44 €/KG","img":"https://fd13-photos.leclercdrive.fr/image.ashx?id=3002180&use=l&cat=p&typeid=i","cat":288992},{"id":119123,"n":"Barre de céréales Nature Valley Crunchy multi variétés X5-210g","p":2.49,"u":"11,86 €/KG","img":"https://fd13-photos.leclercdrive.fr/image.ashx?id=2616270&use=l&cat=p&typeid=i","cat":285869},{"id":119185,"n":"Bougie vanille Uni Vert 30h - 130g","p":3.99,"u":"30,69 €/KG","img":"https://fd13-photos.leclercdrive.fr/image.ashx?id=1858544&use=l&cat=p&typeid=i","cat":284666},{"id":119259,"n":"Couches Love & Green Hypoallergéniques Taille 3- x52","p":15.23,"u":"0,29 €/P","img":"https://fd13-photos.leclercdrive.fr/image.ashx?id=2798138&use=l&cat=p&typeid=i","cat":284737},{"id":119260,"n":"Couches Love & Green Hypoallergéniques Taille 4- x46","p":15.2,"u":"0,33 €/P","img":"https://fd13-photos.leclercdrive.fr/image.ashx?id=2798141&use=l&cat=p&typeid=i","cat":284737},{"id":119261,"n":"Couches Love & Green Hypoallergéniques Taille 4+-x42","p":15.22,"u":"0,36 €/P","img":"https://fd13-photos.leclercdrive.fr/image.ashx?id=2799524&use=l&cat=p&typeid=i","cat":284737},{"id":119262,"n":"Sauce bolognaise Panzani 100% Pur Bœuf - 400G","p":2.21,"u":"5,53 €/KG","img":"https://fd13-photos.leclercdrive.fr/image.ashx?id=2984754&use=l&cat=p&typeid=i","cat":287599},{"id":119263,"n":"Couches Love & Green Hypoallergéniques Taille 5- x40","p":15.12,"u":"0,38 €/P","img":"https://fd13-photos.leclercdrive.fr/image.ashx?id=2799527&use=l&cat=p&typeid=i","cat":284737},{"id":119264,"n":"Sauce Bolognaise Panzani 100% Pur Bœuf - 650G","p":3.51,"u":"5,40 €/KG","img":"https://fd13-photos.leclercdrive.fr/image.ashx?id=2977933&use=l&cat=p&typeid=i","cat":287599},{"id":119267,"n":"Café moulu Plantation Noir intense - 3x250g","p":10.19,"u":"13,59 €/KG","img":"https://fd13-photos.leclercdrive.fr/image.ashx?id=2607587&use=l&cat=p&typeid=i","cat":284750},{"id":119271,"n":"Haricots rouge Notre Jardin 3x125g","p":1.91,"u":"5,09 €/KG","img":"https://fd13-photos.leclercdrive.fr/image.ashx?id=2988111&use=l&cat=p&typeid=i","cat":312606},{"id":119273,"n":"Carottes Notre Jardin 3x130g","p":2.25,"u":"5,77 €/KG","img":"https://fd13-photos.leclercdrive.fr/image.ashx?id=3002629&use=l&cat=p&typeid=i","cat":312607},{"id":119275,"n":"Haricots blancs Notre Jardin 3x125g","p":1.99,"u":"5,31 €/KG","img":"https://fd13-photos.leclercdrive.fr/image.ashx?id=3002632&use=l&cat=p&typeid=i","cat":312606},{"id":119287,"n":"Protège lingerie bio Tadam Dermo-sensitif normal - x24","p":2.39,"img":"https://fd13-photos.leclercdrive.fr/image.ashx?id=2754764&use=l&cat=p&typeid=i","cat":284625},{"id":119332,"n":"Tampon digital Uni Vert Ecolo super - x16","p":1.9,"u":"0,12 €/P","img":"https://fd13-photos.leclercdrive.fr/image.ashx?id=1874045&use=l&cat=p&typeid=i","cat":284626},{"id":119337,"n":"Crème légère jour So Bio Etic Anti-âge argan bio - 50ml","p":8.18,"u":"163,60 €/L","img":"https://fd13-photos.leclercdrive.fr/image.ashx?id=2788730&use=l&cat=p&typeid=i","cat":325345},{"id":119339,"n":"Gel nettoyant Uni Vert Entretien canalisations - 1L","p":3.9,"u":"3,90 €/L","img":"https://fd13-photos.leclercdrive.fr/image.ashx?id=2593471&use=l&cat=p&typeid=i","cat":284908},{"id":119472,"n":"Jus de pomme Sous le Pommier Pétillant - 75cl","p":3.17,"u":"4,23 €/L","img":"https://fd13-photos.leclercdrive.fr/image.ashx?id=2855178&use=l&cat=p&typeid=i","cat":284522},{"id":119510,"n":"Blancs de poireaux filière Panier du Primeur - 500g","p":2.49,"u":"4,98 €/KG","img":"https://fd13-photos.leclercdrive.fr/image.ashx?id=2930894&use=l&cat=p&typeid=i","cat":284352},{"id":119571,"n":"Douceur de Brebis vanille 4x100g - Le Petit Basque","p":2.64,"u":"6,60 €/KG","img":"https://fd13-photos.leclercdrive.fr/image.ashx?id=2248093&use=l&cat=p&typeid=i","cat":314998},{"id":119632,"n":"AOP Cabernet d'Anjou rosé Charles de Villeneuve - 75cl","p":4.35,"u":"5,80 €/L","img":"https://fd13-photos.leclercdrive.fr/image.ashx?id=2859272&use=l&cat=p&typeid=i","cat":289558},{"id":119634,"n":"Gourmet Gold Régal de sauce  x12 - 85g","p":6.86,"u":"6,73 €/KG","img":"https://fd13-photos.leclercdrive.fr/image.ashx?id=2902364&use=l&cat=p&typeid=i","cat":285286},{"id":119709,"n":"Fromage Persillée Saint Agur  125g","p":2.4,"u":"19,20 €/KG","img":"https://fd13-photos.leclercdrive.fr/image.ashx?id=2981515&use=l&cat=p&typeid=i","cat":314032},{"id":119720,"n":"Allume-feu cubes bois Le paquet de 220","p":6.58,"img":"https://fd13-photos.leclercdrive.fr/image.ashx?id=2989393&use=l&cat=p&typeid=i","cat":300578},{"id":119740,"n":"Fromage à tartiner Tartare  Ciboulette échalote - 250g","p":3.56,"u":"14,24 €/KG","img":"https://fd13-photos.leclercdrive.fr/image.ashx?id=2110380&use=l&cat=p&typeid=i","cat":314029},{"id":119759,"n":"Petits pois Jean Nicolas Extra fins - 2x560g","p":3.2,"u":"2,86 €/KG","img":"https://fd13-photos.leclercdrive.fr/image.ashx?id=2992780&use=l&cat=p&typeid=i","cat":312607},{"id":119767,"n":"Eau micellaire bio Bionaïa 400ml","p":3.72,"u":"9,30 €/L","img":"https://fd13-photos.leclercdrive.fr/image.ashx?id=2127214&use=l&cat=p&typeid=i","cat":284603},{"id":119797,"n":"Comté fromage bloc Les Croisés 200g","p":2.85,"u":"14,25 €/KG","img":"https://fd13-photos.leclercdrive.fr/image.ashx?id=2856585&use=l&cat=p&typeid=i","cat":314034},{"id":119872,"n":"Huile de tournesol Fruit d'Or 2 L","p":6.49,"u":"3,25 €/L","img":"https://fd13-photos.leclercdrive.fr/image.ashx?id=2482231&use=l&cat=p&typeid=i","cat":284453},{"id":119893,"n":"Skyr Nature Délisse 450g","p":1.89,"u":"4,20 €/KG","img":"https://fd13-photos.leclercdrive.fr/image.ashx?id=2992549&use=l&cat=p&typeid=i","cat":315000},{"id":119914,"n":"Lasagnes de thon Maison Briau 850g","p":6.9,"u":"8,12 €/KG","img":"https://fd13-photos.leclercdrive.fr/image.ashx?id=2853224&use=l&cat=p&typeid=i","cat":333666},{"id":119915,"n":"Encornet Maison Briau farçi aux légumes - 600g","p":8.31,"u":"13,85 €/KG","img":"https://fd13-photos.leclercdrive.fr/image.ashx?id=2851066&use=l&cat=p&typeid=i","cat":333665},{"id":119928,"n":"Cannellonis aux crevettes Maison Briau - 750g","p":8.95,"u":"11,93 €/KG","img":"https://fd13-photos.leclercdrive.fr/image.ashx?id=2842765&use=l&cat=p&typeid=i","cat":285340},{"id":119941,"n":"Fromage à Tartiner Tartare Ail et Fines Herbes 10P - 160g","p":2.08,"u":"13,00 €/KG","img":"https://fd13-photos.leclercdrive.fr/image.ashx?id=2867410&use=l&cat=p&typeid=i","cat":314029},{"id":119943,"n":"Soupe 10 légumes Liebig A la crème - x2 - 60cl","p":2.21,"u":"3,68 €/L","img":"https://fd13-photos.leclercdrive.fr/image.ashx?id=2892139&use=l&cat=p&typeid=i","cat":284462},{"id":119956,"n":"Filets de limande du Nord MSC L'Atelier Poissonnerie x2 200g","p":3.39,"u":"16,95 €/KG","img":"https://fd13-photos.leclercdrive.fr/image.ashx?id=2652101&use=l&cat=p&typeid=i","cat":284344},{"id":119957,"n":"Acras de morue Maison Briau A la créole ciboule piment 200g","p":2.58,"u":"12,90 €/KG","img":"https://fd13-photos.leclercdrive.fr/image.ashx?id=2959469&use=l&cat=p&typeid=i","cat":333673},{"id":119959,"n":"Filets de limande du Nord MSC L'Atelier Poissonnerie x4 400g","p":6.49,"u":"16,23 €/KG","img":"https://fd13-photos.leclercdrive.fr/image.ashx?id=2855292&use=l&cat=p&typeid=i","cat":284344},{"id":119960,"n":"Filets de colin pané d'Alaska MSC sans arrêtes x2 - 220g","p":2.99,"u":"13,59 €/KG","img":"https://fd13-photos.leclercdrive.fr/image.ashx?id=2652110&use=l&cat=p&typeid=i","cat":284344},{"id":119962,"n":"Tielles gourmandes de Sète Pêcheries Sétoises x2 - 150g","p":3.47,"u":"23,13 €/KG","img":"https://fd13-photos.leclercdrive.fr/image.ashx?id=2944813&use=l&cat=p&typeid=i","cat":285094},{"id":120017,"n":"Panés Le Gaulois Milanaise au parmesan - 200g","p":2.36,"u":"11,80 €/KG","img":"https://fd13-photos.leclercdrive.fr/image.ashx?id=2504638&use=l&cat=p&typeid=i","cat":333683},{"id":120140,"n":"Kinder Surprise Père Noël - 36g","p":2.09,"u":"58,06 €/KG","img":"https://fd13-photos.leclercdrive.fr/image.ashx?id=1984789&use=l&cat=p&typeid=i","cat":327592},{"id":120225,"n":"Percarbonate de sodium Clair 500g","p":2.99,"u":"5,98 €/KG","img":"https://fd13-photos.leclercdrive.fr/image.ashx?id=2822141&use=l&cat=p&typeid=i","cat":325365},{"id":120253,"n":"Masque argile 2 en 1 Neutrogena Purifiant skin detox - 150ml","p":4.59,"u":"30,60 €/L","img":"https://fd13-photos.leclercdrive.fr/image.ashx?id=2180852&use=l&cat=p&typeid=i","cat":325346},{"id":120261,"n":"Lessive liquide Epsil Anti-transfert - 40 lavages 2L","p":5.99,"u":"3,00 €/L","img":"https://fd13-photos.leclercdrive.fr/image.ashx?id=2450092&use=l&cat=p&typeid=i","cat":284640},{"id":120295,"n":"Mascara Waterproof Maybelline  Cils Sensational Extra-noir","p":9.36,"img":"https://fd13-photos.leclercdrive.fr/image.ashx?id=2377781&use=l&cat=p&typeid=i","cat":287029},{"id":120331,"n":"Eau gazeuse minérale Salvetat Pauvre en sodium - 6x1,15L","p":3.04,"u":"0,44 €/L","img":"https://fd13-photos.leclercdrive.fr/image.ashx?id=2578693&use=l&cat=p&typeid=i","cat":284536},{"id":120335,"n":"Eau gazeuse aromatisée Salvetat citron - 1,15L","p":0.91,"u":"0,79 €/L","img":"https://fd13-photos.leclercdrive.fr/image.ashx?id=2279753&use=l&cat=p&typeid=i","cat":284536},{"id":120350,"n":"Purée 4 mois Bio Village Pomme coing bio - 4x100g","p":1.79,"u":"4,48 €/KG","img":"https://fd13-photos.leclercdrive.fr/image.ashx?id=2704840&use=l&cat=p&typeid=i","cat":312387},{"id":120401,"n":"Boisson aux fruits Oasis Tropical - 4x2L","p":9.58,"u":"1,20 €/L","img":"https://fd13-photos.leclercdrive.fr/image.ashx?id=3011089&use=l&cat=p&typeid=i","cat":295018},{"id":120403,"n":"Adoucissant L'Arbre Vert Souffle de pureté x53 - 800ml","p":2.92,"u":"3,65 €/L","img":"https://fd13-photos.leclercdrive.fr/image.ashx?id=3001386&use=l&cat=p&typeid=i","cat":284650},{"id":120426,"n":"Protège slip écolo Uni vert Normal - x30","p":2.12,"u":"0,07 €/P","img":"https://fd13-photos.leclercdrive.fr/image.ashx?id=2437494&use=l&cat=p&typeid=i","cat":284625},{"id":120428,"n":"Serviette ecolo Uni Vert Normal - x14","p":1.79,"u":"0,13 €/P","img":"https://fd13-photos.leclercdrive.fr/image.ashx?id=2487482&use=l&cat=p&typeid=i","cat":284624},{"id":120430,"n":"Serviette écolo Uni Vert Nuit + - x10","p":1.79,"u":"0,18 €/P","img":"https://fd13-photos.leclercdrive.fr/image.ashx?id=2806780&use=l&cat=p&typeid=i","cat":284624},{"id":120482,"n":"Planta fin cuisine facile 750ml - Format familial","p":2.88,"u":"3,84 €/L","img":"https://fd13-photos.leclercdrive.fr/image.ashx?id=2440091&use=l&cat=p&typeid=i","cat":284453},{"id":120485,"n":"Mascara Volume L'Oréal Paris Millions de Cils Extra Black","p":10.79,"pp":7.12,"img":"https://fd13-photos.leclercdrive.fr/image.ashx?id=2419170&use=l&cat=p&typeid=i","cat":287029},{"id":120488,"n":"Riz parfumé Comptoir du Grain Basmati -1kg","p":2.48,"u":"2,48 €/KG","img":"https://fd13-photos.leclercdrive.fr/image.ashx?id=2923399&use=l&cat=p&typeid=i","cat":284428},{"id":120499,"n":"Pavés truite arc en ciel Atelier Poissonnerie x2 - 250g","p":5.89,"u":"23,56 €/KG","img":"https://fd13-photos.leclercdrive.fr/image.ashx?id=2927875&use=l&cat=p&typeid=i","cat":284342},{"id":120505,"n":"Mascara Waterproof L'OréalParis Millions de Cils Noir","p":14.89,"u":"551,48 €/KG","img":"https://fd13-photos.leclercdrive.fr/image.ashx?id=2278076&use=l&cat=p&typeid=i","cat":287029},{"id":120517,"n":"Crayon khôl L'Oréal Paris Paradise 101 Midnight Black","p":5.83,"img":"https://fd13-photos.leclercdrive.fr/image.ashx?id=2340981&use=l&cat=p&typeid=i","cat":287029},{"id":120519,"n":"Correcteur anticerne Maybelline Instant Anti-Age 02 Beige Nu","p":12.35,"img":"https://fd13-photos.leclercdrive.fr/image.ashx?id=2423172&use=l&cat=p&typeid=i","cat":287029},{"id":120572,"n":"Tartine pain multi-céréale Pasquier - 240g","p":1.56,"u":"6,50 €/KG","img":"https://fd13-photos.leclercdrive.fr/image.ashx?id=2675403&use=l&cat=p&typeid=i","cat":284479},{"id":120586,"n":"Wraps Poco Loco  Blé maïs - 380g","p":2.28,"u":"6,00 €/KG","img":"https://fd13-photos.leclercdrive.fr/image.ashx?id=1874447&use=l&cat=p&typeid=i","cat":288993},{"id":120587,"n":"Friandise pour chat Dentalife Saumon - 40g","p":1.41,"u":"35,25 €/KG","img":"https://fd13-photos.leclercdrive.fr/image.ashx?id=2468638&use=l&cat=p&typeid=i","cat":285285},{"id":120660,"n":"Purée 4 mois Bio Village Fruits verger bio - 4x100g","p":1.89,"u":"4,73 €/KG","img":"https://fd13-photos.leclercdrive.fr/image.ashx?id=2704846&use=l&cat=p&typeid=i","cat":312387},{"id":120661,"n":"Purée 4 mois Bio Village Pomme Fraise Banane bio -4x100g","p":1.69,"u":"4,23 €/KG","img":"https://fd13-photos.leclercdrive.fr/image.ashx?id=2704849&use=l&cat=p&typeid=i","cat":312387},{"id":120679,"n":"Petits pots bébé P'TIT SOUPER Petits pois pâtes 12M+ - 2x200g","p":1.69,"u":"4,23 €/KG","img":"https://fd13-photos.leclercdrive.fr/image.ashx?id=2526517&use=l&cat=p&typeid=i","cat":312239},{"id":120683,"n":"Petits pots bébé P'TITE RECETTE Bœuf bourguignon 12M+ - 2x200g","p":2.09,"u":"5,23 €/KG","img":"https://fd13-photos.leclercdrive.fr/image.ashx?id=2525714&use=l&cat=p&typeid=i","cat":312237},{"id":120688,"n":"Gel douche argan So Bio Etic Nutrition bio - 650ml","p":6.05,"u":"9,31 €/L","img":"https://fd13-photos.leclercdrive.fr/image.ashx?id=2891583&use=l&cat=p&typeid=i","cat":284594},{"id":120690,"n":"Shampoing Nateïs Cheveux fragiles - 250ml","p":1.28,"u":"5,12 €/L","img":"https://fd13-photos.leclercdrive.fr/image.ashx?id=2626838&use=l&cat=p&typeid=i","cat":284606},{"id":120691,"n":"Après-shampoing Nateïs Cheveux fragiles - 250ml","p":1.46,"u":"5,84 €/L","img":"https://fd13-photos.leclercdrive.fr/image.ashx?id=2626844&use=l&cat=p&typeid=i","cat":284607},{"id":120692,"n":"Pur jus d'orange Bio Village Bio - 2L","p":4.75,"u":"2,38 €/L","img":"https://fd13-photos.leclercdrive.fr/image.ashx?id=2751922&use=l&cat=p&typeid=i","cat":284521},{"id":120694,"n":"Jus de pomme bio Bio Village 1L","p":1.29,"u":"1,29 €/L","img":"https://fd13-photos.leclercdrive.fr/image.ashx?id=2958783&use=l&cat=p&typeid=i","cat":284522},{"id":120727,"n":"Pâtes tagliatelle Garofalo 500g","p":2.0,"u":"4,00 €/KG","img":"https://fd13-photos.leclercdrive.fr/image.ashx?id=3005350&use=l&cat=p&typeid=i","cat":284427},{"id":120730,"n":"IGP Pays d'oc rosé Bleu de Mer BIB 3L","p":15.0,"u":"5,00 €/L","img":"https://fd13-photos.leclercdrive.fr/image.ashx?id=2639705&use=l&cat=p&typeid=i","cat":289560},{"id":120741,"n":"Jus d'orange Bio Village Bio A base de concentré - 1L","p":2.19,"u":"2,19 €/L","img":"https://fd13-photos.leclercdrive.fr/image.ashx?id=2958777&use=l&cat=p&typeid=i","cat":284521},{"id":120744,"n":"Barre de céréales Nature Valley Sweet & Salty cacahuète x5-150g","p":2.72,"u":"18,13 €/KG","img":"https://fd13-photos.leclercdrive.fr/image.ashx?id=2737711&use=l&cat=p&typeid=i","cat":285869},{"id":120820,"n":"Pastis Eperon 43%vol 1L","p":16.01,"u":"16,01 €/L","img":"https://fd13-photos.leclercdrive.fr/image.ashx?id=1879561&use=l&cat=p&typeid=i","cat":284548},{"id":120822,"n":"Tablette de chocolat noir Lindt Croquant Noisette - 150g","p":4.28,"u":"28,53 €/KG","img":"https://fd13-photos.leclercdrive.fr/image.ashx?id=1877963&use=l&cat=p&typeid=i","cat":284956},{"id":120823,"n":"Tablette de chocolat noir Lindt Excellence Figue intense - 100g","p":2.83,"u":"28,30 €/KG","img":"https://fd13-photos.leclercdrive.fr/image.ashx?id=2209206&use=l&cat=p&typeid=i","cat":284956},{"id":120827,"n":"Bonbon Surfizz XL Lutti 200g","p":1.89,"u":"9,45 €/KG","img":"https://fd13-photos.leclercdrive.fr/image.ashx?id=2964840&use=l&cat=p&typeid=i","cat":304250},{"id":120828,"n":"Poêle 24cm Easy Cook'n Clean Tous feux sauf induction","p":16.9,"img":"https://fd13-photos.leclercdrive.fr/image.ashx?id=2531856&use=l&cat=p&typeid=i","cat":298490},{"id":120829,"n":"Poêle 28cm Easy Cook'n Clean Tous feux sauf induction","p":20.9,"img":"https://fd13-photos.leclercdrive.fr/image.ashx?id=2531859&use=l&cat=p&typeid=i","cat":298490},{"id":120832,"n":"Casserole Easy Cook'n Clean 20cm Tous feux sauf induction","p":17.4,"img":"https://fd13-photos.leclercdrive.fr/image.ashx?id=2606921&use=l&cat=p&typeid=i","cat":298490},{"id":120841,"n":"Bonbons Lutti Max 2 Fizz Assortiment Piquant - 500g","p":4.48,"u":"8,96 €/KG","img":"https://fd13-photos.leclercdrive.fr/image.ashx?id=2964685&use=l&cat=p&typeid=i","cat":304250},{"id":120843,"n":"Chicorée Soluble Ricoré  Aux Céréales - 250g","p":4.6,"u":"18,40 €/KG","img":"https://fd13-photos.leclercdrive.fr/image.ashx?id=2979611&use=l&cat=p&typeid=i","cat":284843},{"id":120847,"n":"Bonbon colabizz Lutti Acidulé goût cola - 275g","p":1.85,"u":"6,73 €/KG","img":"https://fd13-photos.leclercdrive.fr/image.ashx?id=2551042&use=l&cat=p&typeid=i","cat":304250},{"id":120851,"n":"Réglisse Lutti O'Tablo Rafraichissante - 200g","p":1.29,"u":"6,45 €/KG","img":"https://fd13-photos.leclercdrive.fr/image.ashx?id=2817425&use=l&cat=p&typeid=i","cat":304250},{"id":120852,"n":"Bonbon arlequin Lutti Acidulé aux fruits - 320g","p":2.89,"u":"9,03 €/KG","img":"https://fd13-photos.leclercdrive.fr/image.ashx?id=2817431&use=l&cat=p&typeid=i","cat":304250},{"id":120853,"n":"Bonbons Lutti Scoubifizz Piquants Fruits - 180g","p":1.51,"u":"8,39 €/KG","img":"https://fd13-photos.leclercdrive.fr/image.ashx?id=2964837&use=l&cat=p&typeid=i","cat":304250},{"id":120855,"n":"Bonbons Lutti Filitubs xl Piquants - 180g","p":1.76,"u":"9,78 €/KG","img":"https://fd13-photos.leclercdrive.fr/image.ashx?id=2817440&use=l&cat=p&typeid=i","cat":304250},{"id":120856,"n":"Bonbon guimauve Lutti Koala - 185g","p":1.57,"u":"8,49 €/KG","img":"https://fd13-photos.leclercdrive.fr/image.ashx?id=2817443&use=l&cat=p&typeid=i","cat":304250},{"id":120857,"n":"Bonbons Carambar Mini Fête Assortiment - 326g","p":3.12,"u":"9,57 €/KG","img":"https://fd13-photos.leclercdrive.fr/image.ashx?id=2972035&use=l&cat=p&typeid=i","cat":304250},{"id":120858,"n":"Carambar Atomic 220g","p":1.98,"u":"9,00 €/KG","img":"https://fd13-photos.leclercdrive.fr/image.ashx?id=2757434&use=l&cat=p&typeid=i","cat":304250},{"id":120859,"n":"Goms saveurs Lpqc 265g","p":2.15,"u":"8,11 €/KG","img":"https://fd13-photos.leclercdrive.fr/image.ashx?id=2844957&use=l&cat=p&typeid=i","cat":304250},{"id":120864,"n":"Bonbons Lutti Flexifizz Piquants Fraise - 225g","p":1.52,"u":"6,76 €/KG","img":"https://fd13-photos.leclercdrive.fr/image.ashx?id=2806396&use=l&cat=p&typeid=i","cat":304250},{"id":120865,"n":"Poudre chocolatée NESQUIK Sticks  - 12x13.5g","p":2.4,"u":"14,81 €/KG","img":"https://fd13-photos.leclercdrive.fr/image.ashx?id=3005302&use=l&cat=p&typeid=i","cat":293235},{"id":120869,"n":"Poudre d'amande Bio Village Doypack bio - 100g","p":2.5,"u":"25,00 €/KG","img":"https://fd13-photos.leclercdrive.fr/image.ashx?id=1873546&use=l&cat=p&typeid=i","cat":284504},{"id":120870,"n":"Amande effilée Bio Village Doypack bio - 100g","p":2.99,"u":"29,90 €/KG","img":"https://fd13-photos.leclercdrive.fr/image.ashx?id=1873549&use=l&cat=p&typeid=i","cat":284504},{"id":120872,"n":"Pépites chocolat Bio Village Bio - 100g","p":2.21,"u":"22,10 €/KG","img":"https://fd13-photos.leclercdrive.fr/image.ashx?id=2590544&use=l&cat=p&typeid=i","cat":284504},{"id":120906,"n":"Crevette cuite 60/80 Equat ASC L'Atelier Poissonnerie - 500g","p":4.99,"u":"9,98 €/KG","img":"https://fd13-photos.leclercdrive.fr/image.ashx?id=2652116&use=l&cat=p&typeid=i","cat":284343},{"id":120911,"n":"Crevettes 80/100 Equateur ASC L'Atelier Poissonnerie - 300g","p":3.75,"u":"12,50 €/KG","img":"https://fd13-photos.leclercdrive.fr/image.ashx?id=2714411&use=l&cat=p&typeid=i","cat":284343},{"id":120945,"n":"IGP Pays d'oc gris rosé Miss Anais 12% vol - 75cl","p":5.95,"u":"7,93 €/L","img":"https://fd13-photos.leclercdrive.fr/image.ashx?id=2692146&use=l&cat=p&typeid=i","cat":289558},{"id":121028,"n":"Crème mains réparatrice Mixa Zones Fragilisées - 50ml","p":4.82,"u":"96,40 €/L","img":"https://fd13-photos.leclercdrive.fr/image.ashx?id=2335919&use=l&cat=p&typeid=i","cat":325350},{"id":121156,"n":"Foie gras de canard Delpeyrat 270g","p":35.41,"u":"131,15 €/KG","img":"https://fd13-photos.leclercdrive.fr/image.ashx?id=2906085&use=l&cat=p&typeid=i","cat":316008},{"id":121157,"n":"Foie gras de canard Delpeyrat Entier - 270g","p":35.41,"u":"131,15 €/KG","img":"https://fd13-photos.leclercdrive.fr/image.ashx?id=2906082&use=l&cat=p&typeid=i","cat":316008},{"id":121242,"n":"Pizza Turini Prosciutto - 400g","p":2.89,"u":"7,23 €/KG","img":"https://fd13-photos.leclercdrive.fr/image.ashx?id=2888953&use=l&cat=p&typeid=i","cat":333679},{"id":121243,"n":"Pizza Speck Turini 380g","p":2.99,"u":"7,87 €/KG","img":"https://fd13-photos.leclercdrive.fr/image.ashx?id=2888956&use=l&cat=p&typeid=i","cat":333679},{"id":121244,"n":"Pizza regina Turini 400g","p":3.31,"u":"8,28 €/KG","img":"https://fd13-photos.leclercdrive.fr/image.ashx?id=2900175&use=l&cat=p&typeid=i","cat":333679},{"id":121265,"n":"Chocolat en poudre Poulain 1848 Boîte - 450g","p":4.26,"u":"9,47 €/KG","img":"https://fd13-photos.leclercdrive.fr/image.ashx?id=2867122&use=l&cat=p&typeid=i","cat":293235},{"id":121270,"n":"Miel de fleurs liquide 500g","p":4.98,"u":"9,96 €/KG","img":"https://fd13-photos.leclercdrive.fr/image.ashx?id=2315910&use=l&cat=p&typeid=i","cat":287643},{"id":121271,"n":"Miel l'Apiculteur crémeux  et onctueux - 1kg","p":11.8,"u":"11,80 €/KG","img":"https://fd13-photos.leclercdrive.fr/image.ashx?id=2838253&use=l&cat=p&typeid=i","cat":287643},{"id":121356,"n":"Dentifrice Original Parodontax Complete protect - 75ml","p":5.99,"u":"79,87 €/L","img":"https://fd13-photos.leclercdrive.fr/image.ashx?id=2546749&use=l&cat=p&typeid=i","cat":284612},{"id":121358,"n":"Dentifrice Blancheur Parodontax Complete protect - 75ml","p":5.56,"u":"74,13 €/L","img":"https://fd13-photos.leclercdrive.fr/image.ashx?id=2896393&use=l&cat=p&typeid=i","cat":284612},{"id":121387,"n":"Lingettes Mots d'Enfants Toilettes bio - x60","p":2.17,"u":"0,04 €/P","img":"https://fd13-photos.leclercdrive.fr/image.ashx?id=2748729&use=l&cat=p&typeid=i","cat":284738},{"id":121388,"n":"Sacs poubelle 20L Elembal Poignées coulissantes - x20","p":2.05,"u":"0,10 €/P","img":"https://fd13-photos.leclercdrive.fr/image.ashx?id=2958753&use=l&cat=p&typeid=i","cat":285168},{"id":121412,"n":"Sérum Anti-rides L'Oréal Paris Revitalift Peau Neuve - 30ml","p":13.88,"u":"462,67 €/L","img":"https://fd13-photos.leclercdrive.fr/image.ashx?id=2879730&use=l&cat=p&typeid=i","cat":325345},{"id":121436,"n":"Crème anti-âge L'Oréal Paris Revitalift SPF 25 - 50ml","p":14.9,"u":"298,00 €/L","img":"https://fd13-photos.leclercdrive.fr/image.ashx?id=2853230&use=l&cat=p&typeid=i","cat":325345},{"id":121438,"n":"Sérum repulpant L'Oréal Paris Revitalift Anti-rides - 30ml","p":14.3,"u":"476,67 €/L","img":"https://fd13-photos.leclercdrive.fr/image.ashx?id=2926584&use=l&cat=p&typeid=i","cat":325345},{"id":121446,"n":"Peaches Haribo  Sachet bonbons - 250g","p":1.92,"u":"7,68 €/KG","img":"https://fd13-photos.leclercdrive.fr/image.ashx?id=2984925&use=l&cat=p&typeid=i","cat":304250},{"id":121447,"n":"Flanbolo Haribo Sachet bonbons - 200g","p":1.87,"u":"9,35 €/KG","img":"https://fd13-photos.leclercdrive.fr/image.ashx?id=2806117&use=l&cat=p&typeid=i","cat":304250},{"id":121450,"n":"Mini Chamallows Choco Haribo Sachet bonbons guimauve - 140g","p":1.97,"u":"14,07 €/KG","img":"https://fd13-photos.leclercdrive.fr/image.ashx?id=2984931&use=l&cat=p&typeid=i","cat":304250},{"id":121482,"n":"Bière Blanche Hermine 6x25cl","p":5.79,"u":"3,86 €/L","img":"https://fd13-photos.leclercdrive.fr/image.ashx?id=2107850&use=l&cat=p&typeid=i","cat":334878},{"id":121491,"n":"Bière Lancelot IPA bio 6x25cl","p":6.75,"u":"4,50 €/L","img":"https://fd13-photos.leclercdrive.fr/image.ashx?id=1878437&use=l&cat=p&typeid=i","cat":334872},{"id":121492,"n":"Mini shampooing voyage Nateïs Tilleul Pomme - 100ml","p":1.09,"u":"10,90 €/L","img":"https://fd13-photos.leclercdrive.fr/image.ashx?id=1905503&use=l&cat=p&typeid=i","cat":284606},{"id":121493,"n":"Gel nettoyant Syphon Javel canalisation - 1L","p":2.99,"u":"2,99 €/L","img":"https://fd13-photos.leclercdrive.fr/image.ashx?id=1875773&use=l&cat=p&typeid=i","cat":284908},{"id":121508,"n":"Desserts Empresure Malo Chocolat/Noisette - 4x125g","p":1.9,"u":"3,80 €/KG","img":"https://fd13-photos.leclercdrive.fr/image.ashx?id=1972142&use=l&cat=p&typeid=i","cat":285041},{"id":121551,"n":"Crêpière Tefal Easy Cook'n Clean 25cm","p":13.9,"img":"https://fd13-photos.leclercdrive.fr/image.ashx?id=1882055&use=l&cat=p&typeid=i","cat":298490},{"id":121663,"n":"Bière Blanche Britt - 12x25cl","p":10.57,"u":"3,52 €/L","img":"https://fd13-photos.leclercdrive.fr/image.ashx?id=2054274&use=l&cat=p&typeid=i","cat":334878},{"id":121690,"n":"Cidre Brut Mam Goudig - 75cl","p":3.12,"u":"4,16 €/L","img":"https://fd13-photos.leclercdrive.fr/image.ashx?id=1879633&use=l&cat=p&typeid=i","cat":334880},{"id":121691,"n":"Cidre doux Mam Goudig - 75cl","p":3.08,"u":"4,11 €/L","img":"https://fd13-photos.leclercdrive.fr/image.ashx?id=1879636&use=l&cat=p&typeid=i","cat":334880},{"id":121707,"n":"Sauce bolognaise pur boeuf Panzani - 200g","p":1.66,"u":"8,30 €/KG","img":"https://fd13-photos.leclercdrive.fr/image.ashx?id=2880682&use=l&cat=p&typeid=i","cat":287599},{"id":121708,"n":"Céréales fourrées P'tit Déli Chocolat noisette - 650g","p":3.08,"u":"4,74 €/KG","img":"https://fd13-photos.leclercdrive.fr/image.ashx?id=2840740&use=l&cat=p&typeid=i","cat":309513},{"id":121739,"n":"Lentilles cuisinées Raynal Et Roquelaure - 2x200g","p":1.95,"u":"4,88 €/KG","img":"https://fd13-photos.leclercdrive.fr/image.ashx?id=2928381&use=l&cat=p&typeid=i","cat":312609},{"id":121765,"n":"Les Arrangés du Rhum Breiz'Ile Ananas Agrumes - 70cl - 28°","p":22.91,"u":"32,73 €/L","img":"https://fd13-photos.leclercdrive.fr/image.ashx?id=2108999&use=l&cat=p&typeid=i","cat":284551},{"id":121766,"n":"Les Arrangés du Rhum Breiz'Ile Passion Ananas - 70cl - 28°","p":26.05,"u":"37,21 €/L","img":"https://fd13-photos.leclercdrive.fr/image.ashx?id=1879735&use=l&cat=p&typeid=i","cat":284551},{"id":121768,"n":"Les Arrangés du Rhum Breiz'Ile Mangue Ananas - 70cl - 28°","p":25.55,"u":"36,50 €/L","img":"https://fd13-photos.leclercdrive.fr/image.ashx?id=2940099&use=l&cat=p&typeid=i","cat":284551},{"id":121777,"n":"Noix de cajou Tokapi Miel & sel - 125g","p":2.28,"u":"18,24 €/KG","img":"https://fd13-photos.leclercdrive.fr/image.ashx?id=2793899&use=l&cat=p&typeid=i","cat":284448},{"id":121799,"n":"Bière blonde Melen Britt - 6x25cl","p":4.99,"u":"3,33 €/L","img":"https://fd13-photos.leclercdrive.fr/image.ashx?id=2108732&use=l&cat=p&typeid=i","cat":334873},{"id":121800,"n":"Bière blonde Sant Erwann IPA - 6x25cl","p":5.74,"u":"3,83 €/L","img":"https://fd13-photos.leclercdrive.fr/image.ashx?id=2678083&use=l&cat=p&typeid=i","cat":334852},{"id":121803,"n":"Bière rousse Dremmwel bio 6x25cl","p":5.2,"u":"3,47 €/L","img":"https://fd13-photos.leclercdrive.fr/image.ashx?id=2678089&use=l&cat=p&typeid=i","cat":334852},{"id":121805,"n":"Bière blé noir Dremmwel bio 6x25cl","p":6.08,"u":"4,05 €/L","img":"https://fd13-photos.leclercdrive.fr/image.ashx?id=2870764&use=l&cat=p&typeid=i","cat":334852},{"id":121840,"n":"Mini Involtini Speck 110g","p":3.95,"u":"35,91 €/KG","img":"https://fd13-photos.leclercdrive.fr/image.ashx?id=1898032&use=l&cat=p&typeid=i","cat":316002},{"id":121842,"n":"Filets de maquereaux Muscadet Les Mouettes d'Arvor - 2x176g","p":5.99,"u":"17,02 €/KG","img":"https://fd13-photos.leclercdrive.fr/image.ashx?id=1889219&use=l&cat=p&typeid=i","cat":303868},{"id":121843,"n":"Filets maquereaux à la moutarde Les Mouettes d'Arvor - 2x169g","p":5.99,"u":"17,72 €/KG","img":"https://fd13-photos.leclercdrive.fr/image.ashx?id=1937391&use=l&cat=p&typeid=i","cat":303868},{"id":121844,"n":"Filets de maquereaux Catalane Les Mouettes d'Arvor  - 2x169g","p":5.99,"u":"17,72 €/KG","img":"https://fd13-photos.leclercdrive.fr/image.ashx?id=1893526&use=l&cat=p&typeid=i","cat":303868},{"id":121992,"n":"Secret de mousse La laitière Chocolat Lait et Blanc - 4x59 g","p":1.56,"u":"6,61 €/KG","img":"https://fd13-photos.leclercdrive.fr/image.ashx?id=2729782&use=l&cat=p&typeid=i","cat":284417},{"id":122035,"n":"Vinaigre de ménage 14° Briochin Ecocert - 1L","p":3.4,"u":"3,40 €/L","img":"https://fd13-photos.leclercdrive.fr/image.ashx?id=3000734&use=l&cat=p&typeid=i","cat":325365},{"id":122040,"n":"Douche crème Le Petit Olivier Lait de karité - 750ml","p":4.76,"u":"6,35 €/L","img":"https://fd13-photos.leclercdrive.fr/image.ashx?id=2144851&use=l&cat=p&typeid=i","cat":284594},{"id":122057,"n":"Filet Poulet Fermier x2 La Nouvelle Agriculture - 280g","p":8.11,"u":"28,96 €/KG","img":"https://fd13-photos.leclercdrive.fr/image.ashx?id=2095938&use=l&cat=p&typeid=i","cat":284336},{"id":122094,"n":"Barre bio Bio village Chocolat coeur au lait - 125g","p":3.35,"u":"26,80 €/KG","img":"https://fd13-photos.leclercdrive.fr/image.ashx?id=2176095&use=l&cat=p&typeid=i","cat":284488},{"id":122254,"n":"Verrines St-Jacques carottes Pommes fondantes x4 - 160g","p":3.9,"pp":2.73,"u":"17,06 €/KG","img":"https://fd13-photos.leclercdrive.fr/image.ashx?id=2504728&use=l&cat=p&typeid=i","cat":327280},{"id":122346,"n":"Babybio Optima croissance 3 Bio 800g","p":17.83,"u":"22,29 €/KG","img":"https://fd13-photos.leclercdrive.fr/image.ashx?id=2944029&use=l&cat=p&typeid=i","cat":290219},{"id":122348,"n":"Lait Primea 3 Bio Babybio 800g","p":16.02,"u":"20,03 €/KG","img":"https://fd13-photos.leclercdrive.fr/image.ashx?id=2944026&use=l&cat=p&typeid=i","cat":290219},{"id":122367,"n":"Sacs Congélation Zip Alfapac Petit Modèle - x30","p":2.03,"u":"0,07 €/P","img":"https://fd13-photos.leclercdrive.fr/image.ashx?id=2986335&use=l&cat=p&typeid=i","cat":334134},{"id":122419,"n":"Skyr Siggi's  Nature 0% MG - 2x140g","p":2.15,"u":"7,68 €/KG","img":"https://fd13-photos.leclercdrive.fr/image.ashx?id=2372412&use=l&cat=p&typeid=i","cat":315000},{"id":122420,"n":"Skyr Siggi's  Vanille - 2x140g","p":2.12,"u":"7,57 €/KG","img":"https://fd13-photos.leclercdrive.fr/image.ashx?id=2646119&use=l&cat=p&typeid=i","cat":315000},{"id":122435,"n":"Lardons supérieurs Bio Village bio Fumés - 2x60g","p":1.75,"u":"14,58 €/KG","img":"https://fd13-photos.leclercdrive.fr/image.ashx?id=2761983&use=l&cat=p&typeid=i","cat":316011},{"id":122437,"n":"Verrines saumon fromage Concombre x4 - 160g","p":3.5,"u":"21,88 €/KG","img":"https://fd13-photos.leclercdrive.fr/image.ashx?id=2519615&use=l&cat=p&typeid=i","cat":316003},{"id":122457,"n":"Soda 7UP Citron/citron vert zéro -4x1.5L","p":4.64,"u":"0,77 €/L","img":"https://fd13-photos.leclercdrive.fr/image.ashx?id=2689601&use=l&cat=p&typeid=i","cat":284531},{"id":122487,"n":"Macédoine Bio Village Bio - 215g","p":2.54,"u":"11,81 €/KG","img":"https://fd13-photos.leclercdrive.fr/image.ashx?id=1885935&use=l&cat=p&typeid=i","cat":312612},{"id":122528,"n":"Skyr Siggi's  Framboise - 2x140g","p":2.11,"u":"7,54 €/KG","img":"https://fd13-photos.leclercdrive.fr/image.ashx?id=2692095&use=l&cat=p&typeid=i","cat":315000},{"id":122529,"n":"Skyr Siggi's  Myrtille - 2x140g","p":2.16,"u":"7,71 €/KG","img":"https://fd13-photos.leclercdrive.fr/image.ashx?id=2692098&use=l&cat=p&typeid=i","cat":315000},{"id":122553,"n":"Compote bio Bio Village Bocal pomme vanille - 625g","p":2.03,"u":"3,25 €/KG","img":"https://fd13-photos.leclercdrive.fr/image.ashx?id=1948045&use=l&cat=p&typeid=i","cat":284508},{"id":122676,"n":"Dentifrice Email Diamant Le Charbon - 75ml","p":3.58,"u":"47,73 €/L","img":"https://fd13-photos.leclercdrive.fr/image.ashx?id=2975960&use=l&cat=p&typeid=i","cat":284612},{"id":122691,"n":"Yaourt brassé Bio Les 300 & Bio Fraise, framboise - 4x125g","p":2.0,"u":"4,00 €/KG","img":"https://fd13-photos.leclercdrive.fr/image.ashx?id=2629136&use=l&cat=p&typeid=i","cat":284410},{"id":122719,"n":"Miel de fleurs Lune de miel Flacon doseur liquide - 1kg","p":8.76,"u":"8,76 €/KG","img":"https://fd13-photos.leclercdrive.fr/image.ashx?id=2984874&use=l&cat=p&typeid=i","cat":287643},{"id":122731,"n":"Pâte à tartiner Poulain 750g","p":5.5,"u":"7,33 €/KG","img":"https://fd13-photos.leclercdrive.fr/image.ashx?id=2815100&use=l&cat=p&typeid=i","cat":284481},{"id":122790,"n":"Chips Tuiles Pringles Hot Spicy - 175g","p":1.72,"u":"9,83 €/KG","img":"https://fd13-photos.leclercdrive.fr/image.ashx?id=2902295&use=l&cat=p&typeid=i","cat":287899},{"id":122792,"n":"Chips Tuiles Pringles Crème et Oignon - 175g","p":1.7,"u":"9,71 €/KG","img":"https://fd13-photos.leclercdrive.fr/image.ashx?id=2902292&use=l&cat=p&typeid=i","cat":287899},{"id":122825,"n":"Sauce au poivre Rustica 245g","p":1.19,"u":"4,86 €/KG","img":"https://fd13-photos.leclercdrive.fr/image.ashx?id=2558829&use=l&cat=p&typeid=i","cat":318431},{"id":122895,"n":"Chips Tuiles Pringles Original - 175g","p":1.68,"u":"9,60 €/KG","img":"https://fd13-photos.leclercdrive.fr/image.ashx?id=2902298&use=l&cat=p&typeid=i","cat":287899},{"id":122899,"n":"Rasoirs jetables Gillette Blue 3 - x8","p":8.11,"u":"1,01 €/P","img":"https://fd13-photos.leclercdrive.fr/image.ashx?id=2901139&use=l&cat=p&typeid=i","cat":284616},{"id":122902,"n":"Rasoirs jetables Gillette Blue 3 - x4","p":5.0,"u":"1,25 €/P","img":"https://fd13-photos.leclercdrive.fr/image.ashx?id=2674228&use=l&cat=p&typeid=i","cat":284616},{"id":122905,"n":"Shampooing antipelliculaire Vitanove cheveux normaux -250ml","p":1.68,"u":"6,72 €/L","img":"https://fd13-photos.leclercdrive.fr/image.ashx?id=1909525&use=l&cat=p&typeid=i","cat":284606},{"id":122928,"n":"Sauce apéritif Old El Paso Mexicanita medium - 335g","p":2.98,"u":"8,90 €/KG","img":"https://fd13-photos.leclercdrive.fr/image.ashx?id=2737609&use=l&cat=p&typeid=i","cat":288993},{"id":122930,"n":"Tortillas Old El Paso sans gluten x6 - 216g","p":3.15,"u":"14,58 €/KG","img":"https://fd13-photos.leclercdrive.fr/image.ashx?id=2737666&use=l&cat=p&typeid=i","cat":288993},{"id":122931,"n":"Kit Fajita Old El Paso sans gluten doux - 462g","p":6.07,"u":"13,14 €/KG","img":"https://fd13-photos.leclercdrive.fr/image.ashx?id=2759508&use=l&cat=p&typeid=i","cat":288993},{"id":122973,"n":"Jambon de Paris Tradilège Découenné - 2 tranches - 80g","p":1.24,"u":"15,50 €/KG","img":"https://fd13-photos.leclercdrive.fr/image.ashx?id=2404175&use=l&cat=p&typeid=i","cat":316009},{"id":123029,"n":"Poisson pané Colin Findus Extra croustillant - x2 250g","p":2.96,"u":"11,84 €/KG","img":"https://fd13-photos.leclercdrive.fr/image.ashx?id=3014548&use=l&cat=p&typeid=i","cat":319788},{"id":123062,"n":"Jambon de Paris Tradilège A l'étouffé - 160g","p":1.72,"u":"10,75 €/KG","img":"https://fd13-photos.leclercdrive.fr/image.ashx?id=2951143&use=l&cat=p&typeid=i","cat":316009},{"id":123063,"n":"Jambon de Paris Tradilège Découenné dégraissé x6 - 240g","p":2.44,"u":"10,17 €/KG","img":"https://fd13-photos.leclercdrive.fr/image.ashx?id=2951146&use=l&cat=p&typeid=i","cat":316009},{"id":123067,"n":"Jambon de Paris Tradilège Découenné dégraissé x10 - 400g","p":3.99,"u":"9,98 €/KG","img":"https://fd13-photos.leclercdrive.fr/image.ashx?id=2930787&use=l&cat=p&typeid=i","cat":316009},{"id":123069,"n":"Jambon de Paris Tradilège -25% de sel - 2 tranches - 70g","p":1.3,"u":"18,57 €/KG","img":"https://fd13-photos.leclercdrive.fr/image.ashx?id=2208606&use=l&cat=p&typeid=i","cat":316009},{"id":123070,"n":"Jambon de Paris Tradilège -25% de sel - 4 tranches - 140g","p":2.1,"u":"15,00 €/KG","img":"https://fd13-photos.leclercdrive.fr/image.ashx?id=2208609&use=l&cat=p&typeid=i","cat":316009},{"id":123071,"n":"Jambon de Paris Tradilège -25% de sel - 6 tranches - 210g","p":2.6,"u":"12,38 €/KG","img":"https://fd13-photos.leclercdrive.fr/image.ashx?id=2208612&use=l&cat=p&typeid=i","cat":316009},{"id":123073,"n":"Jambon supérieur Tradilège Découenné - 2 tranches - 80g","p":1.32,"u":"16,50 €/KG","img":"https://fd13-photos.leclercdrive.fr/image.ashx?id=2943689&use=l&cat=p&typeid=i","cat":316009},{"id":123074,"n":"Jambon supérieur Tradilège Découenné dégraissé x4 - 160g","p":2.55,"u":"15,94 €/KG","img":"https://fd13-photos.leclercdrive.fr/image.ashx?id=1914324&use=l&cat=p&typeid=i","cat":316009},{"id":123076,"n":"Jambon supérieur Tradilège Découenné dégraissé x6 - 240g","p":3.79,"u":"15,79 €/KG","img":"https://fd13-photos.leclercdrive.fr/image.ashx?id=1914327&use=l&cat=p&typeid=i","cat":316009},{"id":123083,"n":"Thon Albacore au naturel Les Mouettes d'Arvor - 2x160g","p":6.3,"u":"19,69 €/KG","img":"https://fd13-photos.leclercdrive.fr/image.ashx?id=2015705&use=l&cat=p&typeid=i","cat":303867},{"id":123105,"n":"Jambon supérieur Tradilège Avec couenne 4 tranches - 160g","p":2.09,"u":"13,06 €/KG","img":"https://fd13-photos.leclercdrive.fr/image.ashx?id=2925756&use=l&cat=p&typeid=i","cat":316009},{"id":123106,"n":"Jambon supérieur Tradilège Avec couenne 6 tranches - 240g","p":3.13,"u":"13,04 €/KG","img":"https://fd13-photos.leclercdrive.fr/image.ashx?id=2404193&use=l&cat=p&typeid=i","cat":316009},{"id":123110,"n":"Jambon supérieur Tradilège Avec couenne -2 tranches - 80g","p":1.49,"u":"18,63 €/KG","img":"https://fd13-photos.leclercdrive.fr/image.ashx?id=2943695&use=l&cat=p&typeid=i","cat":316009},{"id":123121,"n":"Oeufs Marque rèpere De Nos Régions - x20","p":4.29,"u":"0,21 €/P","img":"https://fd13-photos.leclercdrive.fr/image.ashx?id=2969812&use=l&cat=p&typeid=i","cat":284378},{"id":123183,"n":"IGP Terres du Midi rosé Listel Cuvée St Louis - 75cl","p":4.95,"u":"6,60 €/L","img":"https://fd13-photos.leclercdrive.fr/image.ashx?id=2630382&use=l&cat=p&typeid=i","cat":289558},{"id":123247,"n":"Pulpe de tomates Le Cabanon - 3x400g","p":3.51,"u":"2,93 €/KG","img":"https://fd13-photos.leclercdrive.fr/image.ashx?id=2645525&use=l&cat=p&typeid=i","cat":288384},{"id":123254,"n":"Rhum Blanc agricole Dillon  Martinique - 70cl","p":13.49,"u":"19,27 €/L","img":"https://fd13-photos.leclercdrive.fr/image.ashx?id=2650949&use=l&cat=p&typeid=i","cat":284550},{"id":123257,"n":"Capsules café Plantation Lungo forte n°7 - x16 - 105g","p":3.35,"u":"31,90 €/KG","img":"https://fd13-photos.leclercdrive.fr/image.ashx?id=2649744&use=l&cat=p&typeid=i","cat":293239},{"id":123319,"n":"Spaghettini N°3 Barilla Qualité Supérieure - 500g","p":1.0,"u":"2,00 €/KG","img":"https://fd13-photos.leclercdrive.fr/image.ashx?id=2392197&use=l&cat=p&typeid=i","cat":284427},{"id":123358,"n":"Cordon bleu Marie 2x280g","p":6.75,"u":"12,05 €/KG","img":"https://fd13-photos.leclercdrive.fr/image.ashx?id=2331807&use=l&cat=p&typeid=i","cat":333665},{"id":123368,"n":"Brume d'eau Mot d'enfant 200ml","p":1.58,"u":"7,90 €/L","img":"https://fd13-photos.leclercdrive.fr/image.ashx?id=3015123&use=l&cat=p&typeid=i","cat":284741},{"id":123369,"n":"Crème hydratante visage & corps 75 Ml","p":1.39,"u":"18,53 €/L","img":"https://fd13-photos.leclercdrive.fr/image.ashx?id=1890346&use=l&cat=p&typeid=i","cat":325345},{"id":123371,"n":"Déboucheur Syphon Spécial cheveux - 1L","p":2.26,"u":"2,26 €/L","img":"https://fd13-photos.leclercdrive.fr/image.ashx?id=2202473&use=l&cat=p&typeid=i","cat":284908},{"id":123372,"n":"Huile barbe longue Carré Homme 50ml","p":4.57,"u":"91,40 €/L","img":"https://fd13-photos.leclercdrive.fr/image.ashx?id=1895380&use=l&cat=p&typeid=i","cat":284622},{"id":123373,"n":"Soin visage Carré Homme et barbe de 3 jours - 50ml","p":3.28,"u":"65,60 €/L","img":"https://fd13-photos.leclercdrive.fr/image.ashx?id=1898122&use=l&cat=p&typeid=i","cat":284622},{"id":123375,"n":"Gel Toilette Intime Neutre Intima Natural 200ml","p":3.15,"u":"15,75 €/L","img":"https://fd13-photos.leclercdrive.fr/image.ashx?id=2959865&use=l&cat=p&typeid=i","cat":284627},{"id":123393,"n":"Bière sans alcool Tourtel Twist Agrume 0,0° - 6x27,5cl","p":3.91,"u":"2,37 €/L","img":"https://fd13-photos.leclercdrive.fr/image.ashx?id=2730736&use=l&cat=p&typeid=i","cat":334877},{"id":123397,"n":"Bière sans alcool Tourtel Twist Framboise 0,0° - 6x27,5cl","p":3.97,"u":"2,41 €/L","img":"https://fd13-photos.leclercdrive.fr/image.ashx?id=2886705&use=l&cat=p&typeid=i","cat":334877},{"id":123400,"n":"Cire corps Laurence Dumont Bandes - x20","p":4.09,"u":"0,20 €/P","img":"https://fd13-photos.leclercdrive.fr/image.ashx?id=2606358&use=l&cat=p&typeid=i","cat":325351},{"id":123402,"n":"Langue boeuf Stephan Sauce madère - 410g","p":5.38,"u":"13,12 €/KG","img":"https://fd13-photos.leclercdrive.fr/image.ashx?id=2771942&use=l&cat=p&typeid=i","cat":305149},{"id":123407,"n":"Bière sans alcool Tourtel Twist Citron 0,0° - 6x27,5cl","p":3.9,"u":"2,36 €/L","img":"https://fd13-photos.leclercdrive.fr/image.ashx?id=2886702&use=l&cat=p&typeid=i","cat":334877},{"id":123413,"n":"Saucisse cocktail Stephan Nature - 200g","p":1.8,"u":"9,00 €/KG","img":"https://fd13-photos.leclercdrive.fr/image.ashx?id=2767549&use=l&cat=p&typeid=i","cat":284450},{"id":123416,"n":"Soda Coca-Cola Original Bouteille - Pack 6x1,75L","p":14.28,"u":"1,36 €/L","img":"https://fd13-photos.leclercdrive.fr/image.ashx?id=2878333&use=l&cat=p&typeid=i","cat":284530},{"id":123418,"n":"Bière blonde Leffe sans alcool 0,0% - 6x25cl","p":4.01,"u":"2,67 €/L","img":"https://fd13-photos.leclercdrive.fr/image.ashx?id=2548303&use=l&cat=p&typeid=i","cat":334877},{"id":123422,"n":"Soda Coca-Cola Sans Sucres Bouteille - 1,75L","p":1.73,"u":"0,99 €/L","img":"https://fd13-photos.leclercdrive.fr/image.ashx?id=2971748&use=l&cat=p&typeid=i","cat":284530},{"id":123426,"n":"Sangria François d'Aubigne 7% vol - 1.5 L","p":2.39,"u":"1,59 €/L","img":"https://fd13-photos.leclercdrive.fr/image.ashx?id=2790865&use=l&cat=p&typeid=i","cat":286032},{"id":123432,"n":"Crème lavante L'arbre Vert Recharge - Amande douche -300ml","p":2.0,"u":"6,67 €/L","img":"https://fd13-photos.leclercdrive.fr/image.ashx?id=2886115&use=l&cat=p&typeid=i","cat":284597},{"id":123434,"n":"Soda Schweppes Indian Tonic Zero - 6x33cl","p":3.35,"u":"1,69 €/L","img":"https://fd13-photos.leclercdrive.fr/image.ashx?id=2852420&use=l&cat=p&typeid=i","cat":284531},{"id":123437,"n":"Boisson Fruit shoot Teisseire Multivamine - 6x20cl","p":2.68,"u":"2,23 €/L","img":"https://fd13-photos.leclercdrive.fr/image.ashx?id=2858201&use=l&cat=p&typeid=i","cat":295018},{"id":123441,"n":"Mascara Maybelline  Colossal Go volume extrême Noir","p":9.6,"u":"417,39 €/L","img":"https://fd13-photos.leclercdrive.fr/image.ashx?id=2344162&use=l&cat=p&typeid=i","cat":287029},{"id":123443,"n":"Pâtes Spaghetti Plat Panzani 3 Minutes - 500G","p":1.41,"u":"2,82 €/KG","img":"https://fd13-photos.leclercdrive.fr/image.ashx?id=2896114&use=l&cat=p&typeid=i","cat":284427},{"id":123448,"n":"Biscuits cacao Kinder Cards Au lait et au cacao 2x5 - 128g","p":3.57,"u":"13,95 €/KG","img":"https://fd13-photos.leclercdrive.fr/image.ashx?id=2672608&use=l&cat=p&typeid=i","cat":284488},{"id":123459,"n":"AOP Tavel rosé Château Castelfont - 75cl","p":7.9,"u":"10,53 €/L","img":"https://fd13-photos.leclercdrive.fr/image.ashx?id=1961687&use=l&cat=p&typeid=i","cat":289558},{"id":123462,"n":"AOP Lubéron rosé Eléphant rose - 75cl","p":5.3,"u":"7,07 €/L","img":"https://fd13-photos.leclercdrive.fr/image.ashx?id=2906352&use=l&cat=p&typeid=i","cat":289558},{"id":123463,"n":"AOP Saint-Pourçain rouge Loire Domaine Chérillat - 75cl","p":8.5,"u":"11,33 €/L","img":"https://fd13-photos.leclercdrive.fr/image.ashx?id=2020353&use=l&cat=p&typeid=i","cat":289556},{"id":123467,"n":"AOC Bourgueil vin rouge Domaine Audebert - 3L","p":21.9,"u":"7,30 €/L","img":"https://fd13-photos.leclercdrive.fr/image.ashx?id=2862671&use=l&cat=p&typeid=i","cat":289556},{"id":123485,"n":"Tartinade Petit Navire Thon poivrons tomate - 125g","p":2.09,"u":"16,72 €/KG","img":"https://fd13-photos.leclercdrive.fr/image.ashx?id=2522584&use=l&cat=p&typeid=i","cat":284451},{"id":123486,"n":"Pâtes Coquillage Panzani Créatives - 500G","p":1.2,"u":"2,40 €/KG","img":"https://fd13-photos.leclercdrive.fr/image.ashx?id=2902939&use=l&cat=p&typeid=i","cat":284427},{"id":123491,"n":"Crêpe fourrée Whaou Chocolat - x8 - 256g","p":2.08,"u":"8,13 €/KG","img":"https://fd13-photos.leclercdrive.fr/image.ashx?id=2962863&use=l&cat=p&typeid=i","cat":284494},{"id":123492,"n":"Crêpes Whaou! Chocolat x15 - 480g","p":3.5,"u":"7,29 €/KG","img":"https://fd13-photos.leclercdrive.fr/image.ashx?id=2986449&use=l&cat=p&typeid=i","cat":284494},{"id":123503,"n":"Yaourt fjord fromage blanc Nature - 4x125g","p":2.07,"u":"4,14 €/KG","img":"https://fd13-photos.leclercdrive.fr/image.ashx?id=2956993&use=l&cat=p&typeid=i","cat":284409},{"id":123504,"n":"Yaourt fjord fromage blanc Nature - 8x125g","p":3.4,"u":"3,40 €/KG","img":"https://fd13-photos.leclercdrive.fr/image.ashx?id=2653222&use=l&cat=p&typeid=i","cat":284409},{"id":123528,"n":"Soucoupes Copains Copines Acides - 39g","p":1.68,"u":"43,08 €/KG","img":"https://fd13-photos.leclercdrive.fr/image.ashx?id=1891237&use=l&cat=p&typeid=i","cat":304250},{"id":123536,"n":"Eau gazeuse aromatisée Salvetat citron vert - 1,15L","p":0.81,"u":"0,70 €/L","img":"https://fd13-photos.leclercdrive.fr/image.ashx?id=2259475&use=l&cat=p&typeid=i","cat":284536},{"id":123540,"n":"Eau minérale naturelle Volvic 6x50cl","p":2.17,"u":"0,72 €/L","img":"https://fd13-photos.leclercdrive.fr/image.ashx?id=2730247&use=l&cat=p&typeid=i","cat":284535},{"id":123541,"n":"Eau minérale naturelle Evian  12x33cl","p":4.48,"u":"1,13 €/L","img":"https://fd13-photos.leclercdrive.fr/image.ashx?id=2973556&use=l&cat=p&typeid=i","cat":284535},{"id":123542,"n":"Eau minérale naturelle Evian  6x50cl","p":2.4,"u":"0,80 €/L","img":"https://fd13-photos.leclercdrive.fr/image.ashx?id=2969022&use=l&cat=p&typeid=i","cat":284535},{"id":123545,"n":"Quiche lorraine Marie Pur beurre - 400g","p":3.33,"u":"8,33 €/KG","img":"https://fd13-photos.leclercdrive.fr/image.ashx?id=2318546&use=l&cat=p&typeid=i","cat":333680},{"id":123546,"n":"Tarte noix St-Jacques Marie Pur beurre - 350g","p":4.26,"u":"12,17 €/KG","img":"https://fd13-photos.leclercdrive.fr/image.ashx?id=2318555&use=l&cat=p&typeid=i","cat":333680},{"id":123547,"n":"Tarte poireaux Marie Pur beurre - 400g","p":3.63,"u":"9,08 €/KG","img":"https://fd13-photos.leclercdrive.fr/image.ashx?id=2318549&use=l&cat=p&typeid=i","cat":333680},{"id":123550,"n":"Yaourt aux fruits brassés Velouté fruix Danone - 16x125g","p":4.34,"u":"2,17 €/KG","img":"https://fd13-photos.leclercdrive.fr/image.ashx?id=2912923&use=l&cat=p&typeid=i","cat":284410},{"id":123551,"n":"Yaourt aux fruits brassés Velouté fruix Danone - 12x125g","p":3.9,"u":"2,60 €/KG","img":"https://fd13-photos.leclercdrive.fr/image.ashx?id=2912929&use=l&cat=p&typeid=i","cat":284410},{"id":123552,"n":"Yaourt fruits rouges brassés Velouté fruix Danone - 8x125g","p":2.7,"u":"2,70 €/KG","img":"https://fd13-photos.leclercdrive.fr/image.ashx?id=2912932&use=l&cat=p&typeid=i","cat":284410},{"id":123553,"n":"Yaourt aux fruits velouté fruix Danone brassé fraise - 4x125g","p":1.85,"u":"3,70 €/KG","img":"https://fd13-photos.leclercdrive.fr/image.ashx?id=2911855&use=l&cat=p&typeid=i","cat":284410},{"id":123554,"n":"Yaourt aux fruits velouté fruix Danone brassé framboise -4x125g","p":1.83,"u":"3,66 €/KG","img":"https://fd13-photos.leclercdrive.fr/image.ashx?id=2911858&use=l&cat=p&typeid=i","cat":284410},{"id":123555,"n":"Yaourt fruits jaunes brassés Velouté fruix Danone - 8x125g","p":2.7,"u":"2,70 €/KG","img":"https://fd13-photos.leclercdrive.fr/image.ashx?id=2912926&use=l&cat=p&typeid=i","cat":284410},{"id":123563,"n":"Filet de poulet blanc Maître Coq - 1kg","p":11.1,"u":"11,10 €/KG","img":"https://fd13-photos.leclercdrive.fr/image.ashx?id=2551132&use=l&cat=p&typeid=i","cat":284336},{"id":123603,"n":"Kit Distributeur Savon Mains Dettol Citron 250ml","p":7.24,"u":"28,96 €/L","img":"https://fd13-photos.leclercdrive.fr/image.ashx?id=2975134&use=l&cat=p&typeid=i","cat":284597},{"id":123606,"n":"Lessive liquide blanc Epsil 25 lavages - 1.25L","p":2.54,"u":"2,03 €/L","img":"https://fd13-photos.leclercdrive.fr/image.ashx?id=2838933&use=l&cat=p&typeid=i","cat":284640},{"id":123622,"n":"Lait poudre Optima 2 Babybio  Bio 6 mois à 1an - 800g","p":18.91,"u":"23,64 €/KG","img":"https://fd13-photos.leclercdrive.fr/image.ashx?id=2988436&use=l&cat=p&typeid=i","cat":284727},{"id":123693,"n":"Pâtes Eco+ Vermicelles - 1kg","p":1.34,"u":"1,34 €/KG","img":"https://fd13-photos.leclercdrive.fr/image.ashx?id=2535247&use=l&cat=p&typeid=i","cat":284427},{"id":123710,"n":"Tomato Ketchup Zéro Heinz sans sucre ni sel - 425g","p":2.64,"u":"6,21 €/KG","img":"https://fd13-photos.leclercdrive.fr/image.ashx?id=2927723&use=l&cat=p&typeid=i","cat":284455},{"id":123717,"n":"Maqueraux Petit Navire Le Grillé - 110g","p":2.37,"u":"21,55 €/KG","img":"https://fd13-photos.leclercdrive.fr/image.ashx?id=2989066&use=l&cat=p&typeid=i","cat":303868},{"id":123774,"n":"Torsettes Lustucru  3min - 500g","p":1.93,"u":"3,86 €/KG","img":"https://fd13-photos.leclercdrive.fr/image.ashx?id=2892202&use=l&cat=p&typeid=i","cat":284427},{"id":123841,"n":"Sardines sans arêtes au citron Connétable - 140g","p":2.86,"u":"20,43 €/KG","img":"https://fd13-photos.leclercdrive.fr/image.ashx?id=2677333&use=l&cat=p&typeid=i","cat":305146},{"id":123864,"n":"Crème Pieds Anti-Crevasses Talons 24h - 60 ml","p":4.96,"u":"82,67 €/L","img":"https://fd13-photos.leclercdrive.fr/image.ashx?id=2980878&use=l&cat=p&typeid=i","cat":325354},{"id":123883,"n":"Thon Alba Connetable Naturel Label Rouge - 112g","p":3.06,"u":"27,32 €/KG","img":"https://fd13-photos.leclercdrive.fr/image.ashx?id=2674128&use=l&cat=p&typeid=i","cat":303867},{"id":123898,"n":"Tablette gourmande Poulain Chocolat au lait - 100g","p":2.03,"u":"20,30 €/KG","img":"https://fd13-photos.leclercdrive.fr/image.ashx?id=2867128&use=l&cat=p&typeid=i","cat":284497},{"id":123960,"n":"Bière sans alcool Desperados Virgin - Agrumes 3x33cl","p":3.64,"u":"3,68 €/L","img":"https://fd13-photos.leclercdrive.fr/image.ashx?id=2977966&use=l&cat=p&typeid=i","cat":334877},{"id":124035,"n":"Jus de raisin ABC Eco+ 1L","p":0.98,"u":"0,98 €/L","img":"https://fd13-photos.leclercdrive.fr/image.ashx?id=2594407&use=l&cat=p&typeid=i","cat":284915},{"id":124045,"n":"Sardine Connetable Sans arête naturel - 98g","p":2.47,"u":"25,20 €/KG","img":"https://fd13-photos.leclercdrive.fr/image.ashx?id=2620269&use=l&cat=p&typeid=i","cat":305146},{"id":124046,"n":"Sardine Connetable Sans Arête - Tomate - 140g","p":2.39,"u":"17,07 €/KG","img":"https://fd13-photos.leclercdrive.fr/image.ashx?id=2638811&use=l&cat=p&typeid=i","cat":305146},{"id":124047,"n":"Pilchards hareng Petit Pierre Tomate huile - 367g","p":2.3,"u":"6,27 €/KG","img":"https://fd13-photos.leclercdrive.fr/image.ashx?id=3004408&use=l&cat=p&typeid=i","cat":305147},{"id":124052,"n":"Nouilles de riz Table du monde 250g","p":1.99,"u":"7,96 €/KG","img":"https://fd13-photos.leclercdrive.fr/image.ashx?id=2679780&use=l&cat=p&typeid=i","cat":288992},{"id":124226,"n":"AOP Bordeaux rosé Château Labatut Rosé - 75cl","p":4.61,"u":"6,15 €/L","img":"https://fd13-photos.leclercdrive.fr/image.ashx?id=2921283&use=l&cat=p&typeid=i","cat":289558},{"id":124243,"n":"Pâté en croûte Maison Monterrat Apéri'Croq classique - 450g","p":3.1,"u":"6,89 €/KG","img":"https://fd13-photos.leclercdrive.fr/image.ashx?id=2277260&use=l&cat=p&typeid=i","cat":316003},{"id":124262,"n":"Le Champignon Émincé Épais Bonduelle Sans Sulfite 230g","p":1.7,"u":"7,39 €/KG","img":"https://fd13-photos.leclercdrive.fr/image.ashx?id=2915724&use=l&cat=p&typeid=i","cat":312610},{"id":124271,"n":"Morceaux de thon Eco+ A l'huile de tournesol - 130g","p":1.39,"u":"10,69 €/KG","img":"https://fd13-photos.leclercdrive.fr/image.ashx?id=2678529&use=l&cat=p&typeid=i","cat":303867},{"id":124374,"n":"Eau aromatisée Volvic bio Pamplemousse romarin - 75cl","p":1.67,"u":"2,23 €/L","img":"https://fd13-photos.leclercdrive.fr/image.ashx?id=2462514&use=l&cat=p&typeid=i","cat":284537},{"id":124375,"n":"Eau infusée Bio Volvic Concombre menthe - 75cl","p":1.66,"u":"2,21 €/L","img":"https://fd13-photos.leclercdrive.fr/image.ashx?id=2462517&use=l&cat=p&typeid=i","cat":284537},{"id":124466,"n":"AOC Crémant d'Alsace brut Bio Rebmann - 75cl","p":6.99,"u":"9,32 €/L","img":"https://fd13-photos.leclercdrive.fr/image.ashx?id=2714992&use=l&cat=p&typeid=i","cat":284545},{"id":124467,"n":"AOC Vin blanc Monbazillac Bio Terrasses d'Autan - 75cl","p":7.99,"u":"10,65 €/L","img":"https://fd13-photos.leclercdrive.fr/image.ashx?id=2997970&use=l&cat=p&typeid=i","cat":289557},{"id":124469,"n":"Vin d'Espagne rouge Merlot Bio Adrien Champaud - BIB 3L","p":8.99,"u":"3,00 €/L","img":"https://fd13-photos.leclercdrive.fr/image.ashx?id=2960565&use=l&cat=p&typeid=i","cat":289556},{"id":124472,"n":"Whisky Clan Cambell 40% - 35cl","p":7.95,"u":"22,71 €/L","img":"https://fd13-photos.leclercdrive.fr/image.ashx?id=2395411&use=l&cat=p&typeid=i","cat":284547},{"id":124473,"n":"Cabillaud MSC citron Côté Table Riz - 290g","p":2.99,"u":"10,31 €/KG","img":"https://fd13-photos.leclercdrive.fr/image.ashx?id=2672954&use=l&cat=p&typeid=i","cat":333665},{"id":124478,"n":"IGP Méditérranée rosé Les Calandières - 75cl","p":3.6,"u":"4,80 €/L","img":"https://fd13-photos.leclercdrive.fr/image.ashx?id=2996608&use=l&cat=p&typeid=i","cat":289558},{"id":124496,"n":"Crème glacée Ben & Jerry's Choco Fudge Brownie - 408g","p":3.67,"u":"9,00 €/KG","img":"https://fd13-photos.leclercdrive.fr/image.ashx?id=2738050&use=l&cat=p&typeid=i","cat":284725},{"id":124499,"n":"Glace en Pot BEN & JERRY'S Vanilla Pecan Blondie - 465ml","p":4.55,"u":"10,99 €/KG","img":"https://fd13-photos.leclercdrive.fr/image.ashx?id=2832548&use=l&cat=p&typeid=i","cat":284725},{"id":124500,"n":"Crème glacée Ben & Jerry's Peanut butter - 425g","p":3.82,"u":"8,99 €/KG","img":"https://fd13-photos.leclercdrive.fr/image.ashx?id=3001524&use=l&cat=p&typeid=i","cat":284725},{"id":124533,"n":"Confiture extra bio Bio Village Rhubarbe - 370g","p":2.59,"u":"7,00 €/KG","img":"https://fd13-photos.leclercdrive.fr/image.ashx?id=1910053&use=l&cat=p&typeid=i","cat":284480},{"id":124585,"n":"Black spiced \"The kraken\" 40° - 70cl","p":26.36,"pp":17.4,"u":"24,86 €/L","img":"https://fd13-photos.leclercdrive.fr/image.ashx?id=2550940&use=l&cat=p&typeid=i","cat":284550},{"id":124594,"n":"Capsules Nescafé Dolce Gusto Espresso - x16","p":4.53,"u":"51,48 €/KG","img":"https://fd13-photos.leclercdrive.fr/image.ashx?id=2952025&use=l&cat=p&typeid=i","cat":293239},{"id":124595,"n":"Nutella Biscuit pâte à tartiner Cacao Noisettes - 166g","p":1.9,"u":"11,45 €/KG","img":"https://fd13-photos.leclercdrive.fr/image.ashx?id=2922200&use=l&cat=p&typeid=i","cat":284488},{"id":124652,"n":"Sorbet Eskiss Cassis - 650g","p":3.62,"u":"5,57 €/KG","img":"https://fd13-photos.leclercdrive.fr/image.ashx?id=2983823&use=l&cat=p&typeid=i","cat":284263},{"id":124655,"n":"Bac sorbet Eskiss Mangue - 650g","p":2.44,"u":"3,75 €/KG","img":"https://fd13-photos.leclercdrive.fr/image.ashx?id=2982673&use=l&cat=p&typeid=i","cat":284263},{"id":124670,"n":"Pain de mie complet Jacquet Maxi - Sans sucre ajouté - 550g","p":1.34,"u":"2,44 €/KG","img":"https://fd13-photos.leclercdrive.fr/image.ashx?id=2935708&use=l&cat=p&typeid=i","cat":284477},{"id":124694,"n":"Saucisson Mini Justin Bridou  Bâton de Berger nature - 160g","p":3.25,"u":"20,31 €/KG","img":"https://fd13-photos.leclercdrive.fr/image.ashx?id=2921786&use=l&cat=p&typeid=i","cat":316006},{"id":124714,"n":"Combinés gratte éponges Spontex x3","p":2.69,"u":"0,90 €/P","img":"https://fd13-photos.leclercdrive.fr/image.ashx?id=2968895&use=l&cat=p&typeid=i","cat":284667},{"id":124723,"n":"Champignon Bonduelle Emincé - 3x115g","p":2.75,"u":"7,97 €/KG","img":"https://fd13-photos.leclercdrive.fr/image.ashx?id=2913121&use=l&cat=p&typeid=i","cat":312610},{"id":124743,"n":"Gratte éponge Spontex anti bactérien - x2","p":1.85,"u":"0,93 €/P","img":"https://fd13-photos.leclercdrive.fr/image.ashx?id=2973081&use=l&cat=p&typeid=i","cat":284667},{"id":124744,"n":"Gratte éponge Spontex x3","p":2.58,"u":"0,86 €/P","img":"https://fd13-photos.leclercdrive.fr/image.ashx?id=2973084&use=l&cat=p&typeid=i","cat":284667},{"id":124787,"n":"Shampooing sec Batiste Volume - 200ml","p":5.05,"u":"25,25 €/L","img":"https://fd13-photos.leclercdrive.fr/image.ashx?id=2557979&use=l&cat=p&typeid=i","cat":289143},{"id":124791,"n":"Serviette Nana Maxi goodnight - x12","p":1.97,"u":"0,16 €/P","img":"https://fd13-photos.leclercdrive.fr/image.ashx?id=2806402&use=l&cat=p&typeid=i","cat":284624},{"id":124794,"n":"Serviettes Tena Men Level 1 - x12","p":4.09,"u":"0,34 €/P","img":"https://fd13-photos.leclercdrive.fr/image.ashx?id=2428570&use=l&cat=p&typeid=i","cat":291514},{"id":124803,"n":"AOP Languedoc rouge Bio Tritons - 75cl","p":7.5,"u":"10,00 €/L","img":"https://fd13-photos.leclercdrive.fr/image.ashx?id=2764275&use=l&cat=p&typeid=i","cat":289556},{"id":124837,"n":"Dual nature saumon One Purina Chat stérilisé - 1,4kg","p":7.15,"u":"5,11 €/KG","img":"https://fd13-photos.leclercdrive.fr/image.ashx?id=2871145&use=l&cat=p&typeid=i","cat":284680},{"id":124896,"n":"KINDER JOY Chocolat au lait - 3x20g","p":3.27,"u":"54,50 €/KG","img":"https://fd13-photos.leclercdrive.fr/image.ashx?id=2971769&use=l&cat=p&typeid=i","cat":284958},{"id":124901,"n":"Pâte à tartiner Nutella 630g","p":4.83,"u":"7,67 €/KG","img":"https://fd13-photos.leclercdrive.fr/image.ashx?id=2968841&use=l&cat=p&typeid=i","cat":284481},{"id":124902,"n":"Eponges végétales Eco+ x2","p":0.46,"u":"0,23 €/P","img":"https://fd13-photos.leclercdrive.fr/image.ashx?id=2770242&use=l&cat=p&typeid=i","cat":284667},{"id":124903,"n":"Laque fixation forte Eco+ 400ml","p":1.11,"u":"2,78 €/L","img":"https://fd13-photos.leclercdrive.fr/image.ashx?id=2270223&use=l&cat=p&typeid=i","cat":284609},{"id":124904,"n":"Liquide allume-feu Eco+ 1L","p":2.94,"u":"2,94 €/L","img":"https://fd13-photos.leclercdrive.fr/image.ashx?id=1901698&use=l&cat=p&typeid=i","cat":300577},{"id":124905,"n":"Sacs poubelle coulissants Eco+ 30 l - x20","p":1.23,"u":"0,06 €/P","img":"https://fd13-photos.leclercdrive.fr/image.ashx?id=1901701&use=l&cat=p&typeid=i","cat":285168},{"id":124906,"n":"Sacs poubelle Eco+ 50L Coulissants - x25","p":2.22,"u":"0,09 €/P","img":"https://fd13-photos.leclercdrive.fr/image.ashx?id=2775700&use=l&cat=p&typeid=i","cat":285168},{"id":124908,"n":"Crème coiffante Carré Homme Cheveux & Barbe - 75ml","p":2.99,"u":"39,87 €/L","img":"https://fd13-photos.leclercdrive.fr/image.ashx?id=2635691&use=l&cat=p&typeid=i","cat":284609},{"id":124909,"n":"Culotte Enuresie Mots d'Enfants 4-7 ans -17-30 kg - x15","p":9.55,"u":"0,64 €/P","img":"https://fd13-photos.leclercdrive.fr/image.ashx?id=2704496&use=l&cat=p&typeid=i","cat":290633},{"id":124910,"n":"Culotte Enuresie Mots d'enfants 8/15 ans -27/57 kg- x12","p":9.49,"u":"0,79 €/P","img":"https://fd13-photos.leclercdrive.fr/image.ashx?id=2905234&use=l&cat=p&typeid=i","cat":290633},{"id":124911,"n":"Diffuseur Insectivor Anti-Moustique - 40ml","p":4.39,"u":"109,75 €/L","img":"https://fd13-photos.leclercdrive.fr/image.ashx?id=2670344&use=l&cat=p&typeid=i","cat":298368},{"id":124912,"n":"Insecticide Insectivor Anti-acariens puce- 400ml","p":4.99,"u":"12,48 €/L","img":"https://fd13-photos.leclercdrive.fr/image.ashx?id=2805051&use=l&cat=p&typeid=i","cat":298368},{"id":124913,"n":"Insecticide Insectivor Volant/rampant - 400ml","p":3.95,"u":"9,88 €/L","img":"https://fd13-photos.leclercdrive.fr/image.ashx?id=1901713&use=l&cat=p&typeid=i","cat":298368},{"id":124921,"n":"Croquettes petit chien Ultima  Nature Sans céréales - 1,1kg","p":6.59,"u":"5,99 €/KG","img":"https://fd13-photos.leclercdrive.fr/image.ashx?id=2572745&use=l&cat=p&typeid=i","cat":294526},{"id":124923,"n":"Croquettes chat stérilisé  Ultima Nature bœuf – 1,1kg","p":6.95,"u":"6,32 €/KG","img":"https://fd13-photos.leclercdrive.fr/image.ashx?id=2629884&use=l&cat=p&typeid=i","cat":284680},{"id":124926,"n":"Sacs poubelle container Elembal 120L - x10","p":3.99,"u":"0,40 €/P","img":"https://fd13-photos.leclercdrive.fr/image.ashx?id=2898272&use=l&cat=p&typeid=i","cat":285168},{"id":124927,"n":"Sacs gravats Elembal 50L - X5","p":4.23,"u":"0,02 €/L","img":"https://fd13-photos.leclercdrive.fr/image.ashx?id=2793278&use=l&cat=p&typeid=i","cat":285168},{"id":124928,"n":"Sacs poubelle Elembal 240L - x10","p":4.56,"u":"0,46 €/P","img":"https://fd13-photos.leclercdrive.fr/image.ashx?id=2898275&use=l&cat=p&typeid=i","cat":285168},{"id":124929,"n":"Insecticide Insectivor Antivolant végétal - 400ml","p":2.71,"u":"6,78 €/L","img":"https://fd13-photos.leclercdrive.fr/image.ashx?id=2933325&use=l&cat=p&typeid=i","cat":298368},{"id":124930,"n":"Sacs poubelle Elembal Coulissants spécial tri 50L-x10","p":2.19,"u":"0,22 €/P","img":"https://fd13-photos.leclercdrive.fr/image.ashx?id=2958756&use=l&cat=p&typeid=i","cat":285168},{"id":124931,"n":"Coton maxi ovale Bio Bionaia x60","p":2.16,"u":"0,04 €/P","img":"https://fd13-photos.leclercdrive.fr/image.ashx?id=2658584&use=l&cat=p&typeid=i","cat":284636},{"id":124935,"n":"Tampons à récurer Eco+ x5","p":0.98,"u":"0,20 €/P","img":"https://fd13-photos.leclercdrive.fr/image.ashx?id=2593336&use=l&cat=p&typeid=i","cat":284667},{"id":124936,"n":"Serviettes hygiéniques Eco+ Normales Ultra minces - x14","p":0.52,"u":"0,04 €/P","img":"https://fd13-photos.leclercdrive.fr/image.ashx?id=2177517&use=l&cat=p&typeid=i","cat":284624},{"id":124941,"n":"Mimolette Isigny St Mère En tranche - 150g","p":2.51,"u":"16,73 €/KG","img":"https://fd13-photos.leclercdrive.fr/image.ashx?id=2876341&use=l&cat=p&typeid=i","cat":314028},{"id":124956,"n":"Shampooing cheveux colorés Eco+ 300ml","p":1.08,"u":"3,60 €/L","img":"https://fd13-photos.leclercdrive.fr/image.ashx?id=1901876&use=l&cat=p&typeid=i","cat":284606},{"id":124957,"n":"Serviettes hygiéniques Eco+ Normales - x20","p":0.7,"u":"0,04 €/P","img":"https://fd13-photos.leclercdrive.fr/image.ashx?id=2824742&use=l&cat=p&typeid=i","cat":284624},{"id":124959,"n":"Shampooing sec Nateïs Pomme - 150ml","p":2.16,"u":"14,40 €/L","img":"https://fd13-photos.leclercdrive.fr/image.ashx?id=1901882&use=l&cat=p&typeid=i","cat":289143},{"id":124961,"n":"Shampoing sec Nateis 150ml","p":1.87,"u":"12,47 €/L","img":"https://fd13-photos.leclercdrive.fr/image.ashx?id=1901885&use=l&cat=p&typeid=i","cat":289143},{"id":124962,"n":"Sacs poubelle Elembal Salle de bain 5L - x40","p":1.82,"u":"0,05 €/P","img":"https://fd13-photos.leclercdrive.fr/image.ashx?id=2793284&use=l&cat=p&typeid=i","cat":285168},{"id":125216,"n":"Cacahuètes Eco+ Grillées à sec - 150g","p":0.46,"u":"3,07 €/KG","img":"https://fd13-photos.leclercdrive.fr/image.ashx?id=2780710&use=l&cat=p&typeid=i","cat":284448},{"id":125217,"n":"Soufflés Eco+ Goût fromage - 100g","p":0.65,"u":"6,50 €/KG","img":"https://fd13-photos.leclercdrive.fr/image.ashx?id=2651729&use=l&cat=p&typeid=i","cat":284449},{"id":125218,"n":"Cacahuètes Eco  Grillées et salées - 250g","p":0.7,"u":"2,80 €/KG","img":"https://fd13-photos.leclercdrive.fr/image.ashx?id=2836801&use=l&cat=p&typeid=i","cat":284448},{"id":125222,"n":"Assortiment biscuit Eco+ Soufflé - 125g","p":0.87,"u":"6,96 €/KG","img":"https://fd13-photos.leclercdrive.fr/image.ashx?id=2283972&use=l&cat=p&typeid=i","cat":284449},{"id":125223,"n":"Pistaches grillées à sec Eco+ 200g","p":2.6,"u":"13,00 €/KG","img":"https://fd13-photos.leclercdrive.fr/image.ashx?id=2746784&use=l&cat=p&typeid=i","cat":284448},{"id":125227,"n":"Mini cookies P'tit Déli 160g","p":1.49,"u":"9,31 €/KG","img":"https://fd13-photos.leclercdrive.fr/image.ashx?id=2932426&use=l&cat=p&typeid=i","cat":325066},{"id":125235,"n":"Tartelette framboise P'tit Déli 150g","p":1.3,"u":"8,67 €/KG","img":"https://fd13-photos.leclercdrive.fr/image.ashx?id=2683922&use=l&cat=p&typeid=i","cat":284489},{"id":125241,"n":"Amandes Bio Village Bio - 100g","p":2.45,"u":"24,50 €/KG","img":"https://fd13-photos.leclercdrive.fr/image.ashx?id=2664596&use=l&cat=p&typeid=i","cat":284448},{"id":125328,"n":"Ketchup Rustica Nature - 560g","p":1.25,"u":"2,23 €/KG","img":"https://fd13-photos.leclercdrive.fr/image.ashx?id=2954385&use=l&cat=p&typeid=i","cat":284455},{"id":125347,"n":"Cône extrême Nestlé cœur  fondant brownies x6 - 426g","p":4.29,"u":"10,07 €/KG","img":"https://fd13-photos.leclercdrive.fr/image.ashx?id=2467258&use=l&cat=p&typeid=i","cat":284264},{"id":125349,"n":"Cône extrême Nestlé cœur  fondant noisette x6 - 426g","p":3.29,"u":"7,72 €/KG","img":"https://fd13-photos.leclercdrive.fr/image.ashx?id=2476533&use=l&cat=p&typeid=i","cat":284264},{"id":125383,"n":"Comté fromage râpé Les Croisés 130g","p":1.95,"u":"15,00 €/KG","img":"https://fd13-photos.leclercdrive.fr/image.ashx?id=2897820&use=l&cat=p&typeid=i","cat":314035},{"id":125440,"n":"Café en grains Naturela Pur arabica Bio - 250g","p":3.61,"u":"14,44 €/KG","img":"https://fd13-photos.leclercdrive.fr/image.ashx?id=2908684&use=l&cat=p&typeid=i","cat":293237},{"id":125480,"n":"AOP Blaye Côtes de Bordeaux Ch. Petit Boyer Les Lions- 75cl","p":5.25,"u":"7,00 €/L","img":"https://fd13-photos.leclercdrive.fr/image.ashx?id=2561826&use=l&cat=p&typeid=i","cat":289556},{"id":125531,"n":"Choco 100% cacao Lindt Orange Amande - 50g","p":2.62,"u":"52,40 €/KG","img":"https://fd13-photos.leclercdrive.fr/image.ashx?id=2310797&use=l&cat=p&typeid=i","cat":284956},{"id":125532,"n":"Chocolat noir Lindt Création Pistache éclat d'Amandes - 150g","p":3.05,"u":"20,33 €/KG","img":"https://fd13-photos.leclercdrive.fr/image.ashx?id=2961963&use=l&cat=p&typeid=i","cat":284956},{"id":125723,"n":"Céréales fourées P'tit Déli Tout chocolat - 650g","p":3.12,"u":"4,80 €/KG","img":"https://fd13-photos.leclercdrive.fr/image.ashx?id=2878603&use=l&cat=p&typeid=i","cat":309513},{"id":125839,"n":"AOP Côtes de Bourg rouge Château Galau -  75cl","p":6.25,"u":"8,33 €/L","img":"https://fd13-photos.leclercdrive.fr/image.ashx?id=2093613&use=l&cat=p&typeid=i","cat":289556},{"id":125864,"n":"Cacahuètes Benenuts-Twinuts Mexicaine - 150g","p":1.03,"u":"6,87 €/KG","img":"https://fd13-photos.leclercdrive.fr/image.ashx?id=2952550&use=l&cat=p&typeid=i","cat":284448},{"id":125870,"n":"Cacahuètes grillées Benenuts Non salées - 200g","p":1.97,"u":"9,85 €/KG","img":"https://fd13-photos.leclercdrive.fr/image.ashx?id=2431821&use=l&cat=p&typeid=i","cat":284448},{"id":125915,"n":"Yaourts allégés Sveltesse   Caramel - 4x125g","p":1.58,"u":"3,16 €/KG","img":"https://fd13-photos.leclercdrive.fr/image.ashx?id=2561601&use=l&cat=p&typeid=i","cat":315000},{"id":125916,"n":"Fromages frais Pat'Patrouille Yoplait goûts fruits - 24x50g","p":3.34,"u":"2,78 €/KG","img":"https://fd13-photos.leclercdrive.fr/image.ashx?id=2733688&use=l&cat=p&typeid=i","cat":284414},{"id":125919,"n":"Boisson végétale Alpro Lait d'amande vanille - 1L","p":2.96,"u":"2,96 €/L","img":"https://fd13-photos.leclercdrive.fr/image.ashx?id=2981671&use=l&cat=p&typeid=i","cat":316067},{"id":125958,"n":"Chips Bret's Saveur vinaigre - 125g","p":1.19,"u":"9,52 €/KG","img":"https://fd13-photos.leclercdrive.fr/image.ashx?id=1925081&use=l&cat=p&typeid=i","cat":284447},{"id":125966,"n":"Chips Tyrrell's Sel et poivre - 150g","p":2.19,"u":"14,60 €/KG","img":"https://fd13-photos.leclercdrive.fr/image.ashx?id=2884777&use=l&cat=p&typeid=i","cat":284447},{"id":126053,"n":"Bière blonde Bio Awen 6x25cl","p":6.45,"u":"4,30 €/L","img":"https://fd13-photos.leclercdrive.fr/image.ashx?id=2432547&use=l&cat=p&typeid=i","cat":334873},{"id":126093,"n":"Madeleines marbrées Le Glazik - 224g","p":3.53,"u":"15,76 €/KG","img":"https://fd13-photos.leclercdrive.fr/image.ashx?id=2509394&use=l&cat=p&typeid=i","cat":284492},{"id":126163,"n":"Galette St michel Au bon chocolat - 121g","p":1.23,"u":"10,17 €/KG","img":"https://fd13-photos.leclercdrive.fr/image.ashx?id=2949955&use=l&cat=p&typeid=i","cat":284487},{"id":126178,"n":"Riz long thaï Eco+ 1kg","p":1.61,"u":"1,61 €/KG","img":"https://fd13-photos.leclercdrive.fr/image.ashx?id=2799751&use=l&cat=p&typeid=i","cat":284428},{"id":126181,"n":"Chocolat Daim 140g","p":2.51,"u":"17,93 €/KG","img":"https://fd13-photos.leclercdrive.fr/image.ashx?id=2506918&use=l&cat=p&typeid=i","cat":304250},{"id":126183,"n":"Biscuits Lotus Biscoff Fourré  Crème saveur speculoos - 150g","p":1.77,"u":"11,80 €/KG","img":"https://fd13-photos.leclercdrive.fr/image.ashx?id=2694968&use=l&cat=p&typeid=i","cat":284487},{"id":126186,"n":"Riz rond Eco+ 1kg","p":1.77,"u":"1,77 €/KG","img":"https://fd13-photos.leclercdrive.fr/image.ashx?id=2704594&use=l&cat=p&typeid=i","cat":284428},{"id":126187,"n":"Biscuits Lotus Biscoff Fourré Crème saveur chocolat 150g","p":1.78,"u":"11,87 €/KG","img":"https://fd13-photos.leclercdrive.fr/image.ashx?id=2859818&use=l&cat=p&typeid=i","cat":284487},{"id":126189,"n":"Biscuits Lotus Biscoff Fourré  Crème saveur vanille - 150g","p":1.55,"u":"10,33 €/KG","img":"https://fd13-photos.leclercdrive.fr/image.ashx?id=2685315&use=l&cat=p&typeid=i","cat":284487},{"id":126207,"n":"Galette St Michel 520g","p":3.35,"u":"6,44 €/KG","img":"https://fd13-photos.leclercdrive.fr/image.ashx?id=2936221&use=l&cat=p&typeid=i","cat":284487},{"id":126310,"n":"Crème dépilatoire Pure Veet Corps Peaux normales 200ml","p":4.7,"u":"23,50 €/L","img":"https://fd13-photos.leclercdrive.fr/image.ashx?id=3014437&use=l&cat=p&typeid=i","cat":325351},{"id":126314,"n":"Crème dépilatoire Pure Veet Corps Peaux sensibles 200ml","p":4.34,"u":"21,70 €/L","img":"https://fd13-photos.leclercdrive.fr/image.ashx?id=2965692&use=l&cat=p&typeid=i","cat":325351},{"id":126316,"n":"Cire Chaude au Sucre Pure Veet 100% d'Origine Naturelle 250ml","p":4.9,"u":"19,60 €/L","img":"https://fd13-photos.leclercdrive.fr/image.ashx?id=2990430&use=l&cat=p&typeid=i","cat":325351},{"id":126396,"n":"Bière sans alcool Kronenbourg Pur Malt 0,4° - 12x25cl","p":5.07,"u":"1,69 €/L","img":"https://fd13-photos.leclercdrive.fr/image.ashx?id=2992756&use=l&cat=p&typeid=i","cat":334877},{"id":126404,"n":"Bière blonde au sarrasin Britt Melen - 12 x 25cl","p":10.22,"u":"3,41 €/L","img":"https://fd13-photos.leclercdrive.fr/image.ashx?id=2193575&use=l&cat=p&typeid=i","cat":334852},{"id":126421,"n":"Biscuits Figolu LU Figue - 192g","p":1.42,"u":"7,40 €/KG","img":"https://fd13-photos.leclercdrive.fr/image.ashx?id=2967950&use=l&cat=p&typeid=i","cat":284489},{"id":126422,"n":"Dinosaurus Lotus Chocolat au lait - 2x225g","p":4.04,"u":"8,98 €/KG","img":"https://fd13-photos.leclercdrive.fr/image.ashx?id=2694992&use=l&cat=p&typeid=i","cat":284488},{"id":126430,"n":"Dosettes café Senseo Milka x8","p":2.93,"u":"26,16 €/KG","img":"https://fd13-photos.leclercdrive.fr/image.ashx?id=2127012&use=l&cat=p&typeid=i","cat":293238},{"id":126436,"n":"Amandes Benenuts-Plaisir Brut Non salées - 145g","p":3.73,"u":"25,72 €/KG","img":"https://fd13-photos.leclercdrive.fr/image.ashx?id=3014470&use=l&cat=p&typeid=i","cat":284448},{"id":126474,"n":"Thon entier MSC Petit Navire A l'huile d'olive - 160g","p":3.44,"u":"21,50 €/KG","img":"https://fd13-photos.leclercdrive.fr/image.ashx?id=2523897&use=l&cat=p&typeid=i","cat":303867},{"id":126478,"n":"Morceaux Thon PETIT NAVIRE 160g Nature Démarche Responsable","p":1.82,"u":"16,25 €/KG","img":"https://fd13-photos.leclercdrive.fr/image.ashx?id=2549453&use=l&cat=p&typeid=i","cat":303867},{"id":126480,"n":"Sauce tomates et parmesan Mutti - 400g","p":2.44,"u":"6,10 €/KG","img":"https://fd13-photos.leclercdrive.fr/image.ashx?id=2855430&use=l&cat=p&typeid=i","cat":288384},{"id":126519,"n":"Bloc WC Bref Color Activ+  Marine toilettes - 50g x1","p":1.94,"u":"388,00 €/KG","img":"https://fd13-photos.leclercdrive.fr/image.ashx?id=2890112&use=l&cat=p&typeid=i","cat":284662},{"id":126562,"n":"Noix de cajou Plaisir Brut Non salées - 145g","p":3.69,"u":"28,38 €/KG","img":"https://fd13-photos.leclercdrive.fr/image.ashx?id=2622552&use=l&cat=p&typeid=i","cat":284448},{"id":126570,"n":"Soda Sprite Original  Bouteille  - 1.25L","p":1.3,"u":"1,04 €/L","img":"https://fd13-photos.leclercdrive.fr/image.ashx?id=2796989&use=l&cat=p&typeid=i","cat":284531},{"id":126578,"n":"Poires Eco+ Barquette 1kg","p":2.49,"u":"2,49 €/KG","img":"https://fd13-photos.leclercdrive.fr/image.ashx?id=2909374&use=l&cat=p&typeid=i","cat":284356},{"id":126579,"n":"Pommes Bicolores Eco+ Sachet 2kg","p":2.99,"u":"1,50 €/KG","img":"https://fd13-photos.leclercdrive.fr/image.ashx?id=2537872&use=l&cat=p&typeid=i","cat":284356},{"id":126601,"n":"Biscuits à thé Delacre Tea Time Boîte Assortiment - 300g","p":4.18,"u":"13,93 €/KG","img":"https://fd13-photos.leclercdrive.fr/image.ashx?id=2867972&use=l&cat=p&typeid=i","cat":284490},{"id":126602,"n":"Assortirment mini chocolat noir Villars Maitre Chocolatier 500g","p":11.87,"u":"23,74 €/KG","img":"https://fd13-photos.leclercdrive.fr/image.ashx?id=2464312&use=l&cat=p&typeid=i","cat":284499},{"id":126622,"n":"Mascara paradise primer white 01 White nu - x1","p":15.04,"img":"https://fd13-photos.leclercdrive.fr/image.ashx?id=2833738&use=l&cat=p&typeid=i","cat":287029},{"id":126643,"n":"Gaufres de liège Lotus Chocolat - 363g","p":3.01,"u":"8,29 €/KG","img":"https://fd13-photos.leclercdrive.fr/image.ashx?id=2859824&use=l&cat=p&typeid=i","cat":294777},{"id":126653,"n":"P'tit savane Brossard Duo fraise - x6 - 150g","p":2.0,"u":"13,33 €/KG","img":"https://fd13-photos.leclercdrive.fr/image.ashx?id=2881446&use=l&cat=p&typeid=i","cat":284489},{"id":126654,"n":"Fromage de Chèvre Saint Loup  Bûche Affinée - 180g","p":2.18,"u":"12,11 €/KG","img":"https://fd13-photos.leclercdrive.fr/image.ashx?id=2763322&use=l&cat=p&typeid=i","cat":314031},{"id":126658,"n":"Poisson pané Colin Alaska  Findus MSC herbes ail x2 - 225g","p":2.75,"u":"12,22 €/KG","img":"https://fd13-photos.leclercdrive.fr/image.ashx?id=2650699&use=l&cat=p&typeid=i","cat":319788},{"id":126765,"n":"Mascara Maybelline New York Big Shot Daring Black nu - x1","p":9.6,"img":"https://fd13-photos.leclercdrive.fr/image.ashx?id=2344165&use=l&cat=p&typeid=i","cat":287029},{"id":126776,"n":"Haricots beurre Gillet 345g","p":3.49,"u":"10,12 €/KG","img":"https://fd13-photos.leclercdrive.fr/image.ashx?id=1911015&use=l&cat=p&typeid=i","cat":312606},{"id":126814,"n":"Filet de poulet Le Gaulois Non OGM Cuisson express 280g","p":4.8,"u":"17,14 €/KG","img":"https://fd13-photos.leclercdrive.fr/image.ashx?id=2304716&use=l&cat=p&typeid=i","cat":284336},{"id":126817,"n":"Filet de poulet extra tendre Le Gaulois - 300g","p":5.1,"u":"17,00 €/KG","img":"https://fd13-photos.leclercdrive.fr/image.ashx?id=2304707&use=l&cat=p&typeid=i","cat":284336},{"id":126836,"n":"Éponge Bébé Ultra-Douce Tigex - 1pièce","p":2.75,"img":"https://fd13-photos.leclercdrive.fr/image.ashx?id=2689841&use=l&cat=p&typeid=i","cat":289435},{"id":126847,"n":"Batonnets Smicy Vanille fraise - x12 - 456g","p":4.04,"u":"8,86 €/KG","img":"https://fd13-photos.leclercdrive.fr/image.ashx?id=2051840&use=l&cat=p&typeid=i","cat":284265},{"id":126848,"n":"Batonnets Smicy Vanille - x12 - 456g","p":3.59,"u":"7,87 €/KG","img":"https://fd13-photos.leclercdrive.fr/image.ashx?id=2068055&use=l&cat=p&typeid=i","cat":284265},{"id":126851,"n":"Batonnets Smicy Chocolat - x12 - 456g","p":4.05,"u":"8,88 €/KG","img":"https://fd13-photos.leclercdrive.fr/image.ashx?id=2068058&use=l&cat=p&typeid=i","cat":284265},{"id":126907,"n":"Pesto verde Garofalo 175g","p":2.79,"u":"15,94 €/KG","img":"https://fd13-photos.leclercdrive.fr/image.ashx?id=2884651&use=l&cat=p&typeid=i","cat":287599},{"id":126914,"n":"Lorina limonade artisanale 6x20cl","p":4.59,"u":"3,83 €/L","img":"https://fd13-photos.leclercdrive.fr/image.ashx?id=2735140&use=l&cat=p&typeid=i","cat":284531},{"id":126960,"n":"Cheeseburgers Côté Croc x6 - 780g","p":6.11,"u":"7,83 €/KG","img":"https://fd13-photos.leclercdrive.fr/image.ashx?id=2077373&use=l&cat=p&typeid=i","cat":319822},{"id":126974,"n":"Café moulu bio Bio Village Mexique - 250g","p":4.95,"u":"19,80 €/KG","img":"https://fd13-photos.leclercdrive.fr/image.ashx?id=2468882&use=l&cat=p&typeid=i","cat":284750},{"id":126987,"n":"Avocats Eco+ Filet x3","p":1.99,"u":"0,66 €/P","img":"https://fd13-photos.leclercdrive.fr/image.ashx?id=2373009&use=l&cat=p&typeid=i","cat":284352},{"id":126990,"n":"Carottes Eco+ Sachet de 2kg","p":1.99,"u":"1,00 €/KG","img":"https://fd13-photos.leclercdrive.fr/image.ashx?id=2922376&use=l&cat=p&typeid=i","cat":284352},{"id":126994,"n":"Céleri rave 1p","p":2.25,"img":"https://fd13-photos.leclercdrive.fr/image.ashx?id=1631904&use=l&cat=p&typeid=i","cat":284352},{"id":127070,"n":"Gâteau de riz Yabon Caramel - 420g","p":2.44,"u":"5,81 €/KG","img":"https://fd13-photos.leclercdrive.fr/image.ashx?id=2644821&use=l&cat=p&typeid=i","cat":284506},{"id":127071,"n":"Mon riz au lait Yabon A la vanille - 2x120g","p":2.01,"u":"8,38 €/KG","img":"https://fd13-photos.leclercdrive.fr/image.ashx?id=2644824&use=l&cat=p&typeid=i","cat":284506},{"id":127073,"n":"Bière Dremmwel IPA bio 6% - 6x25cl","p":6.4,"u":"4,27 €/L","img":"https://fd13-photos.leclercdrive.fr/image.ashx?id=2678098&use=l&cat=p&typeid=i","cat":334873},{"id":127074,"n":"Bière blonde Abbaye Sant Erwann Triple 9% - 6x25cl","p":5.95,"u":"3,97 €/L","img":"https://fd13-photos.leclercdrive.fr/image.ashx?id=2678086&use=l&cat=p&typeid=i","cat":334852},{"id":127076,"n":"Bières blonde Coreff Coffret des saisons - 6x33cl","p":9.71,"u":"4,90 €/L","img":"https://fd13-photos.leclercdrive.fr/image.ashx?id=1913745&use=l&cat=p&typeid=i","cat":334872},{"id":127215,"n":"Litière chats Tranquille Cristaux fins - 3.7L","p":5.65,"u":"1,53 €/L","img":"https://fd13-photos.leclercdrive.fr/image.ashx?id=1934850&use=l&cat=p&typeid=i","cat":284683},{"id":127230,"n":"Bière blonde Duchesse Anne Triple hops - 6x25cl","p":6.87,"u":"4,58 €/L","img":"https://fd13-photos.leclercdrive.fr/image.ashx?id=1913751&use=l&cat=p&typeid=i","cat":334872},{"id":127231,"n":"Bière triple bio Lancelot 6x25cl","p":6.23,"u":"4,15 €/L","img":"https://fd13-photos.leclercdrive.fr/image.ashx?id=2230600&use=l&cat=p&typeid=i","cat":334872},{"id":127232,"n":"Bière Morgane Nuit rousse bio - 6x25cl","p":6.52,"u":"4,35 €/L","img":"https://fd13-photos.leclercdrive.fr/image.ashx?id=1946441&use=l&cat=p&typeid=i","cat":334878},{"id":127233,"n":"Bière Morgane Nuit blanche bio - 6x25cl","p":6.45,"u":"4,30 €/L","img":"https://fd13-photos.leclercdrive.fr/image.ashx?id=2009645&use=l&cat=p&typeid=i","cat":334878},{"id":127237,"n":"Taboulé à la Libanaise Garbit 525g","p":1.87,"u":"3,56 €/KG","img":"https://fd13-photos.leclercdrive.fr/image.ashx?id=2677936&use=l&cat=p&typeid=i","cat":284429},{"id":127239,"n":"Farine de Blé T65 Coeur de Blé Label Rouge - 1kg","p":1.35,"u":"1,35 €/KG","img":"https://fd13-photos.leclercdrive.fr/image.ashx?id=2686933&use=l&cat=p&typeid=i","cat":284503},{"id":127263,"n":"Cidre La Mordue original 4x27,5cl - 6% vol.","p":3.98,"u":"14,47 €/L","img":"https://fd13-photos.leclercdrive.fr/image.ashx?id=2625136&use=l&cat=p&typeid=i","cat":334880},{"id":127264,"n":"Cidre Bio brut Ecusson Généreux - 5,5% - 75cl","p":3.09,"u":"4,12 €/L","img":"https://fd13-photos.leclercdrive.fr/image.ashx?id=2968661&use=l&cat=p&typeid=i","cat":334880},{"id":127323,"n":"Shampoing nourrissant Fructis Hair Food banane - 350ml","p":3.54,"u":"10,11 €/L","img":"https://fd13-photos.leclercdrive.fr/image.ashx?id=2830597&use=l&cat=p&typeid=i","cat":284606},{"id":127330,"n":"Bière blonde La Goudale 7,2%vol - Le fût de 5L","p":26.82,"u":"5,36 €/L","img":"https://fd13-photos.leclercdrive.fr/image.ashx?id=2504512&use=l&cat=p&typeid=i","cat":334879},{"id":127366,"n":"Pommes de terre Findus Croustine - 420g","p":1.74,"u":"4,14 €/KG","img":"https://fd13-photos.leclercdrive.fr/image.ashx?id=3008755&use=l&cat=p&typeid=i","cat":319792},{"id":127386,"n":"Gel douche Cottage lait cerise noire et pistache - 250ml","p":2.13,"u":"8,52 €/L","img":"https://fd13-photos.leclercdrive.fr/image.ashx?id=1914546&use=l&cat=p&typeid=i","cat":284594},{"id":127387,"n":"Huile à barbe anti-tiraillement Blondépil - 50ml","p":9.49,"u":"189,80 €/L","img":"https://fd13-photos.leclercdrive.fr/image.ashx?id=2518673&use=l&cat=p&typeid=i","cat":288147},{"id":127388,"n":"Soin barbe & visage Blondépil - 100ml","p":9.49,"u":"94,90 €/L","img":"https://fd13-photos.leclercdrive.fr/image.ashx?id=3008431&use=l&cat=p&typeid=i","cat":288147},{"id":127396,"n":"Soin de jour Diadermine Lift+ Lissage Immédiat - 50 ml","p":6.43,"u":"128,60 €/L","img":"https://fd13-photos.leclercdrive.fr/image.ashx?id=2551111&use=l&cat=p&typeid=i","cat":325345},{"id":127401,"n":"Préservatifs Orgasm'Intense Perlés et Nervurés Durex x10","p":9.05,"u":"0,91 €/P","img":"https://fd13-photos.leclercdrive.fr/image.ashx?id=2962023&use=l&cat=p&typeid=i","cat":284631},{"id":127430,"n":"Céréales fourrées P'tit Déli Chocolat au lait - 450g","p":2.58,"u":"5,73 €/KG","img":"https://fd13-photos.leclercdrive.fr/image.ashx?id=2824713&use=l&cat=p&typeid=i","cat":309513},{"id":127475,"n":"Lait bébé en poudre Blédilait croissance 1-3 ans 900g","p":10.82,"u":"12,02 €/KG","img":"https://fd13-photos.leclercdrive.fr/image.ashx?id=2848587&use=l&cat=p&typeid=i","cat":290219},{"id":127552,"n":"Tofu fumé Céréal Bio Bio - 200g","p":3.04,"u":"15,20 €/KG","img":"https://fd13-photos.leclercdrive.fr/image.ashx?id=2890097&use=l&cat=p&typeid=i","cat":316036},{"id":127556,"n":"Litière chats Tranquille Cristale charbon actif - 4L","p":5.99,"u":"1,50 €/L","img":"https://fd13-photos.leclercdrive.fr/image.ashx?id=2421874&use=l&cat=p&typeid=i","cat":284683},{"id":127590,"n":"Ruban adhésif Magic™ Scotch® Recharges - x3","p":4.1,"img":"https://fd13-photos.leclercdrive.fr/image.ashx?id=2559932&use=l&cat=p&typeid=i","cat":334133},{"id":127591,"n":"Ruban adhsésif Crystal Scotch® 25 mx19 mm - x3","p":3.95,"img":"https://fd13-photos.leclercdrive.fr/image.ashx?id=2559935&use=l&cat=p&typeid=i","cat":334133},{"id":127595,"n":"Notes Post-it® Multicolor 325 feuilles - 76x76mm","p":3.81,"img":"https://fd13-photos.leclercdrive.fr/image.ashx?id=2559634&use=l&cat=p&typeid=i","cat":334133},{"id":127641,"n":"Compas Maped Stop system Innovation - 3 pièces","p":3.75,"img":"https://fd13-photos.leclercdrive.fr/image.ashx?id=2013962&use=l&cat=p&typeid=i","cat":334133},{"id":127642,"n":"Compas Maped Technic Compact 4 pièces","p":5.29,"img":"https://fd13-photos.leclercdrive.fr/image.ashx?id=2013980&use=l&cat=p&typeid=i","cat":334133},{"id":127645,"n":"Surligneurs Maped Assortis - x4+2 jaunes","p":2.41,"img":"https://fd13-photos.leclercdrive.fr/image.ashx?id=2381847&use=l&cat=p&typeid=i","cat":284696},{"id":127646,"n":"Gomme Maped Technic Ultra x4","p":1.84,"img":"https://fd13-photos.leclercdrive.fr/image.ashx?id=2623121&use=l&cat=p&typeid=i","cat":334133},{"id":127647,"n":"Règle triple décimetre Maped Aluminium","p":2.97,"img":"https://fd13-photos.leclercdrive.fr/image.ashx?id=3003173&use=l&cat=p&typeid=i","cat":334133},{"id":127655,"n":"Perforatrice Maped 4 trous - 10/12 feuilles","p":11.58,"img":"https://fd13-photos.leclercdrive.fr/image.ashx?id=2013974&use=l&cat=p&typeid=i","cat":334133},{"id":127659,"n":"Feutres de coloriage Maped Color'peps - x12","p":1.72,"img":"https://fd13-photos.leclercdrive.fr/image.ashx?id=2384295&use=l&cat=p&typeid=i","cat":284696},{"id":127661,"n":"Loupe lecture Maped Diamètre 75mm","p":3.19,"img":"https://fd13-photos.leclercdrive.fr/image.ashx?id=2508948&use=l&cat=p&typeid=i","cat":334133},{"id":127676,"n":"Pinceaux blister Maped Coloris assortis - x4","p":2.96,"u":"0,74 €/P","img":"https://fd13-photos.leclercdrive.fr/image.ashx?id=2381880&use=l&cat=p&typeid=i","cat":334133},{"id":127683,"n":"Feutres Flair Papermate Noir - Ultra fine - x2","p":2.99,"u":"1,50 €/P","img":"https://fd13-photos.leclercdrive.fr/image.ashx?id=1917383&use=l&cat=p&typeid=i","cat":284696},{"id":127686,"n":"Stylos bille Inkjoy Papermate Noir, Bleu, Rouge, Vert - x4","p":1.54,"u":"0,39 €/P","img":"https://fd13-photos.leclercdrive.fr/image.ashx?id=1930746&use=l&cat=p&typeid=i","cat":284696},{"id":127694,"n":"Trieur A4 Exacompta 13 compartiments","p":7.36,"img":"https://fd13-photos.leclercdrive.fr/image.ashx?id=1917626&use=l&cat=p&typeid=i","cat":284745},{"id":127695,"n":"Bloc reliure intégrale Rhodia Spirale - 160pages","p":2.62,"img":"https://fd13-photos.leclercdrive.fr/image.ashx?id=3008029&use=l&cat=p&typeid=i","cat":284697},{"id":127723,"n":"Ruban correcteur Uhu Mini x3","p":2.8,"u":"0,93 €/P","img":"https://fd13-photos.leclercdrive.fr/image.ashx?id=2903692&use=l&cat=p&typeid=i","cat":334133},{"id":127726,"n":"Patafix Uhu Jaune - 80 pastilles","p":2.65,"img":"https://fd13-photos.leclercdrive.fr/image.ashx?id=1918235&use=l&cat=p&typeid=i","cat":334133},{"id":127727,"n":"Ruban correcteur Uhu Rose/Bleu - x2","p":3.84,"img":"https://fd13-photos.leclercdrive.fr/image.ashx?id=1918220&use=l&cat=p&typeid=i","cat":334133},{"id":127985,"n":"Protège-documents Esquisse Bleu - 160 vues","p":3.59,"img":"https://fd13-photos.leclercdrive.fr/image.ashx?id=1936212&use=l&cat=p&typeid=i","cat":284745},{"id":127986,"n":"Protège-documents Esquisse Vert - 160 vues","p":3.59,"img":"https://fd13-photos.leclercdrive.fr/image.ashx?id=1937866&use=l&cat=p&typeid=i","cat":284745},{"id":127987,"n":"Protège-documents Esquisse Fuchsia - 160 vues","p":3.59,"img":"https://fd13-photos.leclercdrive.fr/image.ashx?id=1937869&use=l&cat=p&typeid=i","cat":284745},{"id":127988,"n":"Protège-documents Esquisse Noir - 160 vues","p":3.59,"img":"https://fd13-photos.leclercdrive.fr/image.ashx?id=1931832&use=l&cat=p&typeid=i","cat":284745},{"id":127989,"n":"Protège-documents Esquisse Transparent - 160 vues","p":3.59,"img":"https://fd13-photos.leclercdrive.fr/image.ashx?id=1931835&use=l&cat=p&typeid=i","cat":284745},{"id":128006,"n":"Paire de ciseaux Esquisse Bleu - Souple - 13cm","p":0.85,"img":"https://fd13-photos.leclercdrive.fr/image.ashx?id=2566754&use=l&cat=p&typeid=i","cat":334133},{"id":128007,"n":"Paire de ciseaux Esquisse Rose - Souple - 13cm","p":0.85,"img":"https://fd13-photos.leclercdrive.fr/image.ashx?id=2566757&use=l&cat=p&typeid=i","cat":334133},{"id":128008,"n":"Paire de ciseaux Esquisse Gris - 13cm","p":0.85,"img":"https://fd13-photos.leclercdrive.fr/image.ashx?id=2566760&use=l&cat=p&typeid=i","cat":334133},{"id":128009,"n":"Paire de ciseaux Esquisse Orange - 13cm","p":0.85,"img":"https://fd13-photos.leclercdrive.fr/image.ashx?id=2566763&use=l&cat=p&typeid=i","cat":334133},{"id":128229,"n":"Ardoise blanche Maped Rouge","p":1.93,"img":"https://fd13-photos.leclercdrive.fr/image.ashx?id=1925885&use=l&cat=p&typeid=i","cat":334133},{"id":128230,"n":"Ardoise blanche Maped Bleu","p":1.93,"img":"https://fd13-photos.leclercdrive.fr/image.ashx?id=1922485&use=l&cat=p&typeid=i","cat":334133},{"id":128231,"n":"Ardoise blanche Maped Violet","p":1.93,"img":"https://fd13-photos.leclercdrive.fr/image.ashx?id=1925888&use=l&cat=p&typeid=i","cat":334133},{"id":128241,"n":"Chiffonnette pour ardoise Rose","p":0.69,"img":"https://fd13-photos.leclercdrive.fr/image.ashx?id=1925585&use=l&cat=p&typeid=i","cat":334133},{"id":128242,"n":"Chiffonnette pour ardoise Bleu","p":0.69,"img":"https://fd13-photos.leclercdrive.fr/image.ashx?id=1925588&use=l&cat=p&typeid=i","cat":334133},{"id":128262,"n":"Cahier classeur polypro Viquel Opaque noir","p":2.1,"img":"https://fd13-photos.leclercdrive.fr/image.ashx?id=1922533&use=l&cat=p&typeid=i","cat":284745},{"id":128263,"n":"Cahier classeur polypro Viquel Opaque bleu","p":2.1,"img":"https://fd13-photos.leclercdrive.fr/image.ashx?id=1922536&use=l&cat=p&typeid=i","cat":284745},{"id":128264,"n":"Cahier classeur polypro Viquel Opaque rouge","p":2.1,"img":"https://fd13-photos.leclercdrive.fr/image.ashx?id=1922539&use=l&cat=p&typeid=i","cat":284745},{"id":128265,"n":"Cahier classeur polypro Viquel Translucide vert","p":2.1,"img":"https://fd13-photos.leclercdrive.fr/image.ashx?id=1922542&use=l&cat=p&typeid=i","cat":284745},{"id":128266,"n":"Cahier classeur polypro Viquel Translucide mauve","p":2.1,"img":"https://fd13-photos.leclercdrive.fr/image.ashx?id=1922545&use=l&cat=p&typeid=i","cat":284745},{"id":128294,"n":"Surligneurs Brite Liner Bic x5","p":2.59,"img":"https://fd13-photos.leclercdrive.fr/image.ashx?id=1917554&use=l&cat=p&typeid=i","cat":284696},{"id":128295,"n":"Ardoise Velleda 55X44 cm","p":14.27,"img":"https://fd13-photos.leclercdrive.fr/image.ashx?id=2178695&use=l&cat=p&typeid=i","cat":334133},{"id":128297,"n":"Surligneurs Grip Pastel Bic x4","p":2.3,"img":"https://fd13-photos.leclercdrive.fr/image.ashx?id=2780190&use=l&cat=p&typeid=i","cat":284696},{"id":128298,"n":"Stylos bille Cristal Bic Vert - x4","p":1.05,"img":"https://fd13-photos.leclercdrive.fr/image.ashx?id=1917338&use=l&cat=p&typeid=i","cat":284696},{"id":128299,"n":"Stylo bille 4 couleurs Bic Rose pâle - Fashion","p":1.5,"img":"https://fd13-photos.leclercdrive.fr/image.ashx?id=1917545&use=l&cat=p&typeid=i","cat":284696},{"id":128303,"n":"Ardoise Velleda 44X30 cm","p":6.79,"img":"https://fd13-photos.leclercdrive.fr/image.ashx?id=2318462&use=l&cat=p&typeid=i","cat":334133},{"id":128304,"n":"Stylos plume Bic X Pen  Décor Burger","p":3.92,"img":"https://fd13-photos.leclercdrive.fr/image.ashx?id=1917542&use=l&cat=p&typeid=i","cat":284696},{"id":128307,"n":"Marqueur permanent  Bic Noir - x1","p":1.37,"img":"https://fd13-photos.leclercdrive.fr/image.ashx?id=1917347&use=l&cat=p&typeid=i","cat":284696},{"id":128308,"n":"Crayon à papier Bic 550 2H FS - X3","p":1.11,"img":"https://fd13-photos.leclercdrive.fr/image.ashx?id=1917557&use=l&cat=p&typeid=i","cat":284696},{"id":128309,"n":"Ruban correcteur Tipp-Ex Soft Grip","p":2.55,"img":"https://fd13-photos.leclercdrive.fr/image.ashx?id=2315904&use=l&cat=p&typeid=i","cat":334133},{"id":128313,"n":"Marqueurs permanents Bic 2000 Noir - x1","p":1.01,"img":"https://fd13-photos.leclercdrive.fr/image.ashx?id=2173163&use=l&cat=p&typeid=i","cat":284696},{"id":128314,"n":"Stylo bille Bic 4 couleurs Pro","p":1.68,"img":"https://fd13-photos.leclercdrive.fr/image.ashx?id=2972913&use=l&cat=p&typeid=i","cat":284696},{"id":128316,"n":"Stylos bille Bic x4","p":2.39,"img":"https://fd13-photos.leclercdrive.fr/image.ashx?id=2718817&use=l&cat=p&typeid=i","cat":284696},{"id":128317,"n":"Stylos bille  M10 Clic Bic Noir - x2","p":1.02,"img":"https://fd13-photos.leclercdrive.fr/image.ashx?id=2972844&use=l&cat=p&typeid=i","cat":284696},{"id":128318,"n":"Feutres pour ardois Velleda fin Noir - x2","p":1.1,"img":"https://fd13-photos.leclercdrive.fr/image.ashx?id=2174378&use=l&cat=p&typeid=i","cat":334133},{"id":128320,"n":"Feutres pour ardoise Velleda  Bleu - medium - x1","p":1.05,"img":"https://fd13-photos.leclercdrive.fr/image.ashx?id=2318471&use=l&cat=p&typeid=i","cat":334133},{"id":128321,"n":"Stylo bille Bic 4 coueurs Sun","p":1.74,"img":"https://fd13-photos.leclercdrive.fr/image.ashx?id=1917569&use=l&cat=p&typeid=i","cat":284696},{"id":128324,"n":"Marqueurs textiles Bic x2","p":2.55,"img":"https://fd13-photos.leclercdrive.fr/image.ashx?id=2350756&use=l&cat=p&typeid=i","cat":284696},{"id":128409,"n":"Compas open mine Maped Bleu","p":1.84,"img":"https://fd13-photos.leclercdrive.fr/image.ashx?id=1925591&use=l&cat=p&typeid=i","cat":334133},{"id":128410,"n":"Compas open mine Maped Vert","p":1.84,"img":"https://fd13-photos.leclercdrive.fr/image.ashx?id=1925594&use=l&cat=p&typeid=i","cat":334133},{"id":128411,"n":"Compas open mine Maped Orange","p":1.84,"img":"https://fd13-photos.leclercdrive.fr/image.ashx?id=1925597&use=l&cat=p&typeid=i","cat":334133},{"id":128421,"n":"Gomme zenoa plus Maped Rose pastel","p":1.33,"img":"https://fd13-photos.leclercdrive.fr/image.ashx?id=1925627&use=l&cat=p&typeid=i","cat":334133},{"id":128423,"n":"Taille-crayons Maped Violet - color'peps","p":1.87,"img":"https://fd13-photos.leclercdrive.fr/image.ashx?id=1925633&use=l&cat=p&typeid=i","cat":334133},{"id":128424,"n":"Taille-crayons Maped Rouge - color'peps","p":1.87,"img":"https://fd13-photos.leclercdrive.fr/image.ashx?id=1925636&use=l&cat=p&typeid=i","cat":334133},{"id":128425,"n":"Taille-crayons Maped Bleu - color'peps","p":1.87,"img":"https://fd13-photos.leclercdrive.fr/image.ashx?id=1925639&use=l&cat=p&typeid=i","cat":334133},{"id":128426,"n":"Taille-crayons clean Maped Bleu","p":1.53,"img":"https://fd13-photos.leclercdrive.fr/image.ashx?id=1925891&use=l&cat=p&typeid=i","cat":334133},{"id":128427,"n":"Taille-crayons clean Maped Vert","p":1.53,"img":"https://fd13-photos.leclercdrive.fr/image.ashx?id=1925642&use=l&cat=p&typeid=i","cat":334133},{"id":128428,"n":"Taille-crayons clean Maped Rose","p":1.53,"img":"https://fd13-photos.leclercdrive.fr/image.ashx?id=1925894&use=l&cat=p&typeid=i","cat":334133},{"id":128429,"n":"Paire de ciseaux zenoafit Maped Bleu","p":4.99,"img":"https://fd13-photos.leclercdrive.fr/image.ashx?id=1925645&use=l&cat=p&typeid=i","cat":334133},{"id":128430,"n":"Paire de ciseaux zenoafit Maped Gris","p":4.99,"img":"https://fd13-photos.leclercdrive.fr/image.ashx?id=1925648&use=l&cat=p&typeid=i","cat":334133},{"id":128434,"n":"Compas mine kid'z Maped Rose","p":1.85,"img":"https://fd13-photos.leclercdrive.fr/image.ashx?id=1925660&use=l&cat=p&typeid=i","cat":334133},{"id":128435,"n":"Compas mine kid'z Maped Bleu","p":1.85,"img":"https://fd13-photos.leclercdrive.fr/image.ashx?id=1925663&use=l&cat=p&typeid=i","cat":334133},{"id":128436,"n":"Compas mine kid'z Maped Vert","p":1.85,"img":"https://fd13-photos.leclercdrive.fr/image.ashx?id=1925666&use=l&cat=p&typeid=i","cat":334133},{"id":128437,"n":"Equerre flex Maped Bleu","p":1.49,"img":"https://fd13-photos.leclercdrive.fr/image.ashx?id=1925669&use=l&cat=p&typeid=i","cat":334133},{"id":128438,"n":"Equerre flex Maped Vert","p":1.49,"img":"https://fd13-photos.leclercdrive.fr/image.ashx?id=1925672&use=l&cat=p&typeid=i","cat":334133},{"id":128442,"n":"Paire de ciseaux zenoafit Maped Bleu","p":4.4,"img":"https://fd13-photos.leclercdrive.fr/image.ashx?id=1925684&use=l&cat=p&typeid=i","cat":334133},{"id":128443,"n":"Paire de ciseaux zenoafit Maped Gris","p":4.4,"img":"https://fd13-photos.leclercdrive.fr/image.ashx?id=1925687&use=l&cat=p&typeid=i","cat":334133},{"id":128465,"n":"Porte mine 0,5mm Maped Vert","p":1.86,"img":"https://fd13-photos.leclercdrive.fr/image.ashx?id=1925753&use=l&cat=p&typeid=i","cat":284696},{"id":128466,"n":"Porte mine 0,5mm Maped Rose","p":1.86,"img":"https://fd13-photos.leclercdrive.fr/image.ashx?id=1925756&use=l&cat=p&typeid=i","cat":284696},{"id":128467,"n":"Porte mine 0,5mm Maped Bleu","p":1.86,"img":"https://fd13-photos.leclercdrive.fr/image.ashx?id=1925759&use=l&cat=p&typeid=i","cat":284696},{"id":128469,"n":"Porte mine 0,7 mm Maped Rose","p":1.92,"img":"https://fd13-photos.leclercdrive.fr/image.ashx?id=1925765&use=l&cat=p&typeid=i","cat":284696},{"id":128470,"n":"Porte mine 0,7 mm Maped Bleu","p":1.92,"img":"https://fd13-photos.leclercdrive.fr/image.ashx?id=1925768&use=l&cat=p&typeid=i","cat":284696},{"id":128471,"n":"Règle plate flex Maped Bleu","p":1.26,"img":"https://fd13-photos.leclercdrive.fr/image.ashx?id=1925771&use=l&cat=p&typeid=i","cat":334133},{"id":128748,"n":"Cahier Clairefontaine 180pages Rose-grands carreaux-17x22cm","p":2.79,"img":"https://fd13-photos.leclercdrive.fr/image.ashx?id=1923106&use=l&cat=p&typeid=i","cat":284697},{"id":128794,"n":"Bloc non perforé Rhodia classic Orange-14,8x21cm-160p","p":1.7,"img":"https://fd13-photos.leclercdrive.fr/image.ashx?id=1923244&use=l&cat=p&typeid=i","cat":284697},{"id":128795,"n":"Bloc non perforé Rhodia classic Noir -14,8x21cm -160pages- 5x5","p":1.7,"img":"https://fd13-photos.leclercdrive.fr/image.ashx?id=1923247&use=l&cat=p&typeid=i","cat":284697},{"id":128821,"n":"Galette Trégalette Jambon fromage  - 220g","p":2.94,"u":"13,36 €/KG","img":"https://fd13-photos.leclercdrive.fr/image.ashx?id=2827953&use=l&cat=p&typeid=i","cat":333672},{"id":128826,"n":"Boisson a base de vin Don Simon Sangria blanche 1,5L","p":2.57,"u":"1,71 €/L","img":"https://fd13-photos.leclercdrive.fr/image.ashx?id=1918577&use=l&cat=p&typeid=i","cat":304569},{"id":128887,"n":"Soda Coca-Cola Verre - 6x250ml","p":5.79,"u":"3,86 €/L","img":"https://fd13-photos.leclercdrive.fr/image.ashx?id=2444465&use=l&cat=p&typeid=i","cat":284530},{"id":128976,"n":"Sucre poudre Daddy 750g","p":1.68,"u":"2,24 €/KG","img":"https://fd13-photos.leclercdrive.fr/image.ashx?id=2944699&use=l&cat=p&typeid=i","cat":284502},{"id":129003,"n":"Lait infantile 1er âge Babybio  Optima 1 Bio - 800g","p":18.83,"u":"23,54 €/KG","img":"https://fd13-photos.leclercdrive.fr/image.ashx?id=2988433&use=l&cat=p&typeid=i","cat":284726},{"id":129049,"n":"Haricots coco bio Jardin Bio Cuisinés - 680g","p":2.82,"u":"4,15 €/KG","img":"https://fd13-photos.leclercdrive.fr/image.ashx?id=2811200&use=l&cat=p&typeid=i","cat":312606},{"id":129059,"n":"Epinards Jardin Bio Bio - 630g","p":3.49,"u":"5,54 €/KG","img":"https://fd13-photos.leclercdrive.fr/image.ashx?id=2918928&use=l&cat=p&typeid=i","cat":312612},{"id":129092,"n":"Sauce Tomate Panzani Bio - 400g","p":2.14,"u":"5,35 €/KG","img":"https://fd13-photos.leclercdrive.fr/image.ashx?id=2918559&use=l&cat=p&typeid=i","cat":287599},{"id":129106,"n":"Liqueur de Whisky Jack Daniel's Apple 70cL","p":19.95,"pp":17.95,"u":"25,64 €/L","img":"https://fd13-photos.leclercdrive.fr/image.ashx?id=2764586&use=l&cat=p&typeid=i","cat":286032},{"id":129123,"n":"Gel Lubrifiant Perfect Gliss Durex Longue Durée 100ml","p":7.9,"u":"79,00 €/L","img":"https://fd13-photos.leclercdrive.fr/image.ashx?id=2960693&use=l&cat=p&typeid=i","cat":285160},{"id":129136,"n":"Crème dessert Ker Ronan Chocolat - 4x105g","p":2.29,"u":"5,45 €/KG","img":"https://fd13-photos.leclercdrive.fr/image.ashx?id=1989543&use=l&cat=p&typeid=i","cat":285041},{"id":129162,"n":"Boisson énergisante Monster Mango Loco - 50cl","p":1.54,"u":"3,08 €/L","img":"https://fd13-photos.leclercdrive.fr/image.ashx?id=2433443&use=l&cat=p&typeid=i","cat":284533},{"id":129179,"n":"Thé myrtille framboise Twinings x20 - 30g","p":2.4,"u":"80,00 €/KG","img":"https://fd13-photos.leclercdrive.fr/image.ashx?id=2893048&use=l&cat=p&typeid=i","cat":293233},{"id":129180,"n":"Thé saveur Twinings Vanille miel - x20 - 30g","p":2.76,"u":"92,00 €/KG","img":"https://fd13-photos.leclercdrive.fr/image.ashx?id=2922119&use=l&cat=p&typeid=i","cat":293233},{"id":129188,"n":"Tomates cerises mélangées Sans résidus - 1kg","p":5.59,"u":"5,59 €/KG","img":"https://fd13-photos.leclercdrive.fr/image.ashx?id=2957080&use=l&cat=p&typeid=i","cat":284352},{"id":129201,"n":"Piémontaise Bonduelle Jambon tomate - 500g","p":3.28,"u":"6,56 €/KG","img":"https://fd13-photos.leclercdrive.fr/image.ashx?id=2904703&use=l&cat=p&typeid=i","cat":333657},{"id":129235,"n":"Soda Coca-Cola sans sucres Bouteille - 6x1.75L","p":10.68,"u":"1,02 €/L","img":"https://fd13-photos.leclercdrive.fr/image.ashx?id=2878330&use=l&cat=p&typeid=i","cat":284530},{"id":129275,"n":"Jus de Pommes poires Sous le Pommier - 1L","p":2.5,"u":"2,50 €/L","img":"https://fd13-photos.leclercdrive.fr/image.ashx?id=2881855&use=l&cat=p&typeid=i","cat":284522},{"id":129277,"n":"AOP Lubéron vin rosé  Soùbil - 75cl","p":5.7,"u":"7,60 €/L","img":"https://fd13-photos.leclercdrive.fr/image.ashx?id=2661190&use=l&cat=p&typeid=i","cat":289558},{"id":129393,"n":"Tablette Chocolat Noir Atelier Myrtille Amandes Noisettes 170g","p":3.92,"u":"23,06 €/KG","img":"https://fd13-photos.leclercdrive.fr/image.ashx?id=2663057&use=l&cat=p&typeid=i","cat":284956},{"id":129394,"n":"Tablette Chocolat Noir Nestlé L'Atelier Cranberries 170g","p":3.86,"u":"22,71 €/KG","img":"https://fd13-photos.leclercdrive.fr/image.ashx?id=2663054&use=l&cat=p&typeid=i","cat":284956},{"id":129396,"n":"Tablette Chocolat Lait Nestlé  L'atelier Raisins Amandes 170g","p":3.42,"u":"20,12 €/KG","img":"https://fd13-photos.leclercdrive.fr/image.ashx?id=2663048&use=l&cat=p&typeid=i","cat":284497},{"id":129397,"n":"Tablette Chocolat Noir Nestlé L'Atelier Raisins Amandes 170g","p":3.36,"u":"19,76 €/KG","img":"https://fd13-photos.leclercdrive.fr/image.ashx?id=2662147&use=l&cat=p&typeid=i","cat":284956},{"id":129398,"n":"Tablette Chocolat Lait Nestlé  L'Atelier Noisettes 170g","p":3.68,"u":"21,65 €/KG","img":"https://fd13-photos.leclercdrive.fr/image.ashx?id=2663060&use=l&cat=p&typeid=i","cat":284497},{"id":129399,"n":"Tablette Chocolat Noir Nestlé L'Atelier Noisettes 170g","p":3.84,"u":"22,59 €/KG","img":"https://fd13-photos.leclercdrive.fr/image.ashx?id=2663063&use=l&cat=p&typeid=i","cat":284956},{"id":129410,"n":"Tablette Chocolat Noir Nestlé L'Atelier Amandes entières 170g","p":3.63,"u":"21,35 €/KG","img":"https://fd13-photos.leclercdrive.fr/image.ashx?id=2663066&use=l&cat=p&typeid=i","cat":284956},{"id":129472,"n":"Crème dessert Danette Vanille - 8x125g","p":3.28,"u":"3,28 €/KG","img":"https://fd13-photos.leclercdrive.fr/image.ashx?id=2949838&use=l&cat=p&typeid=i","cat":285041},{"id":129505,"n":"Maquereaux Les Mouettes d'Arvor Escabèche - 2x169g","p":5.99,"u":"17,72 €/KG","img":"https://fd13-photos.leclercdrive.fr/image.ashx?id=1937388&use=l&cat=p&typeid=i","cat":303868},{"id":129507,"n":"Florentins Chatillon Orange chocolat au lait - 100g","p":3.24,"u":"32,40 €/KG","img":"https://fd13-photos.leclercdrive.fr/image.ashx?id=2271315&use=l&cat=p&typeid=i","cat":284489},{"id":129511,"n":"Confiture de mûres Reine de Cornouaille - 340g","p":3.3,"u":"9,71 €/KG","img":"https://fd13-photos.leclercdrive.fr/image.ashx?id=1945216&use=l&cat=p&typeid=i","cat":284480},{"id":129512,"n":"Confiture oranges amères Reine de Cornouaille - 340g","p":3.3,"u":"9,71 €/KG","img":"https://fd13-photos.leclercdrive.fr/image.ashx?id=1945222&use=l&cat=p&typeid=i","cat":284480},{"id":129513,"n":"Confiture de rhubarbe Reine de cornouaille - 340g","p":3.3,"u":"9,71 €/KG","img":"https://fd13-photos.leclercdrive.fr/image.ashx?id=1930731&use=l&cat=p&typeid=i","cat":284480},{"id":129560,"n":"Filets cabillaud MSC 800g","p":12.35,"u":"15,44 €/KG","img":"https://fd13-photos.leclercdrive.fr/image.ashx?id=1983986&use=l&cat=p&typeid=i","cat":319786},{"id":129602,"n":"Lait demi-écrémé Grandlait Candia Bouteille - 6x25cl","p":4.15,"u":"2,77 €/L","img":"https://fd13-photos.leclercdrive.fr/image.ashx?id=2916189&use=l&cat=p&typeid=i","cat":284377},{"id":129619,"n":"Bière Cervoise des ancêtres 33cl","p":2.04,"u":"6,18 €/L","img":"https://fd13-photos.leclercdrive.fr/image.ashx?id=2021241&use=l&cat=p&typeid=i","cat":334872},{"id":129629,"n":"Sacs congélation zip renforcé Grand modèle - x20","p":3.45,"u":"0,17 €/P","img":"https://fd13-photos.leclercdrive.fr/image.ashx?id=2986341&use=l&cat=p&typeid=i","cat":334134},{"id":129635,"n":"Lait brebis demi-écrémé Lactel UHT Bouteille - 6x1l","p":24.25,"u":"4,04 €/L","img":"https://fd13-photos.leclercdrive.fr/image.ashx?id=2876629&use=l&cat=p&typeid=i","cat":295251},{"id":129681,"n":"Confiture Les 4 Saisons Pêche de Vigne - 400g","p":3.44,"u":"8,60 €/KG","img":"https://fd13-photos.leclercdrive.fr/image.ashx?id=2956430&use=l&cat=p&typeid=i","cat":284480},{"id":129682,"n":"Confiture Les 4 Saisons Mûre framboise cranberry - 400g","p":4.11,"u":"10,28 €/KG","img":"https://fd13-photos.leclercdrive.fr/image.ashx?id=2895289&use=l&cat=p&typeid=i","cat":284480},{"id":129743,"n":"Cidre bio La Ferme de Kerloïck Brut - 75cl","p":3.23,"u":"4,31 €/L","img":"https://fd13-photos.leclercdrive.fr/image.ashx?id=2064145&use=l&cat=p&typeid=i","cat":334880},{"id":129748,"n":"Cidre bio Kerisac Doux - 4x25cl","p":4.28,"u":"4,28 €/L","img":"https://fd13-photos.leclercdrive.fr/image.ashx?id=2524528&use=l&cat=p&typeid=i","cat":334880},{"id":129750,"n":"Cidre bio Kerisac Brut - 4x25cl","p":4.28,"u":"4,28 €/L","img":"https://fd13-photos.leclercdrive.fr/image.ashx?id=2647342&use=l&cat=p&typeid=i","cat":334880},{"id":129751,"n":"IGP Cidre bio Kerisac Doux - 75cl","p":3.07,"u":"4,09 €/L","img":"https://fd13-photos.leclercdrive.fr/image.ashx?id=1925012&use=l&cat=p&typeid=i","cat":334880},{"id":129753,"n":"IGP Cidre bio Kerisac Brut - 75cl","p":3.29,"u":"4,39 €/L","img":"https://fd13-photos.leclercdrive.fr/image.ashx?id=1925009&use=l&cat=p&typeid=i","cat":334880},{"id":129802,"n":"Café dosettes Tassimo Columbus Lungo x14","p":4.43,"u":"49,22 €/KG","img":"https://fd13-photos.leclercdrive.fr/image.ashx?id=2154833&use=l&cat=p&typeid=i","cat":293240},{"id":129807,"n":"Biscuits Biarritz Delacre Noix de coco et Chocolat - 175g","p":2.9,"u":"16,57 €/KG","img":"https://fd13-photos.leclercdrive.fr/image.ashx?id=2867963&use=l&cat=p&typeid=i","cat":284490},{"id":129809,"n":"Bonbons Carambar Sucettes Caramel - 156g","p":1.94,"u":"12,44 €/KG","img":"https://fd13-photos.leclercdrive.fr/image.ashx?id=2580804&use=l&cat=p&typeid=i","cat":304252},{"id":129810,"n":"Bière blonde Affligem Sans alcool - 12x25cl","p":8.58,"u":"2,86 €/L","img":"https://fd13-photos.leclercdrive.fr/image.ashx?id=2672026&use=l&cat=p&typeid=i","cat":334877},{"id":129864,"n":"Crème glacée Ben and Jerry's  Half Baked - 406g","p":4.3,"u":"10,59 €/KG","img":"https://fd13-photos.leclercdrive.fr/image.ashx?id=3011941&use=l&cat=p&typeid=i","cat":284725},{"id":129956,"n":"IGP Pays d'Oc rosé Grenache Gris de Gris 12% vol - 75cl","p":3.85,"u":"5,13 €/L","img":"https://fd13-photos.leclercdrive.fr/image.ashx?id=2986233&use=l&cat=p&typeid=i","cat":289558},{"id":129958,"n":"IGP Méditerrannée rosé Saint Sagnol 13% vol - 3L","p":12.33,"u":"4,11 €/L","img":"https://fd13-photos.leclercdrive.fr/image.ashx?id=2445106&use=l&cat=p&typeid=i","cat":289558},{"id":129979,"n":"Emmental râpé Éleveurs Bretagne 29%MG - 3x70g","p":2.09,"u":"9,95 €/KG","img":"https://fd13-photos.leclercdrive.fr/image.ashx?id=1945156&use=l&cat=p&typeid=i","cat":314035},{"id":129983,"n":"Crème fraîche Le Gall Fleurette - 50cl","p":3.46,"u":"6,92 €/L","img":"https://fd13-photos.leclercdrive.fr/image.ashx?id=2381012&use=l&cat=p&typeid=i","cat":284381},{"id":129991,"n":"Yaourt au lait entier Malo Citron - 4x125g","p":1.85,"u":"3,70 €/KG","img":"https://fd13-photos.leclercdrive.fr/image.ashx?id=2908618&use=l&cat=p&typeid=i","cat":286006},{"id":130009,"n":"Vin de france Rosé Pinot noir Bouchard Ainé & Fils - 75cl","p":5.95,"u":"7,93 €/L","img":"https://fd13-photos.leclercdrive.fr/image.ashx?id=1927698&use=l&cat=p&typeid=i","cat":289558},{"id":130029,"n":"Jus pur premium Tropicana Ananas citron vert - 90cl","p":3.26,"u":"3,62 €/L","img":"https://fd13-photos.leclercdrive.fr/image.ashx?id=2533532&use=l&cat=p&typeid=i","cat":285435},{"id":130090,"n":"Palets de Pont-Aven Etui - x6 - 100g","p":2.32,"u":"23,20 €/KG","img":"https://fd13-photos.leclercdrive.fr/image.ashx?id=2996557&use=l&cat=p&typeid=i","cat":284487},{"id":130243,"n":"Tablette Chocolat Lait Nestlé  L'Atelier Ganache Caramel 143g","p":2.94,"u":"20,56 €/KG","img":"https://fd13-photos.leclercdrive.fr/image.ashx?id=2467501&use=l&cat=p&typeid=i","cat":284497},{"id":130297,"n":"Gâche tranchée Bio La boulangère - 400g","p":2.88,"u":"7,20 €/KG","img":"https://fd13-photos.leclercdrive.fr/image.ashx?id=2912428&use=l&cat=p&typeid=i","cat":284478},{"id":130319,"n":"Mini pots Häagen-Dazs  Fruit Collection x4 - 326g","p":5.86,"u":"17,98 €/KG","img":"https://fd13-photos.leclercdrive.fr/image.ashx?id=3000159&use=l&cat=p&typeid=i","cat":284725},{"id":130334,"n":"Lessive liquide bébé Epsil 25 lavages - 1.25L","p":3.68,"u":"2,94 €/L","img":"https://fd13-photos.leclercdrive.fr/image.ashx?id=2838939&use=l&cat=p&typeid=i","cat":284640},{"id":130340,"n":"Eau gazeuse San pellegrino Grenade cassis - 6x33cl","p":3.81,"u":"1,92 €/L","img":"https://fd13-photos.leclercdrive.fr/image.ashx?id=2997289&use=l&cat=p&typeid=i","cat":284536},{"id":130354,"n":"Bac Sorbet Fraise Bio Village Bio - 585g","p":4.44,"u":"7,59 €/KG","img":"https://fd13-photos.leclercdrive.fr/image.ashx?id=2161103&use=l&cat=p&typeid=i","cat":284263},{"id":130357,"n":"Lait Sans Lactose Candia  Bouteille 1%MG - 6x1L","p":9.38,"u":"1,56 €/L","img":"https://fd13-photos.leclercdrive.fr/image.ashx?id=2481357&use=l&cat=p&typeid=i","cat":317169},{"id":130366,"n":"Protège document A4 Esquisse Transparent - 200 vues","p":3.99,"img":"https://fd13-photos.leclercdrive.fr/image.ashx?id=1932798&use=l&cat=p&typeid=i","cat":284745},{"id":130373,"n":"Protège document A4 Esquisse Fuchsia - 200 vues","p":3.99,"img":"https://fd13-photos.leclercdrive.fr/image.ashx?id=1932804&use=l&cat=p&typeid=i","cat":284745},{"id":130374,"n":"Protège document A4 Esquisse Noir - 200 vues","p":3.99,"img":"https://fd13-photos.leclercdrive.fr/image.ashx?id=1932807&use=l&cat=p&typeid=i","cat":284745},{"id":130404,"n":"Protège-cahier Esquisse Vert - 17x22cm","p":0.4,"img":"https://fd13-photos.leclercdrive.fr/image.ashx?id=1932894&use=l&cat=p&typeid=i","cat":284745},{"id":130406,"n":"Protège-cahier Esquisse Transparent - 17x22cm","p":0.4,"img":"https://fd13-photos.leclercdrive.fr/image.ashx?id=1932900&use=l&cat=p&typeid=i","cat":284697},{"id":130416,"n":"IGP Cidre Réserve brut Kerisac Pur Jus. - 75cl","p":3.01,"u":"4,01 €/L","img":"https://fd13-photos.leclercdrive.fr/image.ashx?id=2600689&use=l&cat=p&typeid=i","cat":334880},{"id":130461,"n":"Bière blonde sans alcool 1664 0,0° - 6x25cl","p":4.38,"u":"2,92 €/L","img":"https://fd13-photos.leclercdrive.fr/image.ashx?id=2120656&use=l&cat=p&typeid=i","cat":334877},{"id":130492,"n":"Agrafeuse pocket Esquisse Bleu - x1","p":1.39,"img":"https://fd13-photos.leclercdrive.fr/image.ashx?id=950384&use=l&cat=p&typeid=i","cat":334133},{"id":130507,"n":"Sauce apéritif Old El Paso Salsa épicée - 312g","p":3.09,"u":"9,90 €/KG","img":"https://fd13-photos.leclercdrive.fr/image.ashx?id=2737606&use=l&cat=p&typeid=i","cat":288993},{"id":130528,"n":"Croquettes Boeuf Ultima Chat stérilisé Adulte - 7.5kg","p":27.22,"u":"3,63 €/KG","img":"https://fd13-photos.leclercdrive.fr/image.ashx?id=2921906&use=l&cat=p&typeid=i","cat":284680},{"id":130555,"n":"Salade plateau champêtre Daunat Poulet - 320g","p":4.53,"img":"https://fd13-photos.leclercdrive.fr/image.ashx?id=2903260&use=l&cat=p&typeid=i","cat":333657},{"id":130587,"n":"Shampooing bio I Love Bio Pour tous les cheveux - 250ml","p":6.85,"u":"27,40 €/L","img":"https://fd13-photos.leclercdrive.fr/image.ashx?id=2754027&use=l&cat=p&typeid=i","cat":284606},{"id":130613,"n":"Agrafeuse Maped Argent 24/6 400 agraphes","p":6.55,"img":"https://fd13-photos.leclercdrive.fr/image.ashx?id=1938234&use=l&cat=p&typeid=i","cat":334133},{"id":130614,"n":"Perforatrice 2 trous Esquisse Turquoise - x1","p":2.8,"img":"https://fd13-photos.leclercdrive.fr/image.ashx?id=1936284&use=l&cat=p&typeid=i","cat":334133},{"id":130615,"n":"Perforatrice 2 trous Esquisse Rouge - x1","p":2.8,"img":"https://fd13-photos.leclercdrive.fr/image.ashx?id=1936287&use=l&cat=p&typeid=i","cat":334133},{"id":130616,"n":"Perforatrice 2 trous Esquisse Rose - x1","p":2.8,"img":"https://fd13-photos.leclercdrive.fr/image.ashx?id=1936290&use=l&cat=p&typeid=i","cat":334133},{"id":130617,"n":"Perforatrice 2 trous Esquisse Bleu - x1","p":2.8,"img":"https://fd13-photos.leclercdrive.fr/image.ashx?id=1936293&use=l&cat=p&typeid=i","cat":334133},{"id":130621,"n":"Agrafeuse Maped Taupe 24/6 400 agraphes","p":6.55,"img":"https://fd13-photos.leclercdrive.fr/image.ashx?id=1875164&use=l&cat=p&typeid=i","cat":334133},{"id":130666,"n":"Blanc de poulet Fleury Michon -25% de sel x8 - 240g","p":4.0,"u":"16,67 €/KG","img":"https://fd13-photos.leclercdrive.fr/image.ashx?id=2886849&use=l&cat=p&typeid=i","cat":316010},{"id":130667,"n":"Rôti de porc Fleury Michon Sans nitrite - x4 - 160g","p":2.77,"u":"17,31 €/KG","img":"https://fd13-photos.leclercdrive.fr/image.ashx?id=2320977&use=l&cat=p&typeid=i","cat":316009},{"id":130707,"n":"Feutre flair original Papermate Pointe moyenne noir - 1 pièce","p":1.2,"img":"https://fd13-photos.leclercdrive.fr/image.ashx?id=1971110&use=l&cat=p&typeid=i","cat":284696},{"id":130717,"n":"Spaghetti courts Lustucru 3 min - 500g","p":1.47,"u":"2,94 €/KG","img":"https://fd13-photos.leclercdrive.fr/image.ashx?id=2023167&use=l&cat=p&typeid=i","cat":284427},{"id":130744,"n":"Nouilles aux oeufs Suzi Wan 250g","p":1.73,"u":"6,92 €/KG","img":"https://fd13-photos.leclercdrive.fr/image.ashx?id=2892928&use=l&cat=p&typeid=i","cat":288992},{"id":130749,"n":"Yaourt à la grecque YAOS Noix de coco - 4x125g","p":2.41,"u":"4,82 €/KG","img":"https://fd13-photos.leclercdrive.fr/image.ashx?id=2213469&use=l&cat=p&typeid=i","cat":314999},{"id":130750,"n":"Boite ménagère basilic Ducros 29g","p":0.9,"u":"31,03 €/KG","img":"https://fd13-photos.leclercdrive.fr/image.ashx?id=2486587&use=l&cat=p&typeid=i","cat":298297},{"id":130752,"n":"Maquereau Petit Navire 175g Vin blanc et aromates - 175g","p":2.09,"u":"11,94 €/KG","img":"https://fd13-photos.leclercdrive.fr/image.ashx?id=2989063&use=l&cat=p&typeid=i","cat":303868},{"id":130754,"n":"Filets maquereaux Eco+ Moutarde - 169g","p":1.02,"u":"6,04 €/KG","img":"https://fd13-photos.leclercdrive.fr/image.ashx?id=2067878&use=l&cat=p&typeid=i","cat":303868},{"id":130755,"n":"Maquereau Moutarde PETIT NAVIRE Moutarde sans arome ajouté 169g","p":1.94,"u":"11,48 €/KG","img":"https://fd13-photos.leclercdrive.fr/image.ashx?id=2989060&use=l&cat=p&typeid=i","cat":303868},{"id":130759,"n":"Barres Nakd Cacahuètes Raw   Barres de Fruits & Noix 4x35g","p":2.86,"u":"20,43 €/KG","img":"https://fd13-photos.leclercdrive.fr/image.ashx?id=3005251&use=l&cat=p&typeid=i","cat":285869},{"id":130760,"n":"Ruban correcteur Esquisse Vert et blanc - x2","p":1.65,"u":"0,83 €/P","img":"https://fd13-photos.leclercdrive.fr/image.ashx?id=1932588&use=l&cat=p&typeid=i","cat":334133},{"id":130776,"n":"Confiture  Bonne Maman Fraise framboise intenses 335g","p":2.23,"u":"6,66 €/KG","img":"https://fd13-photos.leclercdrive.fr/image.ashx?id=2396378&use=l&cat=p&typeid=i","cat":284480},{"id":130777,"n":"Arrangé Héritage Charrette Le Vanille 40% vol - 70cl","p":24.09,"u":"34,41 €/L","img":"https://fd13-photos.leclercdrive.fr/image.ashx?id=2306225&use=l&cat=p&typeid=i","cat":284551},{"id":130784,"n":"Crème colorante Eugène Color N°15","p":3.94,"img":"https://fd13-photos.leclercdrive.fr/image.ashx?id=2476455&use=l&cat=p&typeid=i","cat":288899},{"id":130786,"n":"Crème de marron Roger Descours 500g","p":2.48,"u":"4,96 €/KG","img":"https://fd13-photos.leclercdrive.fr/image.ashx?id=1989159&use=l&cat=p&typeid=i","cat":284481},{"id":130788,"n":"Tablette chocolat au lait Eco+ Ménage - 5x100g","p":3.49,"u":"6,98 €/KG","img":"https://fd13-photos.leclercdrive.fr/image.ashx?id=2746778&use=l&cat=p&typeid=i","cat":284497},{"id":130789,"n":"Préparation Gâteau alsa Moelleux Nature - 435g","p":2.19,"u":"5,03 €/KG","img":"https://fd13-photos.leclercdrive.fr/image.ashx?id=2996431&use=l&cat=p&typeid=i","cat":284505},{"id":130790,"n":"Préparation Gâteau alsa Moelleux Chocolat - 435g","p":2.19,"u":"5,03 €/KG","img":"https://fd13-photos.leclercdrive.fr/image.ashx?id=2996434&use=l&cat=p&typeid=i","cat":284505},{"id":130792,"n":"Préparation Gâteau alsa Moelleux Citron - 435g","p":2.3,"u":"5,29 €/KG","img":"https://fd13-photos.leclercdrive.fr/image.ashx?id=2961864&use=l&cat=p&typeid=i","cat":284505},{"id":130797,"n":"Miel de Fleurs Crémeux 500g","p":4.81,"u":"9,62 €/KG","img":"https://fd13-photos.leclercdrive.fr/image.ashx?id=2984871&use=l&cat=p&typeid=i","cat":287643},{"id":130804,"n":"Préparation Gâteau alsa Fondant au Chocolat - 435g","p":2.32,"u":"7,25 €/KG","img":"https://fd13-photos.leclercdrive.fr/image.ashx?id=2996437&use=l&cat=p&typeid=i","cat":284505},{"id":130810,"n":"Brosse à dents Signal Eclat souple - 1 pièce","p":2.57,"img":"https://fd13-photos.leclercdrive.fr/image.ashx?id=2769822&use=l&cat=p&typeid=i","cat":284614},{"id":130811,"n":"Brosse à Dents Signal Système Blancheur Medium x1","p":2.7,"img":"https://fd13-photos.leclercdrive.fr/image.ashx?id=2832539&use=l&cat=p&typeid=i","cat":284614},{"id":130812,"n":"Brosse à Dents Signal Ultra Access Medium x1","p":3.1,"img":"https://fd13-photos.leclercdrive.fr/image.ashx?id=3009263&use=l&cat=p&typeid=i","cat":284614},{"id":130816,"n":"Dentifrice Zendium Protection complète - 75ml","p":2.58,"img":"https://fd13-photos.leclercdrive.fr/image.ashx?id=2927711&use=l&cat=p&typeid=i","cat":284612},{"id":130820,"n":"Spray habitat bio So Bio Etic Purifiant assainissant - 200ml","p":8.9,"u":"44,50 €/L","img":"https://fd13-photos.leclercdrive.fr/image.ashx?id=2799922&use=l&cat=p&typeid=i","cat":311626},{"id":130834,"n":"Smoothie innocent énergie tropical 750ml","p":3.79,"u":"5,05 €/L","img":"https://fd13-photos.leclercdrive.fr/image.ashx?id=2181383&use=l&cat=p&typeid=i","cat":285435},{"id":130884,"n":"Coquilles St Jacques Maréval A la bretonne - 440g","p":9.83,"pp":6.49,"u":"14,75 €/KG","img":"https://fd13-photos.leclercdrive.fr/image.ashx?id=2649127&use=l&cat=p&typeid=i","cat":319787},{"id":130918,"n":"Lait bébé poudre Guigoz Evolia  2ème âge - 6-12 mois - 800g","p":14.29,"u":"17,86 €/KG","img":"https://fd13-photos.leclercdrive.fr/image.ashx?id=2737111&use=l&cat=p&typeid=i","cat":284727},{"id":130965,"n":"Protège slips Love & Green Hypoallergéniques flexi - x28","p":2.95,"img":"https://fd13-photos.leclercdrive.fr/image.ashx?id=2811371&use=l&cat=p&typeid=i","cat":284625},{"id":130966,"n":"Protège slips Love & Green Hypoallergéniques larges- x28","p":3.22,"img":"https://fd13-photos.leclercdrive.fr/image.ashx?id=2811368&use=l&cat=p&typeid=i","cat":284625},{"id":131061,"n":"Chemise élastique Exacompta Violet - 3 rabats - 24x32 - x1","p":1.8,"img":"https://fd13-photos.leclercdrive.fr/image.ashx?id=1946913&use=l&cat=p&typeid=i","cat":284745},{"id":131063,"n":"Chemise élastique Exacompta Vert - 3 rabats - 24x32 - x1","p":1.8,"img":"https://fd13-photos.leclercdrive.fr/image.ashx?id=1946916&use=l&cat=p&typeid=i","cat":284745},{"id":131064,"n":"Chemise élastique Exacompta Turquoise - 3 rabats - 24x32","p":1.8,"img":"https://fd13-photos.leclercdrive.fr/image.ashx?id=1946919&use=l&cat=p&typeid=i","cat":284745},{"id":131065,"n":"Chemise élastique Exacompta Rouge - 3 rabats - 24x32","p":1.8,"img":"https://fd13-photos.leclercdrive.fr/image.ashx?id=1946922&use=l&cat=p&typeid=i","cat":284745},{"id":131066,"n":"Chemise élastique Exacompta Rose - 3 rabats - 24x32","p":1.8,"img":"https://fd13-photos.leclercdrive.fr/image.ashx?id=1946925&use=l&cat=p&typeid=i","cat":284745},{"id":131067,"n":"Chemise élastique Exacompta Orange - 3 rabats - 24x32","p":1.8,"img":"https://fd13-photos.leclercdrive.fr/image.ashx?id=1946928&use=l&cat=p&typeid=i","cat":284745},{"id":131068,"n":"Chemise élastique Exacompta Noir - 3 rabats - 24x32","p":1.8,"img":"https://fd13-photos.leclercdrive.fr/image.ashx?id=1946931&use=l&cat=p&typeid=i","cat":284745},{"id":131069,"n":"Chemise élastique Exacompta Jaune - 3 rabats - 24x32","p":1.8,"img":"https://fd13-photos.leclercdrive.fr/image.ashx?id=1946934&use=l&cat=p&typeid=i","cat":284745},{"id":131070,"n":"Chemise élastique Exacompta Bleu foncé - 3 rabats - 24x32","p":1.8,"img":"https://fd13-photos.leclercdrive.fr/image.ashx?id=1946937&use=l&cat=p&typeid=i","cat":284745},{"id":131071,"n":"Chemise élastique Exacompta Bleu - 3 rabats - 24x32","p":1.8,"img":"https://fd13-photos.leclercdrive.fr/image.ashx?id=1946940&use=l&cat=p&typeid=i","cat":284745},{"id":131098,"n":"Bloc  perforé Rhodia - 160p Noir - 21x31.8cm - x1","p":3.08,"img":"https://fd13-photos.leclercdrive.fr/image.ashx?id=1938324&use=l&cat=p&typeid=i","cat":284697},{"id":131099,"n":"Bloc  perforé Rhodia - 160p Orange - 21x31.8cm - x1","p":3.08,"img":"https://fd13-photos.leclercdrive.fr/image.ashx?id=1938327&use=l&cat=p&typeid=i","cat":284697},{"id":131153,"n":"Serviettes 40cm 3 plis Ardence Grises - x20","p":1.39,"u":"0,07 €/P","img":"https://fd13-photos.leclercdrive.fr/image.ashx?id=1937803&use=l&cat=p&typeid=i","cat":334134},{"id":131192,"n":"Croquettes chien Ultima Nature  Poulet - 3kg","p":11.68,"u":"3,89 €/KG","img":"https://fd13-photos.leclercdrive.fr/image.ashx?id=2593167&use=l&cat=p&typeid=i","cat":284672},{"id":131232,"n":"AOP Champagne Brut Nature Cazanove - 75 cl","p":23.5,"pp":18.8,"u":"25,07 €/L","img":"https://fd13-photos.leclercdrive.fr/image.ashx?id=2567681&use=l&cat=p&typeid=i","cat":284542},{"id":131243,"n":"AOC Crémant de Limoux Brut  rosé Aguila - 75cl","p":6.39,"u":"8,52 €/L","img":"https://fd13-photos.leclercdrive.fr/image.ashx?id=2792246&use=l&cat=p&typeid=i","cat":284544},{"id":131250,"n":"Crème dessert La Laitière  Pot de crème pistache - 4x100g","p":2.38,"u":"5,95 €/KG","img":"https://fd13-photos.leclercdrive.fr/image.ashx?id=2654608&use=l&cat=p&typeid=i","cat":285041},{"id":131251,"n":"Dessert liégeois Viennois  Fraise - 4x100g","p":2.19,"u":"5,48 €/KG","img":"https://fd13-photos.leclercdrive.fr/image.ashx?id=2875993&use=l&cat=p&typeid=i","cat":285042},{"id":131257,"n":"Thon entier MSC Saupiquet Nature - 112g","p":2.3,"u":"20,54 €/KG","img":"https://fd13-photos.leclercdrive.fr/image.ashx?id=2860874&use=l&cat=p&typeid=i","cat":303867},{"id":131382,"n":"Lait croissance GUIGOZ RELAIS  dès 12 mois - 800g","p":14.09,"u":"17,61 €/KG","img":"https://fd13-photos.leclercdrive.fr/image.ashx?id=2895029&use=l&cat=p&typeid=i","cat":290219},{"id":131384,"n":"Café Soluble Nescafé Cappuccino Praline - 279g","p":4.5,"u":"16,13 €/KG","img":"https://fd13-photos.leclercdrive.fr/image.ashx?id=2985567&use=l&cat=p&typeid=i","cat":284843},{"id":131388,"n":"Capsules Starbucks by Nespresso  Colombia Int 7 - x10","p":3.47,"u":"60,88 €/KG","img":"https://fd13-photos.leclercdrive.fr/image.ashx?id=2868152&use=l&cat=p&typeid=i","cat":284749},{"id":131390,"n":"Capsules Starbucks by Nespresso  House Blend Int 8 - x10","p":3.41,"u":"59,82 €/KG","img":"https://fd13-photos.leclercdrive.fr/image.ashx?id=2868143&use=l&cat=p&typeid=i","cat":284749},{"id":131399,"n":"Café Capsules NESPRESSO int 7 Starbucks Pike Place Roast x10","p":3.88,"u":"73,21 €/KG","img":"https://fd13-photos.leclercdrive.fr/image.ashx?id=2945775&use=l&cat=p&typeid=i","cat":284749},{"id":131424,"n":"Capsules Starbucks by Nespresso  Blonde Espresso Int 6 - x10","p":3.65,"u":"68,87 €/KG","img":"https://fd13-photos.leclercdrive.fr/image.ashx?id=2868146&use=l&cat=p&typeid=i","cat":284749},{"id":131426,"n":"Capsules Starbucks by Nespresso  Espresso Roast Int 11 - x10","p":3.44,"u":"60,35 €/KG","img":"https://fd13-photos.leclercdrive.fr/image.ashx?id=2868149&use=l&cat=p&typeid=i","cat":284749},{"id":131431,"n":"Café Capsules by DOLCE GUSTO Starbucks Caramel Macchiato 2x6","p":4.39,"u":"34,57 €/KG","img":"https://fd13-photos.leclercdrive.fr/image.ashx?id=2966785&use=l&cat=p&typeid=i","cat":293239},{"id":131438,"n":"AOP Rhône Ventoux rouge Fourmi Rouge 75cl","p":5.3,"u":"7,07 €/L","img":"https://fd13-photos.leclercdrive.fr/image.ashx?id=2335415&use=l&cat=p&typeid=i","cat":289556},{"id":131456,"n":"AOP Sancerre blanc Domaine La gemière - 75cl","p":15.5,"u":"20,67 €/L","img":"https://fd13-photos.leclercdrive.fr/image.ashx?id=2047523&use=l&cat=p&typeid=i","cat":289557},{"id":131479,"n":"AOP Bordeaux Supér. Prestige Chateau Labatut - 150cl","p":12.5,"u":"8,33 €/L","img":"https://fd13-photos.leclercdrive.fr/image.ashx?id=2692446&use=l&cat=p&typeid=i","cat":289556},{"id":131556,"n":"Café moulu Coïc Pérou Bio - 250g","p":6.32,"u":"25,28 €/KG","img":"https://fd13-photos.leclercdrive.fr/image.ashx?id=2505172&use=l&cat=p&typeid=i","cat":284750},{"id":131625,"n":"Thé glacé Fuze Tea  Menthe Citron vert - 1,25L","p":1.68,"u":"1,34 €/L","img":"https://fd13-photos.leclercdrive.fr/image.ashx?id=2940402&use=l&cat=p&typeid=i","cat":295019},{"id":131627,"n":"Granulés de bois Din plus 100% naturel - 15kg","p":4.49,"u":"0,30 €/KG","img":"https://fd13-photos.leclercdrive.fr/image.ashx?id=2209567&use=l&cat=p&typeid=i","cat":300577},{"id":131630,"n":"Règle plate flex Maped Vert","p":1.26,"img":"https://fd13-photos.leclercdrive.fr/image.ashx?id=1940405&use=l&cat=p&typeid=i","cat":334133},{"id":131680,"n":"Yaourt framboise Ker Ronan Au lait entier - 4x125g","p":2.42,"u":"4,84 €/KG","img":"https://fd13-photos.leclercdrive.fr/image.ashx?id=1989534&use=l&cat=p&typeid=i","cat":286006},{"id":131692,"n":"Croquettes chien Exelians Adulte - 3kg","p":12.3,"u":"4,10 €/KG","img":"https://fd13-photos.leclercdrive.fr/image.ashx?id=1947850&use=l&cat=p&typeid=i","cat":284672},{"id":131693,"n":"Croquettes chien Exelians Adulte - 12kg","p":33.5,"u":"2,79 €/KG","img":"https://fd13-photos.leclercdrive.fr/image.ashx?id=1947847&use=l&cat=p&typeid=i","cat":284672},{"id":131694,"n":"Croquette chiot Exelians 3kg","p":13.3,"u":"4,43 €/KG","img":"https://fd13-photos.leclercdrive.fr/image.ashx?id=1947844&use=l&cat=p&typeid=i","cat":294526},{"id":131695,"n":"Croquettes chien mini Exelians 3kg","p":12.3,"u":"4,10 €/KG","img":"https://fd13-photos.leclercdrive.fr/image.ashx?id=1947841&use=l&cat=p&typeid=i","cat":294526},{"id":131696,"n":"Croquettes chien Exelians Senior - 3kg","p":12.3,"u":"4,10 €/KG","img":"https://fd13-photos.leclercdrive.fr/image.ashx?id=1947838&use=l&cat=p&typeid=i","cat":284672},{"id":131697,"n":"Croquettes chat Exelians Stérilisé - poisson - 2kg","p":10.15,"u":"5,08 €/KG","img":"https://fd13-photos.leclercdrive.fr/image.ashx?id=1947832&use=l&cat=p&typeid=i","cat":284680},{"id":131698,"n":"Croquettes chat Exelians Adulte - 2kg","p":10.15,"u":"5,08 €/KG","img":"https://fd13-photos.leclercdrive.fr/image.ashx?id=1947835&use=l&cat=p&typeid=i","cat":284680},{"id":131699,"n":"Croquettes chat Exelians Stérilisé - dinde - 2kg","p":10.15,"u":"5,08 €/KG","img":"https://fd13-photos.leclercdrive.fr/image.ashx?id=1947829&use=l&cat=p&typeid=i","cat":284680},{"id":131700,"n":"Croquettes chat Exelians Stérilisé - dinde - 8kg","p":35.7,"u":"4,46 €/KG","img":"https://fd13-photos.leclercdrive.fr/image.ashx?id=1947826&use=l&cat=p&typeid=i","cat":284680},{"id":131734,"n":"Escalope Cordon Bleu Père Dodu  L'Atelier - Poulet - x2 - 200g","p":4.19,"u":"20,95 €/KG","img":"https://fd13-photos.leclercdrive.fr/image.ashx?id=2108267&use=l&cat=p&typeid=i","cat":333683},{"id":131742,"n":"crème dessert chocolat au lait danette - 4x125g","p":1.52,"u":"3,04 €/KG","img":"https://fd13-photos.leclercdrive.fr/image.ashx?id=2093984&use=l&cat=p&typeid=i","cat":285041},{"id":131769,"n":"Twist et glue UHU Super Mario -Sans solvant -35ml","p":2.3,"img":"https://fd13-photos.leclercdrive.fr/image.ashx?id=1947573&use=l&cat=p&typeid=i","cat":334133},{"id":131777,"n":"Ananas en morceaux Eco+ Sirop léger - 340 g","p":1.01,"u":"2,81 €/KG","img":"https://fd13-photos.leclercdrive.fr/image.ashx?id=2655574&use=l&cat=p&typeid=i","cat":284507},{"id":131782,"n":"Abricots demi-fruits Eco+ Sirop léger - 475 g","p":1.79,"u":"3,77 €/KG","img":"https://fd13-photos.leclercdrive.fr/image.ashx?id=2618220&use=l&cat=p&typeid=i","cat":284507},{"id":131784,"n":"Barres céréales Eco+ Choco/banane - 125g","p":0.71,"u":"5,68 €/KG","img":"https://fd13-photos.leclercdrive.fr/image.ashx?id=2791203&use=l&cat=p&typeid=i","cat":285869},{"id":131786,"n":"Café Dolce Gusto Plantation Décaféiné N°5 - x16 - 106g","p":3.39,"u":"31,98 €/KG","img":"https://fd13-photos.leclercdrive.fr/image.ashx?id=2649741&use=l&cat=p&typeid=i","cat":293239},{"id":131788,"n":"Barres céréales Eco+ Pomme/abricot - 125g","p":0.69,"u":"5,52 €/KG","img":"https://fd13-photos.leclercdrive.fr/image.ashx?id=1981602&use=l&cat=p&typeid=i","cat":285869},{"id":131790,"n":"Barres céréales Eco+ Chocolat & cacahuètes x6 - 126g","p":0.71,"u":"5,63 €/KG","img":"https://fd13-photos.leclercdrive.fr/image.ashx?id=2791209&use=l&cat=p&typeid=i","cat":285869},{"id":131791,"n":"Céréales blé soufflé Eco+ Au miel - 750g","p":2.97,"u":"3,96 €/KG","img":"https://fd13-photos.leclercdrive.fr/image.ashx?id=2826897&use=l&cat=p&typeid=i","cat":309513},{"id":131794,"n":"Betteraves rouges 3x130g","p":1.79,"u":"4,59 €/KG","img":"https://fd13-photos.leclercdrive.fr/image.ashx?id=2537848&use=l&cat=p&typeid=i","cat":312611},{"id":131800,"n":"Céréales boules de mais Eco + Au miel - 750g","p":2.25,"u":"3,00 €/KG","img":"https://fd13-photos.leclercdrive.fr/image.ashx?id=2765828&use=l&cat=p&typeid=i","cat":309513},{"id":131802,"n":"Boules céréales miel P'tit Déli 400g","p":2.34,"u":"5,85 €/KG","img":"https://fd13-photos.leclercdrive.fr/image.ashx?id=2183110&use=l&cat=p&typeid=i","cat":309513},{"id":131806,"n":"Céréales fourrées P'tit Déli Chocolat au lait - 450g","p":2.45,"u":"5,44 €/KG","img":"https://fd13-photos.leclercdrive.fr/image.ashx?id=2835211&use=l&cat=p&typeid=i","cat":309513},{"id":131807,"n":"Choucroute garnie 800g","p":2.17,"u":"2,71 €/KG","img":"https://fd13-photos.leclercdrive.fr/image.ashx?id=2826894&use=l&cat=p&typeid=i","cat":284441},{"id":131811,"n":"Chicorée café Eco+ Soluble - 200g","p":2.06,"u":"10,30 €/KG","img":"https://fd13-photos.leclercdrive.fr/image.ashx?id=2494302&use=l&cat=p&typeid=i","cat":284843},{"id":131814,"n":"Confiture Eco+ Fraise - 1kg","p":2.33,"u":"2,33 €/KG","img":"https://fd13-photos.leclercdrive.fr/image.ashx?id=2953197&use=l&cat=p&typeid=i","cat":284480},{"id":131816,"n":"Couscous boulettes volaille 1050g","p":3.1,"u":"2,95 €/KG","img":"https://fd13-photos.leclercdrive.fr/image.ashx?id=2476918&use=l&cat=p&typeid=i","cat":325094},{"id":131818,"n":"Céréales Corn Flakes Eco+ Nature - 750g","p":1.95,"u":"2,60 €/KG","img":"https://fd13-photos.leclercdrive.fr/image.ashx?id=2711589&use=l&cat=p&typeid=i","cat":309513},{"id":131820,"n":"Corn Flackes sucrés 400g","p":1.74,"u":"4,35 €/KG","img":"https://fd13-photos.leclercdrive.fr/image.ashx?id=2688764&use=l&cat=p&typeid=i","cat":309513},{"id":131821,"n":"Croissants Eco+ x10 - 400g","p":1.47,"u":"3,68 €/KG","img":"https://fd13-photos.leclercdrive.fr/image.ashx?id=2922914&use=l&cat=p&typeid=i","cat":296366},{"id":131822,"n":"Delicioso format familial x10 - 350g","p":2.54,"u":"7,26 €/KG","img":"https://fd13-photos.leclercdrive.fr/image.ashx?id=2416547&use=l&cat=p&typeid=i","cat":284495},{"id":131825,"n":"Mais croquant Eco+ 3x140g","p":1.69,"u":"4,02 €/KG","img":"https://fd13-photos.leclercdrive.fr/image.ashx?id=3003741&use=l&cat=p&typeid=i","cat":312611},{"id":131826,"n":"Miettes thon à la tomate Eco + 160g","p":0.77,"u":"4,81 €/KG","img":"https://fd13-photos.leclercdrive.fr/image.ashx?id=2751856&use=l&cat=p&typeid=i","cat":303867},{"id":131827,"n":"Mouliné aux 8 légumes Eco+ 1L","p":0.9,"u":"0,90 €/L","img":"https://fd13-photos.leclercdrive.fr/image.ashx?id=2768451&use=l&cat=p&typeid=i","cat":284462},{"id":131829,"n":"Noix de Muscade Ducros 18g","p":2.51,"u":"139,44 €/KG","img":"https://fd13-photos.leclercdrive.fr/image.ashx?id=2559466&use=l&cat=p&typeid=i","cat":298297},{"id":131831,"n":"Pâté de campagne Eco+ 3x78g","p":1.33,"u":"5,68 €/KG","img":"https://fd13-photos.leclercdrive.fr/image.ashx?id=2519402&use=l&cat=p&typeid=i","cat":305149},{"id":131832,"n":"Olives vertes dénoyautées 490g","p":2.52,"u":"5,14 €/KG","img":"https://fd13-photos.leclercdrive.fr/image.ashx?id=2946811&use=l&cat=p&typeid=i","cat":284458},{"id":131833,"n":"Olives vertes réduite en sel Dénoyautées - 160g","p":1.69,"u":"10,56 €/KG","img":"https://fd13-photos.leclercdrive.fr/image.ashx?id=1942587&use=l&cat=p&typeid=i","cat":284458},{"id":131836,"n":"Pêches demi-fruits Eco+ Sirop léger - 465 g","p":1.43,"u":"3,08 €/KG","img":"https://fd13-photos.leclercdrive.fr/image.ashx?id=2655571&use=l&cat=p&typeid=i","cat":284507},{"id":131837,"n":"Petit pain grillé Bio Village Bio - 225g","p":1.35,"u":"6,00 €/KG","img":"https://fd13-photos.leclercdrive.fr/image.ashx?id=2595125&use=l&cat=p&typeid=i","cat":284479},{"id":131853,"n":"Potage tomate vermicelle Eco + 66g","p":0.79,"u":"11,97 €/KG","img":"https://fd13-photos.leclercdrive.fr/image.ashx?id=2171899&use=l&cat=p&typeid=i","cat":284463},{"id":131855,"n":"Saucisses fumées lentilles 840g","p":1.75,"u":"2,08 €/KG","img":"https://fd13-photos.leclercdrive.fr/image.ashx?id=2664569&use=l&cat=p&typeid=i","cat":312609},{"id":131861,"n":"Sticks salés sachet Eco+ 250g","p":0.57,"u":"2,28 €/KG","img":"https://fd13-photos.leclercdrive.fr/image.ashx?id=2664572&use=l&cat=p&typeid=i","cat":297000},{"id":131864,"n":"Potage déshydratée Eco + poireaux pommes de terre 74g","p":0.59,"u":"7,97 €/KG","img":"https://fd13-photos.leclercdrive.fr/image.ashx?id=2656378&use=l&cat=p&typeid=i","cat":284463},{"id":131868,"n":"Tartines céréales La Boulangère - 450g","p":1.63,"u":"3,62 €/KG","img":"https://fd13-photos.leclercdrive.fr/image.ashx?id=2912410&use=l&cat=p&typeid=i","cat":284477},{"id":131935,"n":"Bouillon Cube Bio Maggi Boeuf - 80g","p":1.85,"u":"23,13 €/KG","img":"https://fd13-photos.leclercdrive.fr/image.ashx?id=2787992&use=l&cat=p&typeid=i","cat":288379},{"id":131939,"n":"Brosse à dents classique Signal","p":2.41,"img":"https://fd13-photos.leclercdrive.fr/image.ashx?id=2082690&use=l&cat=p&typeid=i","cat":284614},{"id":131940,"n":"Bouillon liquide de volaille Maggi - 400ml","p":2.04,"u":"5,10 €/L","img":"https://fd13-photos.leclercdrive.fr/image.ashx?id=2496752&use=l&cat=p&typeid=i","cat":288379},{"id":132067,"n":"Mayonnaise Rustica 830g","p":3.19,"u":"3,84 €/KG","img":"https://fd13-photos.leclercdrive.fr/image.ashx?id=2994827&use=l&cat=p&typeid=i","cat":298295},{"id":132070,"n":"Sauce Frites Rustica 919g","p":3.59,"u":"3,91 €/KG","img":"https://fd13-photos.leclercdrive.fr/image.ashx?id=1944264&use=l&cat=p&typeid=i","cat":318431},{"id":132072,"n":"Sauce Burger Rustica 850g","p":3.35,"u":"3,94 €/KG","img":"https://fd13-photos.leclercdrive.fr/image.ashx?id=1944270&use=l&cat=p&typeid=i","cat":318431},{"id":132088,"n":"Sauce Barilla Tomates Cuisinées - 400g","p":1.71,"u":"4,28 €/KG","img":"https://fd13-photos.leclercdrive.fr/image.ashx?id=2832527&use=l&cat=p&typeid=i","cat":287599},{"id":132109,"n":"Batonnets de glace Nuii Mangue d'Inde et Noix de Coco  x4","p":4.63,"u":"16,19 €/KG","img":"https://fd13-photos.leclercdrive.fr/image.ashx?id=2506825&use=l&cat=p&typeid=i","cat":284265},{"id":132154,"n":"Bâtonnets Trium Trois chocolats x4 - 282g","p":3.94,"u":"13,82 €/KG","img":"https://fd13-photos.leclercdrive.fr/image.ashx?id=1947289&use=l&cat=p&typeid=i","cat":284265},{"id":132163,"n":"Lait bébé liquide Blédilait croissance 1-3 ans 4x500ml","p":5.0,"u":"2,50 €/L","img":"https://fd13-photos.leclercdrive.fr/image.ashx?id=2892418&use=l&cat=p&typeid=i","cat":284728},{"id":132165,"n":"Sorbet Eskiss Citron jaune - 650g","p":2.41,"u":"3,71 €/KG","img":"https://fd13-photos.leclercdrive.fr/image.ashx?id=2982664&use=l&cat=p&typeid=i","cat":284263},{"id":132167,"n":"Bac Eskiss Sorbet Framboise - 650g","p":3.79,"u":"5,83 €/KG","img":"https://fd13-photos.leclercdrive.fr/image.ashx?id=2077364&use=l&cat=p&typeid=i","cat":284263},{"id":132177,"n":"Petits pots bébé P'TITE RECETTE Curry de Poisson 12M+ - 2x200g","p":2.56,"u":"6,40 €/KG","img":"https://fd13-photos.leclercdrive.fr/image.ashx?id=2527118&use=l&cat=p&typeid=i","cat":312237},{"id":132192,"n":"Donut fourré choco St Michel x6 - 180g","p":1.75,"u":"9,72 €/KG","img":"https://fd13-photos.leclercdrive.fr/image.ashx?id=2949961&use=l&cat=p&typeid=i","cat":284495},{"id":132214,"n":"Stylo bille 4 couleurs Bic Bleu pâle - Fashion","p":1.5,"img":"https://fd13-photos.leclercdrive.fr/image.ashx?id=1945832&use=l&cat=p&typeid=i","cat":284696},{"id":132230,"n":"Ruban correcteur Uhu Vert/Orange - x2","p":3.84,"img":"https://fd13-photos.leclercdrive.fr/image.ashx?id=1945844&use=l&cat=p&typeid=i","cat":334133},{"id":132231,"n":"Bâton de colle Uhu stic Super Mario - 2x21g","p":3.75,"u":"89,29 €/KG","img":"https://fd13-photos.leclercdrive.fr/image.ashx?id=1945847&use=l&cat=p&typeid=i","cat":334133},{"id":132234,"n":"Flocons d'avoine Grainea 500g","p":0.84,"u":"1,68 €/KG","img":"https://fd13-photos.leclercdrive.fr/image.ashx?id=2919655&use=l&cat=p&typeid=i","cat":309512},{"id":132239,"n":"Barre de céréales Nature Valley Crunchy avoine miel x10 -420g","p":4.2,"u":"10,00 €/KG","img":"https://fd13-photos.leclercdrive.fr/image.ashx?id=2612814&use=l&cat=p&typeid=i","cat":285869},{"id":132243,"n":"Lessive liquide couleur Epsil 25 lavages - 1.25L","p":2.54,"u":"2,03 €/L","img":"https://fd13-photos.leclercdrive.fr/image.ashx?id=2602961&use=l&cat=p&typeid=i","cat":284640},{"id":132285,"n":"Feta grecque AOP Les Croisés - Tranche - 150g","p":1.84,"u":"12,27 €/KG","img":"https://fd13-photos.leclercdrive.fr/image.ashx?id=2688312&use=l&cat=p&typeid=i","cat":314026},{"id":132289,"n":"Café moulu L'Or Décaféiné 100% Arabica - 250g","p":4.48,"u":"17,92 €/KG","img":"https://fd13-photos.leclercdrive.fr/image.ashx?id=1947006&use=l&cat=p&typeid=i","cat":284750},{"id":132290,"n":"Huile d'Olive Carapelli Extra Vierge Classico - 75cl","p":10.82,"u":"14,43 €/L","img":"https://fd13-photos.leclercdrive.fr/image.ashx?id=2737480&use=l&cat=p&typeid=i","cat":284453},{"id":132330,"n":"Ail semoule Eco + 54g","p":0.77,"u":"14,26 €/KG","img":"https://fd13-photos.leclercdrive.fr/image.ashx?id=2717249&use=l&cat=p&typeid=i","cat":298297},{"id":132341,"n":"Couscous Fin Ferrero - 500G","p":1.49,"u":"2,98 €/KG","img":"https://fd13-photos.leclercdrive.fr/image.ashx?id=3008239&use=l&cat=p&typeid=i","cat":284429},{"id":132348,"n":"Delir' Pik Haribo Sachet bonbons acidulés - 275g","p":1.9,"u":"6,91 €/KG","img":"https://fd13-photos.leclercdrive.fr/image.ashx?id=2984904&use=l&cat=p&typeid=i","cat":304250},{"id":132368,"n":"Repas bébé Blédichef 15 mois Pâtes sauce tomate jambon -250g","p":1.88,"u":"7,52 €/KG","img":"https://fd13-photos.leclercdrive.fr/image.ashx?id=2643743&use=l&cat=p&typeid=i","cat":312238},{"id":132369,"n":"Repas bébé Blédichef 24 mois  Pâtes légumes cabillaud - 250g","p":1.96,"u":"7,84 €/KG","img":"https://fd13-photos.leclercdrive.fr/image.ashx?id=2644725&use=l&cat=p&typeid=i","cat":312238},{"id":132372,"n":"Gâteaux moelleux LU Nature - 140g","p":1.49,"u":"10,64 €/KG","img":"https://fd13-photos.leclercdrive.fr/image.ashx?id=2669418&use=l&cat=p&typeid=i","cat":284495},{"id":132382,"n":"Sardines à la tomate Eco+ 3x125g","p":1.93,"u":"5,15 €/KG","img":"https://fd13-photos.leclercdrive.fr/image.ashx?id=2694073&use=l&cat=p&typeid=i","cat":305146},{"id":132392,"n":"Gratte éponge Spontex Longue durée - x3","p":2.09,"u":"0,70 €/P","img":"https://fd13-photos.leclercdrive.fr/image.ashx?id=2973072&use=l&cat=p&typeid=i","cat":284667},{"id":132393,"n":"Lait croissance Guigoz Optipro En poudre - dès 18 mois - 900g","p":10.54,"u":"11,71 €/KG","img":"https://fd13-photos.leclercdrive.fr/image.ashx?id=2517589&use=l&cat=p&typeid=i","cat":290219},{"id":132428,"n":"AOP Maury Vin rouge Château Saint Roch - 50cl","p":6.43,"u":"12,86 €/L","img":"https://fd13-photos.leclercdrive.fr/image.ashx?id=1953356&use=l&cat=p&typeid=i","cat":289556},{"id":132446,"n":"Serviettes ultra normal Tadam Dermo-sensitives bio - x14","p":2.44,"img":"https://fd13-photos.leclercdrive.fr/image.ashx?id=2754752&use=l&cat=p&typeid=i","cat":284624},{"id":132487,"n":"Gel déboucheur Syphon Javel soude - 1L","p":1.36,"u":"1,36 €/L","img":"https://fd13-photos.leclercdrive.fr/image.ashx?id=2202476&use=l&cat=p&typeid=i","cat":284908},{"id":132505,"n":"Serviettes hygiéniques Always  Platinium Long Plus T3 - x16","p":3.92,"u":"0,25 €/P","img":"https://fd13-photos.leclercdrive.fr/image.ashx?id=2884108&use=l&cat=p&typeid=i","cat":284624},{"id":132540,"n":"Kit traçage Esquisse Fuchsia - 3 pièces","p":1.85,"img":"https://fd13-photos.leclercdrive.fr/image.ashx?id=1947820&use=l&cat=p&typeid=i","cat":334133},{"id":132581,"n":"Céréales soufflé P'tit Déli Au chocolat - 400g","p":2.37,"u":"5,93 €/KG","img":"https://fd13-photos.leclercdrive.fr/image.ashx?id=2811875&use=l&cat=p&typeid=i","cat":309513},{"id":132582,"n":"Céréales soufflé blé P'tit Déli Miel caramel - 400g","p":1.99,"u":"4,98 €/KG","img":"https://fd13-photos.leclercdrive.fr/image.ashx?id=2804338&use=l&cat=p&typeid=i","cat":309513},{"id":132585,"n":"Skyr Yoplait  Nature 0%Mg - 4x100g","p":2.02,"u":"5,05 €/KG","img":"https://fd13-photos.leclercdrive.fr/image.ashx?id=2884435&use=l&cat=p&typeid=i","cat":315000},{"id":132590,"n":"Madeleines St Michel Fourrées au chocolat - 350g","p":3.81,"u":"10,89 €/KG","img":"https://fd13-photos.leclercdrive.fr/image.ashx?id=2949964&use=l&cat=p&typeid=i","cat":284492},{"id":132601,"n":"Fan of Pik Haribo  Sachet bonbons acidulés - 200g","p":1.79,"u":"8,95 €/KG","img":"https://fd13-photos.leclercdrive.fr/image.ashx?id=2789766&use=l&cat=p&typeid=i","cat":304250},{"id":132602,"n":"Bandz Pik Haribo Sachet bonbons acidulés - 200g","p":1.65,"u":"8,25 €/KG","img":"https://fd13-photos.leclercdrive.fr/image.ashx?id=2982417&use=l&cat=p&typeid=i","cat":304250},{"id":132612,"n":"Biscuits Le petit St Michel Coeur chocolat au lait - 132g","p":1.54,"u":"11,67 €/KG","img":"https://fd13-photos.leclercdrive.fr/image.ashx?id=2949967&use=l&cat=p&typeid=i","cat":284488},{"id":132621,"n":"Tablette de chocolat noir Lindt doux 85% - 100g","p":2.61,"u":"26,10 €/KG","img":"https://fd13-photos.leclercdrive.fr/image.ashx?id=2423777&use=l&cat=p&typeid=i","cat":284956},{"id":132629,"n":"Pétales de blé P'tit Déli Au chocolat - 400g","p":2.15,"u":"5,38 €/KG","img":"https://fd13-photos.leclercdrive.fr/image.ashx?id=2765846&use=l&cat=p&typeid=i","cat":309513},{"id":132630,"n":"Sorbet Eskiss Pomme - 650g","p":2.57,"u":"3,95 €/KG","img":"https://fd13-photos.leclercdrive.fr/image.ashx?id=2982670&use=l&cat=p&typeid=i","cat":284263},{"id":132631,"n":"Sorbet Eskiss Poire - 650g","p":2.29,"u":"3,52 €/KG","img":"https://fd13-photos.leclercdrive.fr/image.ashx?id=2983826&use=l&cat=p&typeid=i","cat":284263},{"id":132633,"n":"Bac sorbet Eskiss Citron vert - 650g","p":3.28,"u":"5,05 €/KG","img":"https://fd13-photos.leclercdrive.fr/image.ashx?id=2983829&use=l&cat=p&typeid=i","cat":284263},{"id":132634,"n":"Sérum physiologique 40x5ml","p":3.34,"u":"16,70 €/L","img":"https://fd13-photos.leclercdrive.fr/image.ashx?id=2908879&use=l&cat=p&typeid=i","cat":284741},{"id":132637,"n":"Batonnets Eco + Vanille chocolat - x16 - 536g","p":2.48,"u":"4,63 €/KG","img":"https://fd13-photos.leclercdrive.fr/image.ashx?id=2768077&use=l&cat=p&typeid=i","cat":284265},{"id":132643,"n":"Shampooing bio Pétrole Hahn Fortifiant - 250ml","p":4.18,"u":"16,72 €/L","img":"https://fd13-photos.leclercdrive.fr/image.ashx?id=1948140&use=l&cat=p&typeid=i","cat":284606},{"id":132644,"n":"Huile Cadum Bébé  Huile Merveilleuse - 100ml","p":3.44,"u":"34,40 €/L","img":"https://fd13-photos.leclercdrive.fr/image.ashx?id=2518352&use=l&cat=p&typeid=i","cat":284741},{"id":132677,"n":"IGP Pays d'Oc Vin blanc Tête en l'air Chardonnay-75cl","p":5.5,"u":"7,33 €/L","img":"https://fd13-photos.leclercdrive.fr/image.ashx?id=2429470&use=l&cat=p&typeid=i","cat":289557},{"id":132734,"n":"Tablettes lave-linge Ouragan Anti calcaire","p":3.79,"u":"0,25 €/P","img":"https://fd13-photos.leclercdrive.fr/image.ashx?id=2365126&use=l&cat=p&typeid=i","cat":284653},{"id":132777,"n":"AOP Beaumes de Venise Bio Romain Duvernay - 75cl","p":9.7,"u":"12,93 €/L","img":"https://fd13-photos.leclercdrive.fr/image.ashx?id=2102278&use=l&cat=p&typeid=i","cat":289556},{"id":132778,"n":"Café en grains Lobodis Guatemala - 1kg","p":23.99,"u":"23,99 €/KG","img":"https://fd13-photos.leclercdrive.fr/image.ashx?id=2658893&use=l&cat=p&typeid=i","cat":293237},{"id":132789,"n":"Mayonnaise Bénédicta Signature - 255g","p":2.32,"u":"10,31 €/KG","img":"https://fd13-photos.leclercdrive.fr/image.ashx?id=2548216&use=l&cat=p&typeid=i","cat":298295},{"id":132795,"n":"Désinfectant Sanytol 150ml","p":3.91,"u":"26,07 €/L","img":"https://fd13-photos.leclercdrive.fr/image.ashx?id=2785412&use=l&cat=p&typeid=i","cat":285201},{"id":132808,"n":"Skyr Yoplait  Lit Fruits Rouges 0%Mg - 4x100g","p":2.25,"u":"5,63 €/KG","img":"https://fd13-photos.leclercdrive.fr/image.ashx?id=2884438&use=l&cat=p&typeid=i","cat":315000},{"id":132811,"n":"Skyr Yoplait  Sur Lit Myrtilles 0%MG - 4x100G","p":2.24,"u":"5,60 €/KG","img":"https://fd13-photos.leclercdrive.fr/image.ashx?id=2884441&use=l&cat=p&typeid=i","cat":315000},{"id":132812,"n":"Bière blonde Grimbergen Sans alcool 0,0° - 6x25cl","p":4.2,"u":"2,80 €/L","img":"https://fd13-photos.leclercdrive.fr/image.ashx?id=2334515&use=l&cat=p&typeid=i","cat":334877},{"id":132815,"n":"Skyr Yoplait  Sur Lit Citron 0%MG - 4x100g","p":2.16,"u":"5,40 €/KG","img":"https://fd13-photos.leclercdrive.fr/image.ashx?id=2317780&use=l&cat=p&typeid=i","cat":315000},{"id":132902,"n":"AOP Sud-Ouest Jurançon  Tradition royale - 75 cl","p":5.6,"u":"7,47 €/L","img":"https://fd13-photos.leclercdrive.fr/image.ashx?id=2996875&use=l&cat=p&typeid=i","cat":289557},{"id":132905,"n":"Confiture Bonne Maman Myrtille/Cassis - 335g","p":2.88,"u":"8,60 €/KG","img":"https://fd13-photos.leclercdrive.fr/image.ashx?id=2508222&use=l&cat=p&typeid=i","cat":284480},{"id":132906,"n":"Confiture - Bonne Maman Fraise des bois - 335g","p":3.41,"u":"10,18 €/KG","img":"https://fd13-photos.leclercdrive.fr/image.ashx?id=2341005&use=l&cat=p&typeid=i","cat":284480},{"id":132919,"n":"AOP Saint-Bris blanc 75 cl","p":8.9,"u":"11,87 €/L","img":"https://fd13-photos.leclercdrive.fr/image.ashx?id=2210497&use=l&cat=p&typeid=i","cat":289557},{"id":132924,"n":"Crème mains Le Petit Olivier Karité - 75ml","p":2.96,"u":"39,47 €/L","img":"https://fd13-photos.leclercdrive.fr/image.ashx?id=1951721&use=l&cat=p&typeid=i","cat":325354},{"id":132949,"n":"Rasoirs jetables Bic Miss soleil - x8","p":5.37,"u":"0,67 €/P","img":"https://fd13-photos.leclercdrive.fr/image.ashx?id=2327728&use=l&cat=p&typeid=i","cat":325352},{"id":133039,"n":"Lessive liquide noir Epsil 25 Lavages - 1.25L","p":2.54,"u":"2,03 €/L","img":"https://fd13-photos.leclercdrive.fr/image.ashx?id=2670350&use=l&cat=p&typeid=i","cat":284640},{"id":133044,"n":"Lessive laine & soie Epsil 25 lavages - 1.25L","p":2.54,"u":"2,03 €/L","img":"https://fd13-photos.leclercdrive.fr/image.ashx?id=2842319&use=l&cat=p&typeid=i","cat":284640},{"id":133061,"n":"Huile de massage So Bio Etic Ostéo+ Bien-être Bio - 100ml","p":6.54,"u":"65,40 €/L","img":"https://fd13-photos.leclercdrive.fr/image.ashx?id=2144782&use=l&cat=p&typeid=i","cat":325349},{"id":133063,"n":"Baume détente bio So Bio Etic Sommeil - 40ml","p":6.7,"u":"167,50 €/L","img":"https://fd13-photos.leclercdrive.fr/image.ashx?id=2644229&use=l&cat=p&typeid=i","cat":284630},{"id":133071,"n":"Contour yeux bio So Bio Etic Précieux Argan -15ml","p":18.28,"img":"https://fd13-photos.leclercdrive.fr/image.ashx?id=2644244&use=l&cat=p&typeid=i","cat":325345},{"id":133115,"n":"Sauce Mayomix Heinz Mix mayonnaise & ketchup - 425g","p":2.77,"u":"6,52 €/KG","img":"https://fd13-photos.leclercdrive.fr/image.ashx?id=2926936&use=l&cat=p&typeid=i","cat":318431},{"id":133121,"n":"Poisson Pané Colin Alaska Findus Céréales graines - 250g","p":3.22,"u":"12,88 €/KG","img":"https://fd13-photos.leclercdrive.fr/image.ashx?id=3008764&use=l&cat=p&typeid=i","cat":319788},{"id":133173,"n":"IGP Pays d'Oc blanc Ormes De Cambras Sauvignon 12% 75cl","p":3.09,"u":"4,12 €/L","img":"https://fd13-photos.leclercdrive.fr/image.ashx?id=2105155&use=l&cat=p&typeid=i","cat":289557},{"id":133179,"n":"Yaourt protéiné Hipro Vanille 0%mg - 2x160g","p":2.11,"u":"6,59 €/KG","img":"https://fd13-photos.leclercdrive.fr/image.ashx?id=2807414&use=l&cat=p&typeid=i","cat":315000},{"id":133188,"n":"Douche crème bio So Bio Etic Surgras à l'huile de coco-650ml","p":5.97,"u":"9,18 €/L","img":"https://fd13-photos.leclercdrive.fr/image.ashx?id=2891580&use=l&cat=p&typeid=i","cat":284594},{"id":133250,"n":"Mousse Marie Morin Chocolat au lait - 100g","p":1.85,"u":"18,50 €/KG","img":"https://fd13-photos.leclercdrive.fr/image.ashx?id=2631696&use=l&cat=p&typeid=i","cat":284417},{"id":133258,"n":"Margarine St Hubert Doux - 500g","p":3.44,"u":"6,88 €/KG","img":"https://fd13-photos.leclercdrive.fr/image.ashx?id=2393686&use=l&cat=p&typeid=i","cat":315229},{"id":133426,"n":"Capsules Nescafé Dolce Gusto Marrakech Tea - x16","p":4.49,"u":"54,10 €/KG","img":"https://fd13-photos.leclercdrive.fr/image.ashx?id=2467510&use=l&cat=p&typeid=i","cat":293239},{"id":133464,"n":"Shampooing Bio So Bio Etic Hibiscus Acide laurique - 250ml","p":6.46,"u":"25,84 €/L","img":"https://fd13-photos.leclercdrive.fr/image.ashx?id=2784959&use=l&cat=p&typeid=i","cat":284606},{"id":133472,"n":"Lait corps hydrate So Bio Etic Aloe vera bio extra-doux -200ml","p":5.95,"u":"29,75 €/L","img":"https://fd13-photos.leclercdrive.fr/image.ashx?id=2505558&use=l&cat=p&typeid=i","cat":325349},{"id":133517,"n":"Eau Micellaire La Provençale Anti-Âge Visage Yeux bio- 400ml","p":5.44,"u":"13,60 €/L","img":"https://fd13-photos.leclercdrive.fr/image.ashx?id=2423229&use=l&cat=p&typeid=i","cat":284603},{"id":133533,"n":"Masque Color-Vive Elsève 2x310ml","p":8.95,"u":"14,44 €/L","img":"https://fd13-photos.leclercdrive.fr/image.ashx?id=2396159&use=l&cat=p&typeid=i","cat":284608},{"id":133650,"n":"DOC Prosecco Treviso Mionetto - 75cl","p":7.14,"u":"9,52 €/L","img":"https://fd13-photos.leclercdrive.fr/image.ashx?id=3011911&use=l&cat=p&typeid=i","cat":289461},{"id":133748,"n":"Soda Coca-Cola - SANS SUCRES Bouteille - 6x25cl","p":5.25,"u":"3,50 €/L","img":"https://fd13-photos.leclercdrive.fr/image.ashx?id=2312308&use=l&cat=p&typeid=i","cat":284530},{"id":133768,"n":"Poêle Easy Cook'n Clean Tefal Ø32cm - 1 pièce","p":23.9,"img":"https://fd13-photos.leclercdrive.fr/image.ashx?id=2531862&use=l&cat=p&typeid=i","cat":298490},{"id":133800,"n":"Whisky Taiwanais Yushan 40% vol. - 70cl + Etui","p":36.9,"u":"52,71 €/L","img":"https://fd13-photos.leclercdrive.fr/image.ashx?id=2736364&use=l&cat=p&typeid=i","cat":284547},{"id":133887,"n":"Bois d'allumage Négoce Bois Filet 15L","p":4.3,"u":"0,29 €/L","img":"https://fd13-photos.leclercdrive.fr/image.ashx?id=2089283&use=l&cat=p&typeid=i","cat":300577},{"id":134038,"n":"Margarine demi-sel St-Hubert Sans huile palme 51%mg - 500g","p":5.19,"u":"10,38 €/KG","img":"https://fd13-photos.leclercdrive.fr/image.ashx?id=2734120&use=l&cat=p&typeid=i","cat":315229},{"id":134047,"n":"Barres de céréales Lion Chocolat caramel - 12x25g","p":4.09,"u":"13,63 €/KG","img":"https://fd13-photos.leclercdrive.fr/image.ashx?id=2846787&use=l&cat=p&typeid=i","cat":285869},{"id":134096,"n":"AOP Côte du Rhône Vin rouge Château de Tresques - 75cl","p":4.25,"u":"5,67 €/L","img":"https://fd13-photos.leclercdrive.fr/image.ashx?id=1965032&use=l&cat=p&typeid=i","cat":289556},{"id":134107,"n":"AOP Fronton Vin rouge Comte de Négret - 75cl","p":5.3,"u":"7,07 €/L","img":"https://fd13-photos.leclercdrive.fr/image.ashx?id=2351838&use=l&cat=p&typeid=i","cat":289556},{"id":134109,"n":"AOC Madrian Vin rouge Idée Reçue - 75cl","p":6.5,"u":"8,67 €/L","img":"https://fd13-photos.leclercdrive.fr/image.ashx?id=1965035&use=l&cat=p&typeid=i","cat":289556},{"id":134117,"n":"Foie gras de canard entier  Maison Montfort - 320g","p":27.95,"u":"87,34 €/KG","img":"https://fd13-photos.leclercdrive.fr/image.ashx?id=2730997&use=l&cat=p&typeid=i","cat":316008},{"id":134121,"n":"Poivre noir moulu Eco+ 44g","p":0.55,"u":"12,50 €/KG","img":"https://fd13-photos.leclercdrive.fr/image.ashx?id=2717246&use=l&cat=p&typeid=i","cat":284457},{"id":134122,"n":"Poivre noir moulu Eco+ 90g","p":1.15,"u":"12,78 €/KG","img":"https://fd13-photos.leclercdrive.fr/image.ashx?id=2836307&use=l&cat=p&typeid=i","cat":284457},{"id":134124,"n":"Velouté PurSoup' Liebig Poireaux pomme de terre - 1L","p":2.18,"u":"2,18 €/L","img":"https://fd13-photos.leclercdrive.fr/image.ashx?id=2864324&use=l&cat=p&typeid=i","cat":284462},{"id":134130,"n":"Mélange paella Ducros 20g","p":1.33,"u":"66,50 €/KG","img":"https://fd13-photos.leclercdrive.fr/image.ashx?id=2490500&use=l&cat=p&typeid=i","cat":298297},{"id":134131,"n":"Soupe liquide brique Liebig  Velouté de Tomates - 1L","p":2.17,"u":"2,17 €/L","img":"https://fd13-photos.leclercdrive.fr/image.ashx?id=2759439&use=l&cat=p&typeid=i","cat":284462},{"id":134136,"n":"Rhum Spiced Clan Caribbean 35% vol - 70cl","p":14.0,"u":"20,00 €/L","img":"https://fd13-photos.leclercdrive.fr/image.ashx?id=2516044&use=l&cat=p&typeid=i","cat":284550},{"id":134143,"n":"Tomates cerises allongées Panier du Primeur - 250g","p":2.29,"u":"9,16 €/KG","img":"https://fd13-photos.leclercdrive.fr/image.ashx?id=2232737&use=l&cat=p&typeid=i","cat":284352},{"id":134144,"n":"Don Papa Masskara Base de rhum 40% vol 70cl","p":29.99,"u":"42,84 €/L","img":"https://fd13-photos.leclercdrive.fr/image.ashx?id=2858255&use=l&cat=p&typeid=i","cat":284551},{"id":134145,"n":"Rhum Diplomatico Reserva Exclusiva 70cL","p":39.79,"u":"56,84 €/L","img":"https://fd13-photos.leclercdrive.fr/image.ashx?id=2111349&use=l&cat=p&typeid=i","cat":284550},{"id":134146,"n":"Biscuits Nustikao Fourrés pâte à tartiner - 200g","p":1.67,"u":"8,35 €/KG","img":"https://fd13-photos.leclercdrive.fr/image.ashx?id=2473999&use=l&cat=p&typeid=i","cat":284488},{"id":134147,"n":"Purée fruit bébé Pomme Myrtille 4/6 mois Blédina - 4x100g","p":2.53,"u":"6,33 €/KG","img":"https://fd13-photos.leclercdrive.fr/image.ashx?id=2983057&use=l&cat=p&typeid=i","cat":312388},{"id":134148,"n":"Purée fruit bébé Pomme Rhubarbe Fraise 6 mois Blédina - 4x100g","p":2.08,"u":"5,20 €/KG","img":"https://fd13-photos.leclercdrive.fr/image.ashx?id=2983060&use=l&cat=p&typeid=i","cat":312388},{"id":134150,"n":"Lait céréales Blédidej 6 mois Céréales - 4x250ml","p":3.46,"u":"3,46 €/L","img":"https://fd13-photos.leclercdrive.fr/image.ashx?id=2921067&use=l&cat=p&typeid=i","cat":312226},{"id":134152,"n":"Biscuits Kinder Happy Hippo Au lait et au cacao - 103,5g","p":1.5,"u":"14,42 €/KG","img":"https://fd13-photos.leclercdrive.fr/image.ashx?id=2454499&use=l&cat=p&typeid=i","cat":284488},{"id":134162,"n":"Fromage frais nature Eco+ 9%mg - 6x60g","p":0.93,"u":"2,58 €/KG","img":"https://fd13-photos.leclercdrive.fr/image.ashx?id=2722372&use=l&cat=p&typeid=i","cat":284409},{"id":134194,"n":"Yaourt aromatisé Perle de Lait Lit de Mangue Passion - 4x125g","p":2.28,"u":"4,56 €/P","img":"https://fd13-photos.leclercdrive.fr/image.ashx?id=2989213&use=l&cat=p&typeid=i","cat":314999},{"id":134195,"n":"Yaourt Enfant Petits Filous Aromatisé à la Pêche - 6x100g","p":2.91,"u":"4,85 €/KG","img":"https://fd13-photos.leclercdrive.fr/image.ashx?id=2748437&use=l&cat=p&typeid=i","cat":284415},{"id":134218,"n":"Lardons fumés Tradilège Sans nitrite - 2x75g","p":1.68,"u":"11,20 €/KG","img":"https://fd13-photos.leclercdrive.fr/image.ashx?id=2965828&use=l&cat=p&typeid=i","cat":316011},{"id":134223,"n":"Allumettes fumées Tradilège Sans nitrite - 2x75g","p":1.87,"u":"12,47 €/KG","img":"https://fd13-photos.leclercdrive.fr/image.ashx?id=2816672&use=l&cat=p&typeid=i","cat":316011},{"id":134252,"n":"Feuilleté de mousse la Laitière Chocolat noir - 4x57g","p":1.79,"u":"7,85 €/KG","img":"https://fd13-photos.leclercdrive.fr/image.ashx?id=2875960&use=l&cat=p&typeid=i","cat":284417},{"id":134257,"n":"Corn Flakes Grainéa Nature - 500g","p":2.07,"u":"4,14 €/KG","img":"https://fd13-photos.leclercdrive.fr/image.ashx?id=2617249&use=l&cat=p&typeid=i","cat":309513},{"id":134316,"n":"Goûters P'tit Déli Croc' Goût Vanille - 300g","p":1.06,"u":"3,21 €/KG","img":"https://fd13-photos.leclercdrive.fr/image.ashx?id=2708901&use=l&cat=p&typeid=i","cat":284489},{"id":134317,"n":"Biscuit Croc Break P'tit Déli Goût Chocolat - 300g","p":1.15,"u":"3,83 €/KG","img":"https://fd13-photos.leclercdrive.fr/image.ashx?id=2708895&use=l&cat=p&typeid=i","cat":284488},{"id":134331,"n":"Muesli croustillant Grainéa Chocolat noir - 500g","p":2.29,"u":"4,58 €/KG","img":"https://fd13-photos.leclercdrive.fr/image.ashx?id=2925991&use=l&cat=p&typeid=i","cat":309512},{"id":134333,"n":"Muesli croustillant Grainéa Noix - 500g","p":2.02,"u":"4,04 €/KG","img":"https://fd13-photos.leclercdrive.fr/image.ashx?id=2917662&use=l&cat=p&typeid=i","cat":309512},{"id":134336,"n":"Muesli croustillant Grainéa  Aux fruits - 500g","p":1.86,"u":"3,72 €/KG","img":"https://fd13-photos.leclercdrive.fr/image.ashx?id=2705006&use=l&cat=p&typeid=i","cat":309512},{"id":134347,"n":"Anneaux Calamars Cité Marine Romaine - 180g","p":3.51,"u":"19,50 €/KG","img":"https://fd13-photos.leclercdrive.fr/image.ashx?id=2867104&use=l&cat=p&typeid=i","cat":284344},{"id":134352,"n":"Muesli croustillant Grainéa  Fraise - 500g","p":2.45,"u":"4,90 €/KG","img":"https://fd13-photos.leclercdrive.fr/image.ashx?id=2873670&use=l&cat=p&typeid=i","cat":309512},{"id":134353,"n":"Muesli croustillant Grainéa Chocolat lait - 500g","p":2.27,"u":"4,54 €/KG","img":"https://fd13-photos.leclercdrive.fr/image.ashx?id=2707570&use=l&cat=p&typeid=i","cat":309512},{"id":134404,"n":"Bananes chips 275 g","p":2.98,"u":"10,84 €/KG","img":"https://fd13-photos.leclercdrive.fr/image.ashx?id=1963904&use=l&cat=p&typeid=i","cat":284357},{"id":134427,"n":"Salade de betteraves Menu Fraîcheur - 500g","p":1.89,"u":"3,78 €/KG","img":"https://fd13-photos.leclercdrive.fr/image.ashx?id=2645987&use=l&cat=p&typeid=i","cat":333657},{"id":134534,"n":"Café en grains L'OR Absolu N° 7 1kg","p":19.14,"u":"19,14 €/KG","img":"https://fd13-photos.leclercdrive.fr/image.ashx?id=2716837&use=l&cat=p&typeid=i","cat":293237},{"id":134585,"n":"Noix de coco râpée Vahiné 200g","p":2.18,"u":"10,90 €/KG","img":"https://fd13-photos.leclercdrive.fr/image.ashx?id=2805276&use=l&cat=p&typeid=i","cat":284504},{"id":134595,"n":"Céréales complètes Quaker 3 chocolats - 450g","p":3.01,"u":"6,69 €/KG","img":"https://fd13-photos.leclercdrive.fr/image.ashx?id=2212141&use=l&cat=p&typeid=i","cat":309512},{"id":134600,"n":"Barres chocolat Milka Nussini - 5x31,5g","p":2.56,"u":"16,31 €/KG","img":"https://fd13-photos.leclercdrive.fr/image.ashx?id=2913487&use=l&cat=p&typeid=i","cat":284498},{"id":134663,"n":"IGP Pays d'Oc Merlot rouge La Cabane de Charly - 75cl","p":3.2,"u":"4,27 €/L","img":"https://fd13-photos.leclercdrive.fr/image.ashx?id=2078856&use=l&cat=p&typeid=i","cat":289556},{"id":134676,"n":"Friandises chien Pedigree  Schmackos multi mix x20 - 144g","p":2.15,"u":"14,93 €/KG","img":"https://fd13-photos.leclercdrive.fr/image.ashx?id=2338579&use=l&cat=p&typeid=i","cat":294527},{"id":134677,"n":"Friandise petit chien Pedigree  Os à mâcher x4 - 160g","p":2.2,"u":"13,75 €/KG","img":"https://fd13-photos.leclercdrive.fr/image.ashx?id=2997253&use=l&cat=p&typeid=i","cat":294527},{"id":134678,"n":"Friandise moyen chien Pedigree Os à mâcher x2 - 180g","p":2.2,"u":"12,22 €/KG","img":"https://fd13-photos.leclercdrive.fr/image.ashx?id=2981710&use=l&cat=p&typeid=i","cat":294527},{"id":134680,"n":"Biscuits chien Pedigree Markies fourrés - 1,5kg","p":5.24,"u":"3,49 €/KG","img":"https://fd13-photos.leclercdrive.fr/image.ashx?id=2109671&use=l&cat=p&typeid=i","cat":294527},{"id":134688,"n":"Compote Charles & Alice Pommes Pruneaux - 4x100g","p":1.8,"u":"4,50 €/KG","img":"https://fd13-photos.leclercdrive.fr/image.ashx?id=2757335&use=l&cat=p&typeid=i","cat":284416},{"id":134734,"n":"Boule crème chocolat Jacquot orange framboise vanille - 1kg","p":7.5,"u":"7,50 €/KG","img":"https://fd13-photos.leclercdrive.fr/image.ashx?id=2666584&use=l&cat=p&typeid=i","cat":327595},{"id":134735,"n":"Doonuts nappés Saint michel 360g","p":3.73,"u":"10,36 €/KG","img":"https://fd13-photos.leclercdrive.fr/image.ashx?id=2986275&use=l&cat=p&typeid=i","cat":284495},{"id":134745,"n":"Yaourt nature ECO+ 12x125g","p":1.69,"u":"1,13 €/KG","img":"https://fd13-photos.leclercdrive.fr/image.ashx?id=2441806&use=l&cat=p&typeid=i","cat":284409},{"id":134751,"n":"Boisson végétale Bio Village Riz coco bio - 1l","p":1.89,"u":"1,89 €/L","img":"https://fd13-photos.leclercdrive.fr/image.ashx?id=2352243&use=l&cat=p&typeid=i","cat":316067},{"id":134754,"n":"Café moulu Bio Village Guatémala Bio - 250g","p":4.9,"u":"19,60 €/KG","img":"https://fd13-photos.leclercdrive.fr/image.ashx?id=2468879&use=l&cat=p&typeid=i","cat":284750},{"id":134758,"n":"Compote Allégée en sucres Eco+ Coupelle pomme banane - 4x100g","p":0.59,"u":"1,48 €/KG","img":"https://fd13-photos.leclercdrive.fr/image.ashx?id=2953191&use=l&cat=p&typeid=i","cat":284508},{"id":134770,"n":"Compote bio Bio Village Gourdes multivariétés - 12x90g","p":6.38,"u":"5,91 €/KG","img":"https://fd13-photos.leclercdrive.fr/image.ashx?id=1965920&use=l&cat=p&typeid=i","cat":284508},{"id":134773,"n":"Pur jus de citron vert - 25 cl vert - 25 cl","p":1.77,"u":"7,08 €/L","img":"https://fd13-photos.leclercdrive.fr/image.ashx?id=3010452&use=l&cat=p&typeid=i","cat":288383},{"id":134774,"n":"Pur jus de citron jaune - 50 cl jaune - 50 cl","p":2.39,"u":"4,78 €/L","img":"https://fd13-photos.leclercdrive.fr/image.ashx?id=2140941&use=l&cat=p&typeid=i","cat":288383},{"id":134775,"n":"Lait de coco Bio Village Bio - 200ml","p":1.28,"u":"6,40 €/L","img":"https://fd13-photos.leclercdrive.fr/image.ashx?id=2552451&use=l&cat=p&typeid=i","cat":288992},{"id":134777,"n":"Macaronis Bio Village Bio - 500g","p":1.19,"u":"2,38 €/KG","img":"https://fd13-photos.leclercdrive.fr/image.ashx?id=2624923&use=l&cat=p&typeid=i","cat":284429},{"id":134782,"n":"Palet breton Bio Village Bio - 125g","p":1.5,"u":"12,00 €/KG","img":"https://fd13-photos.leclercdrive.fr/image.ashx?id=2496425&use=l&cat=p&typeid=i","cat":284487},{"id":134786,"n":"Potage poule aux vermicelles Eco+ - 56g","p":0.33,"u":"5,89 €/KG","img":"https://fd13-photos.leclercdrive.fr/image.ashx?id=2663260&use=l&cat=p&typeid=i","cat":284463},{"id":134787,"n":"Ravioli bœuf Bio village Bio 700g","p":3.69,"u":"5,27 €/KG","img":"https://fd13-photos.leclercdrive.fr/image.ashx?id=2717255&use=l&cat=p&typeid=i","cat":284442},{"id":134788,"n":"Spaghetti complets Bio Village Bio - 500g","p":0.89,"u":"1,78 €/KG","img":"https://fd13-photos.leclercdrive.fr/image.ashx?id=2503308&use=l&cat=p&typeid=i","cat":284429},{"id":134791,"n":"Thon à la catalane Eco + 135g","p":0.82,"u":"6,07 €/KG","img":"https://fd13-photos.leclercdrive.fr/image.ashx?id=2756834&use=l&cat=p&typeid=i","cat":303867},{"id":134797,"n":"Tuiles goût barbecue Tokapi 170g","p":1.39,"u":"8,18 €/KG","img":"https://fd13-photos.leclercdrive.fr/image.ashx?id=2632891&use=l&cat=p&typeid=i","cat":287899},{"id":134798,"n":"Velouté de légumes Eco + 1L","p":0.89,"u":"0,89 €/L","img":"https://fd13-photos.leclercdrive.fr/image.ashx?id=2768448&use=l&cat=p&typeid=i","cat":284462},{"id":134799,"n":"Vinaigre de vin 6° Eco +  1L","p":0.55,"u":"0,55 €/L","img":"https://fd13-photos.leclercdrive.fr/image.ashx?id=2729257&use=l&cat=p&typeid=i","cat":298543},{"id":134811,"n":"Pur jus d'orange Eco + Brique - 2l","p":3.14,"u":"1,57 €/L","img":"https://fd13-photos.leclercdrive.fr/image.ashx?id=2751859&use=l&cat=p&typeid=i","cat":284521},{"id":134815,"n":"Pur jus 4 agrumes Eco +  1L","p":1.43,"u":"1,43 €/L","img":"https://fd13-photos.leclercdrive.fr/image.ashx?id=2762943&use=l&cat=p&typeid=i","cat":284917},{"id":134816,"n":"Jus d'orange ABC Eco + Brique - 1L","p":1.31,"u":"1,31 €/L","img":"https://fd13-photos.leclercdrive.fr/image.ashx?id=2802257&use=l&cat=p&typeid=i","cat":284521},{"id":134817,"n":"Jus de pamplemousse rose Eco + ABC - 1L","p":0.99,"u":"0,99 €/L","img":"https://fd13-photos.leclercdrive.fr/image.ashx?id=2595077&use=l&cat=p&typeid=i","cat":284914},{"id":134819,"n":"Nectar d'orange Eco + Brique - 2L","p":1.83,"u":"0,92 €/L","img":"https://fd13-photos.leclercdrive.fr/image.ashx?id=2842444&use=l&cat=p&typeid=i","cat":284521},{"id":134825,"n":"Bière 0.0% Falsbourg  Sans alcool - 6x25cl","p":2.63,"u":"1,75 €/L","img":"https://fd13-photos.leclercdrive.fr/image.ashx?id=2637979&use=l&cat=p&typeid=i","cat":334877},{"id":134829,"n":"Bière forte 7.9% Millbrau 50CL","p":0.85,"u":"1,70 €/L","img":"https://fd13-photos.leclercdrive.fr/image.ashx?id=2955581&use=l&cat=p&typeid=i","cat":334853},{"id":134842,"n":"Vin d'Union Européenne blanc Adrien Champaud 11% vol BIB 5L","p":8.49,"u":"1,70 €/L","img":"https://fd13-photos.leclercdrive.fr/image.ashx?id=2960517&use=l&cat=p&typeid=i","cat":289557},{"id":134843,"n":"IGP Var vin rosé Terres Ocrées 12% vol - BIB 5L","p":15.99,"u":"3,20 €/L","img":"https://fd13-photos.leclercdrive.fr/image.ashx?id=2883327&use=l&cat=p&typeid=i","cat":289560},{"id":134844,"n":"Crème de cassis Gildo 15% - 70cl","p":4.56,"u":"6,51 €/L","img":"https://fd13-photos.leclercdrive.fr/image.ashx?id=2563181&use=l&cat=p&typeid=i","cat":286032},{"id":134852,"n":"Bière blonde de luxe Millbrau 4% - 10x25cl","p":3.73,"u":"1,49 €/L","img":"https://fd13-photos.leclercdrive.fr/image.ashx?id=2955590&use=l&cat=p&typeid=i","cat":334873},{"id":134853,"n":"Bière speciale 4,9% Gildo 50cl","p":0.87,"u":"1,74 €/L","img":"https://fd13-photos.leclercdrive.fr/image.ashx?id=2955602&use=l&cat=p&typeid=i","cat":334853},{"id":134854,"n":"Bière blonde de luxe Millbrau 4% - 24x25cl","p":7.65,"u":"1,28 €/L","img":"https://fd13-photos.leclercdrive.fr/image.ashx?id=2955596&use=l&cat=p&typeid=i","cat":334873},{"id":134856,"n":"Eau de javel Eco + 2L","p":0.63,"u":"0,32 €/L","img":"https://fd13-photos.leclercdrive.fr/image.ashx?id=2882298&use=l&cat=p&typeid=i","cat":284661},{"id":134857,"n":"Désodorisant fraîcheur Uni Vert Plantes - 200ml","p":1.95,"u":"9,75 €/L","img":"https://fd13-photos.leclercdrive.fr/image.ashx?id=2573953&use=l&cat=p&typeid=i","cat":311626},{"id":134858,"n":"Brosse à dent enfant Dentamyl Clignotante licorne - 1 pièce","p":1.99,"img":"https://fd13-photos.leclercdrive.fr/image.ashx?id=1965773&use=l&cat=p&typeid=i","cat":288897},{"id":134860,"n":"Maxi carré bébé Mots d'Enfants Coton bio - x80","p":2.6,"u":"0,03 €/P","img":"https://fd13-photos.leclercdrive.fr/image.ashx?id=3014296&use=l&cat=p&typeid=i","cat":284739},{"id":134861,"n":"Maxi carré bébé Mots d'Enfants Coton bio écru - x40","p":1.37,"u":"0,03 €/P","img":"https://fd13-photos.leclercdrive.fr/image.ashx?id=1965833&use=l&cat=p&typeid=i","cat":284739},{"id":134862,"n":"Gel hydroalcoolique Primoplast 550ml","p":2.1,"u":"3,82 €/L","img":"https://fd13-photos.leclercdrive.fr/image.ashx?id=2856591&use=l&cat=p&typeid=i","cat":284630},{"id":134882,"n":"K2r Pistolet Super Power 550 ml","p":4.45,"u":"8,09 €/L","img":"https://fd13-photos.leclercdrive.fr/image.ashx?id=2890109&use=l&cat=p&typeid=i","cat":284651},{"id":134989,"n":"Amora Cornichons Extra-Fins Bocal Croq'Vert 370g","p":2.7,"u":"7,30 €/KG","img":"https://fd13-photos.leclercdrive.fr/image.ashx?id=2670911&use=l&cat=p&typeid=i","cat":284458},{"id":134992,"n":"Lingettes désinfectantes multi- usages Sanytol x48","p":2.28,"u":"0,05 €/P","img":"https://fd13-photos.leclercdrive.fr/image.ashx?id=2905270&use=l&cat=p&typeid=i","cat":325358},{"id":135004,"n":"Baba au rhum Bonne Maman 2x140g","p":1.99,"u":"7,11 €/P","img":"https://fd13-photos.leclercdrive.fr/image.ashx?id=2912329&use=l&cat=p&typeid=i","cat":284419},{"id":135104,"n":"Salade & Cie Sodebo Brooklyn Poulet Rôti Pâtes - 320g","p":4.69,"u":"14,66 €/KG","img":"https://fd13-photos.leclercdrive.fr/image.ashx?id=2795719&use=l&cat=p&typeid=i","cat":333657},{"id":135139,"n":"Mousse au caramel Beurre salé Equador - 2x90g","p":2.79,"u":"15,50 €/KG","img":"https://fd13-photos.leclercdrive.fr/image.ashx?id=1979701&use=l&cat=p&typeid=i","cat":284417},{"id":135140,"n":"Mousse au chocolat croustillant Equador - 2x90g","p":2.79,"u":"15,50 €/KG","img":"https://fd13-photos.leclercdrive.fr/image.ashx?id=2966920&use=l&cat=p&typeid=i","cat":284417},{"id":135179,"n":"Sauce béchamel Bridélice 50cl","p":2.57,"u":"5,14 €/L","img":"https://fd13-photos.leclercdrive.fr/image.ashx?id=2904718&use=l&cat=p&typeid=i","cat":284382},{"id":135191,"n":"Yaourt aromatisé sucré Eco+ Pack 12x125g","p":1.86,"u":"1,24 €/KG","img":"https://fd13-photos.leclercdrive.fr/image.ashx?id=2759774&use=l&cat=p&typeid=i","cat":286006},{"id":135201,"n":"Matière grasse bio St Hubert Doux 55%MG - 230g","p":2.07,"u":"9,00 €/KG","img":"https://fd13-photos.leclercdrive.fr/image.ashx?id=2886097&use=l&cat=p&typeid=i","cat":315229},{"id":135204,"n":"Margarine allégée Eco+ Cuisson 60%vol - 500g","p":1.16,"u":"2,32 €/KG","img":"https://fd13-photos.leclercdrive.fr/image.ashx?id=2879928&use=l&cat=p&typeid=i","cat":315229},{"id":135229,"n":"Emmental rapé Eco+ 29%mg - 1kg","p":7.43,"u":"7,43 €/KG","img":"https://fd13-photos.leclercdrive.fr/image.ashx?id=2587097&use=l&cat=p&typeid=i","cat":314035},{"id":135246,"n":"Crème fraiche Eco+ Légère - 15% MG - 50cl","p":1.35,"u":"2,70 €/L","img":"https://fd13-photos.leclercdrive.fr/image.ashx?id=2891869&use=l&cat=p&typeid=i","cat":284381},{"id":135247,"n":"Fromage fondu Eco+ 17%mg - x10 - 200g","p":1.09,"u":"5,45 €/KG","img":"https://fd13-photos.leclercdrive.fr/image.ashx?id=2652290&use=l&cat=p&typeid=i","cat":314028},{"id":135279,"n":"Ail violet Panier du Primeur x3","p":2.99,"u":"1,00 €/P","img":"https://fd13-photos.leclercdrive.fr/image.ashx?id=2960520&use=l&cat=p&typeid=i","cat":284352},{"id":135282,"n":"Oignons sauciers Filière Panier du Primeur Filet 500g","p":1.99,"u":"3,98 €/KG","img":"https://fd13-photos.leclercdrive.fr/image.ashx?id=2966370&use=l&cat=p&typeid=i","cat":284352},{"id":135292,"n":"Crème dessert Eco+ Panachées - 12x125g","p":2.43,"u":"1,62 €/KG","img":"https://fd13-photos.leclercdrive.fr/image.ashx?id=2804326&use=l&cat=p&typeid=i","cat":285041},{"id":135296,"n":"Fromage mi-chèvre Eco+ 23%mg - 180g","p":1.67,"u":"9,28 €/KG","img":"https://fd13-photos.leclercdrive.fr/image.ashx?id=2978504&use=l&cat=p&typeid=i","cat":314031},{"id":135343,"n":"Râpé 3 fromages Les Croisés  Format familial - 350g","p":3.12,"u":"8,91 €/KG","img":"https://fd13-photos.leclercdrive.fr/image.ashx?id=2436326&use=l&cat=p&typeid=i","cat":314035},{"id":135345,"n":"Club pur mie Côté Snack Jambon emmental - 140g","p":1.99,"u":"14,21 €/KG","img":"https://fd13-photos.leclercdrive.fr/image.ashx?id=2722399&use=l&cat=p&typeid=i","cat":333658},{"id":135355,"n":"Wrap poulet Côté Snack Tex-Mex - 190g","p":2.49,"u":"13,11 €/KG","img":"https://fd13-photos.leclercdrive.fr/image.ashx?id=2849587&use=l&cat=p&typeid=i","cat":333658},{"id":135426,"n":"Sauce Salsa Old El Paso à napper doux - 226g","p":2.42,"u":"10,71 €/KG","img":"https://fd13-photos.leclercdrive.fr/image.ashx?id=2738797&use=l&cat=p&typeid=i","cat":288993},{"id":135444,"n":"Croco Baby -30% de sucre Haribo Sachet bonbons - 165g","p":1.96,"u":"11,88 €/KG","img":"https://fd13-photos.leclercdrive.fr/image.ashx?id=2806111&use=l&cat=p&typeid=i","cat":304250},{"id":135454,"n":"Brioche tranchée Harrys Nature sans additif Maxi - 680g","p":3.2,"u":"4,71 €/KG","img":"https://fd13-photos.leclercdrive.fr/image.ashx?id=2503022&use=l&cat=p&typeid=i","cat":284478},{"id":135456,"n":"Brioche tranchée Harrys Nature / Sans additifs - 485 g","p":2.39,"u":"4,93 €/KG","img":"https://fd13-photos.leclercdrive.fr/image.ashx?id=2503019&use=l&cat=p&typeid=i","cat":284478},{"id":135459,"n":"Brioche Tranchée Harrys Pépites de chocolat - 485g","p":2.93,"u":"6,04 €/KG","img":"https://fd13-photos.leclercdrive.fr/image.ashx?id=2503028&use=l&cat=p&typeid=i","cat":284478},{"id":135481,"n":"Barres céréales Nesquik Chocolat - 12x25g","p":3.79,"u":"12,63 €/KG","img":"https://fd13-photos.leclercdrive.fr/image.ashx?id=2843225&use=l&cat=p&typeid=i","cat":285869},{"id":135533,"n":"Chocolat noir Les Citronettes Les Chevaliers d'Argouges 170g","p":6.85,"u":"40,29 €/KG","img":"https://fd13-photos.leclercdrive.fr/image.ashx?id=2842732&use=l&cat=p&typeid=i","cat":327601},{"id":135534,"n":"Bûchettes chocolat noir cerise Les Chevaliers d'Argouges  150g","p":5.44,"u":"36,27 €/KG","img":"https://fd13-photos.leclercdrive.fr/image.ashx?id=2842738&use=l&cat=p&typeid=i","cat":327601},{"id":135545,"n":"AOP Côtes de Bourg rouge Château du Luc bio - 75cl","p":7.4,"u":"9,87 €/L","img":"https://fd13-photos.leclercdrive.fr/image.ashx?id=2118327&use=l&cat=p&typeid=i","cat":289556},{"id":135586,"n":"AOP Côtes du Rhone rouge Nos Racines bio - 75cl","p":5.9,"u":"7,87 €/L","img":"https://fd13-photos.leclercdrive.fr/image.ashx?id=2108894&use=l&cat=p&typeid=i","cat":289556},{"id":135617,"n":"Champagne G.H. Mumm  brut - 75cl","p":33.9,"pp":30.9,"u":"41,20 €/L","img":"https://fd13-photos.leclercdrive.fr/image.ashx?id=2988315&use=l&cat=p&typeid=i","cat":284542},{"id":135679,"n":"Tartiflette au Reblochon Marie 300g","p":4.22,"u":"14,07 €/KG","img":"https://fd13-photos.leclercdrive.fr/image.ashx?id=2827200&use=l&cat=p&typeid=i","cat":333665},{"id":135682,"n":"Yaourt a la grecque Yaos Vanille - 4x125g + 2 offerts","p":2.08,"u":"2,77 €/KG","img":"https://fd13-photos.leclercdrive.fr/image.ashx?id=2580666&use=l&cat=p&typeid=i","cat":314999},{"id":135749,"n":"Jambon avec couenne Tradilège Taux de sel réduit x4 - 160g","p":2.62,"u":"16,38 €/KG","img":"https://fd13-photos.leclercdrive.fr/image.ashx?id=1986841&use=l&cat=p&typeid=i","cat":316009},{"id":135758,"n":"Jambon Supérieur VPF Tradilège A l'étouffée Découennéx10 -400g","p":5.49,"u":"13,73 €/KG","img":"https://fd13-photos.leclercdrive.fr/image.ashx?id=1986838&use=l&cat=p&typeid=i","cat":316009},{"id":135780,"n":"Petits pots bébé P'TITE RECETTE Cabillaud 8M+ - 2x200g","p":2.33,"u":"5,83 €/KG","img":"https://fd13-photos.leclercdrive.fr/image.ashx?id=2525717&use=l&cat=p&typeid=i","cat":312236},{"id":135790,"n":"Haché de Faux Filet VBF Charal - 260g","p":5.2,"u":"20,00 €/KG","img":"https://fd13-photos.leclercdrive.fr/image.ashx?id=2551114&use=l&cat=p&typeid=i","cat":284332},{"id":135798,"n":"Barres céréales Extra Kellogg's  Miel - 4x32g","p":2.89,"u":"15,05 €/KG","img":"https://fd13-photos.leclercdrive.fr/image.ashx?id=3003414&use=l&cat=p&typeid=i","cat":285869},{"id":135817,"n":"Loup-garous best of Asmodée - Dès 10 ans","p":14.7,"img":"https://fd13-photos.leclercdrive.fr/image.ashx?id=1982830&use=l&cat=p&typeid=i","cat":334378},{"id":135958,"n":"Panic cafard  Ravensburger Dès 5 ans","p":21.8,"img":"https://fd13-photos.leclercdrive.fr/image.ashx?id=2937664&use=l&cat=p&typeid=i","cat":334378},{"id":135962,"n":"Bac 70 pièces rose les maxis Dès 18 mois","p":18.9,"img":"https://fd13-photos.leclercdrive.fr/image.ashx?id=2955809&use=l&cat=p&typeid=i","cat":334379},{"id":136001,"n":"Lumi board machine à dessiner lumineuse - Dès 4 ans","p":28.5,"img":"https://fd13-photos.leclercdrive.fr/image.ashx?id=2894212&use=l&cat=p&typeid=i","cat":334381},{"id":136043,"n":"Pack de 3 vehicules Cat Dès 3 ans","p":12.9,"img":"https://fd13-photos.leclercdrive.fr/image.ashx?id=2638631&use=l&cat=p&typeid=i","cat":334382},{"id":136112,"n":"Tapis aquadoodle classique  Tomy - Dès 18 mois","p":21.9,"img":"https://fd13-photos.leclercdrive.fr/image.ashx?id=2510157&use=l&cat=p&typeid=i","cat":334379},{"id":136155,"n":"Poupon Bébé Piccolina Dès 10 mois","p":19.9,"u":"Dont 0,22 € d'éco-part.","img":"https://fd13-photos.leclercdrive.fr/image.ashx?id=1979070&use=l&cat=p&typeid=i","cat":334379},{"id":136180,"n":"Journal intime électronique Dès 6 ans","p":44.9,"u":"Dont 0,12 € d'éco-part.","img":"https://fd13-photos.leclercdrive.fr/image.ashx?id=1979040&use=l&cat=p&typeid=i","cat":334378},{"id":136200,"n":"Mon poney à tirer  - Clementoni Dès 6 mois","p":12.9,"u":"Dont 0,22 € d'éco-part.","img":"https://fd13-photos.leclercdrive.fr/image.ashx?id=1980004&use=l&cat=p&typeid=i","cat":334379},{"id":136224,"n":"Poupon piccolina interactif Dès 18 mois","p":19.9,"u":"Dont 0,22 € d'éco-part.","img":"https://fd13-photos.leclercdrive.fr/image.ashx?id=1979067&use=l&cat=p&typeid=i","cat":334379},{"id":136254,"n":"Le landau de Manon Kidway - Dès 3 ans","p":28.9,"img":"https://fd13-photos.leclercdrive.fr/image.ashx?id=1977535&use=l&cat=p&typeid=i","cat":334379},{"id":136257,"n":"Poupon Manon poussette canne Kidway - Dès 2 ans","p":16.9,"img":"https://fd13-photos.leclercdrive.fr/image.ashx?id=1977532&use=l&cat=p&typeid=i","cat":334379},{"id":136302,"n":"Café moulu Velours Noir 100% Arabica - 250g","p":4.71,"u":"18,84 €/KG","img":"https://fd13-photos.leclercdrive.fr/image.ashx?id=1978401&use=l&cat=p&typeid=i","cat":284750},{"id":136337,"n":"AOP Côtes du Roussillon rouge Tautavel Réserve - 75cl","p":6.3,"u":"8,40 €/L","img":"https://fd13-photos.leclercdrive.fr/image.ashx?id=2552805&use=l&cat=p&typeid=i","cat":289556},{"id":136362,"n":"AOC Côtes du Rhône rouge Réserve de Bonpas - 75cl","p":4.9,"u":"6,53 €/L","img":"https://fd13-photos.leclercdrive.fr/image.ashx?id=2991202&use=l&cat=p&typeid=i","cat":289556},{"id":136381,"n":"Calendrier de l'Avent Kinder Lutin avec écureuils - 234g","p":11.13,"u":"47,56 €/KG","img":"https://fd13-photos.leclercdrive.fr/image.ashx?id=1984801&use=l&cat=p&typeid=i","cat":336112},{"id":136389,"n":"Oeuf Maxi Kinder Surprise Garçon - 100g","p":5.69,"u":"56,90 €/KG","img":"https://fd13-photos.leclercdrive.fr/image.ashx?id=2940513&use=l&cat=p&typeid=i","cat":284958},{"id":136407,"n":"Giga Candy canez Fizzy Fraise - 50g","p":1.02,"u":"20,40 €/KG","img":"https://fd13-photos.leclercdrive.fr/image.ashx?id=1984813&use=l&cat=p&typeid=i","cat":327592},{"id":136445,"n":"Gateau marbré Savane Chocolat - 310g","p":2.5,"u":"8,06 €/KG","img":"https://fd13-photos.leclercdrive.fr/image.ashx?id=2870719&use=l&cat=p&typeid=i","cat":294776},{"id":136453,"n":"Plat bébé soir Blédiner 12mois  quinoa légumes - 2x200g","p":2.75,"u":"6,88 €/KG","img":"https://fd13-photos.leclercdrive.fr/image.ashx?id=2845856&use=l&cat=p&typeid=i","cat":312239},{"id":136456,"n":"Lait bébé Candia Baby 2ème âge - 6x1L","p":12.46,"u":"2,08 €/L","img":"https://fd13-photos.leclercdrive.fr/image.ashx?id=2773703&use=l&cat=p&typeid=i","cat":284727},{"id":136457,"n":"Pain grillé original Pasquier 415g","p":1.99,"u":"4,80 €/KG","img":"https://fd13-photos.leclercdrive.fr/image.ashx?id=2943957&use=l&cat=p&typeid=i","cat":284479},{"id":136474,"n":"Confiture Pure Via Abricot - 300g","p":2.17,"u":"7,23 €/KG","img":"https://fd13-photos.leclercdrive.fr/image.ashx?id=2752062&use=l&cat=p&typeid=i","cat":284480},{"id":136492,"n":"AOP St Nic/Bourgueil rouge Les Vignelles - 37.5cl","p":4.5,"u":"12,00 €/L","img":"https://fd13-photos.leclercdrive.fr/image.ashx?id=2641473&use=l&cat=p&typeid=i","cat":289556},{"id":136493,"n":"AOP Chinon vin rouge Les Mureaux - 37.5cl","p":3.95,"u":"10,53 €/L","img":"https://fd13-photos.leclercdrive.fr/image.ashx?id=2641170&use=l&cat=p&typeid=i","cat":289556},{"id":136494,"n":"AOP Pouilly Fumé blanc Jean Dumont - 37.5cl","p":7.95,"u":"21,20 €/L","img":"https://fd13-photos.leclercdrive.fr/image.ashx?id=2640031&use=l&cat=p&typeid=i","cat":289557},{"id":136506,"n":"AOC Pouilly Fumé vin blanc Les Brosses - 75cl","p":11.9,"u":"15,87 €/L","img":"https://fd13-photos.leclercdrive.fr/image.ashx?id=1985475&use=l&cat=p&typeid=i","cat":289557},{"id":136514,"n":"Vin de France Merlot rouge Parsat - 5L","p":12.9,"u":"2,58 €/L","img":"https://fd13-photos.leclercdrive.fr/image.ashx?id=2804496&use=l&cat=p&typeid=i","cat":289560},{"id":136516,"n":"Vin de France rosé Merlot  Maison Parsat - BIB 5L","p":13.5,"u":"2,70 €/L","img":"https://fd13-photos.leclercdrive.fr/image.ashx?id=2884528&use=l&cat=p&typeid=i","cat":289560},{"id":136519,"n":"Vin australien rouge Yellow Tail - 75cl","p":6.9,"u":"9,20 €/L","img":"https://fd13-photos.leclercdrive.fr/image.ashx?id=2489974&use=l&cat=p&typeid=i","cat":289556},{"id":136520,"n":"IGP D'Oc gris Miss Anaïs Bib 3L","p":10.95,"u":"3,65 €/L","img":"https://fd13-photos.leclercdrive.fr/image.ashx?id=2515876&use=l&cat=p&typeid=i","cat":289560},{"id":136579,"n":"Soupe liquide brique Liebig  Velouté de 12 légumes - 1L","p":1.84,"u":"1,84 €/L","img":"https://fd13-photos.leclercdrive.fr/image.ashx?id=2172645&use=l&cat=p&typeid=i","cat":284462},{"id":136580,"n":"Soupe liquide brique Liebig  Mouliné de 12 légumes - 1L","p":2.61,"u":"2,61 €/L","img":"https://fd13-photos.leclercdrive.fr/image.ashx?id=2172642&use=l&cat=p&typeid=i","cat":284462},{"id":136585,"n":"Plat bébé soir Blédiner 15 mois pâtes crème légumes - 2x200g","p":2.74,"u":"6,85 €/KG","img":"https://fd13-photos.leclercdrive.fr/image.ashx?id=2845859&use=l&cat=p&typeid=i","cat":312239},{"id":136586,"n":"Plat bébé soir Blédiner 8 mois Boulghour poireau - 2x200g","p":2.65,"u":"6,63 €/KG","img":"https://fd13-photos.leclercdrive.fr/image.ashx?id=2845862&use=l&cat=p&typeid=i","cat":312239},{"id":136598,"n":"Compote Bio Village Gourdes Pomme bio - 12x90g","p":5.25,"u":"4,86 €/KG","img":"https://fd13-photos.leclercdrive.fr/image.ashx?id=2330517&use=l&cat=p&typeid=i","cat":284508},{"id":136603,"n":"Serviettes ultra super Tadam Dermo-sensitives bio - x12","p":2.42,"img":"https://fd13-photos.leclercdrive.fr/image.ashx?id=2754955&use=l&cat=p&typeid=i","cat":284624},{"id":136604,"n":"Serviettes ultra nuit Tadam Dermosensitives - x10","p":2.35,"img":"https://fd13-photos.leclercdrive.fr/image.ashx?id=2754755&use=l&cat=p&typeid=i","cat":284624},{"id":136607,"n":"Protège lingerie long Tadam Dermo-sensitives bio - x24","p":2.4,"img":"https://fd13-photos.leclercdrive.fr/image.ashx?id=2754767&use=l&cat=p&typeid=i","cat":284625},{"id":136627,"n":"Pad Thai Céréal Bio  Bio repas express - 220g","p":2.72,"u":"12,36 €/KG","img":"https://fd13-photos.leclercdrive.fr/image.ashx?id=2574089&use=l&cat=p&typeid=i","cat":288992},{"id":136645,"n":"Blé gourmand l'Original Ebly Cuisson 10min - 1kg","p":2.61,"u":"2,61 €/KG","img":"https://fd13-photos.leclercdrive.fr/image.ashx?id=2286278&use=l&cat=p&typeid=i","cat":284429},{"id":136655,"n":"Tomates cerises colorées Panier du Primeur - 350g","p":2.29,"u":"6,54 €/KG","img":"https://fd13-photos.leclercdrive.fr/image.ashx?id=2964586&use=l&cat=p&typeid=i","cat":284352},{"id":136668,"n":"Champignons de Paris bruns Panier du Primeur - 250g","p":1.79,"u":"7,16 €/KG","img":"https://fd13-photos.leclercdrive.fr/image.ashx?id=2600255&use=l&cat=p&typeid=i","cat":284352},{"id":136670,"n":"Oignons jaunes Eco+ 1.5 Kg","p":1.79,"u":"1,19 €/KG","img":"https://fd13-photos.leclercdrive.fr/image.ashx?id=2772572&use=l&cat=p&typeid=i","cat":284352},{"id":136736,"n":"Quinoa parfumé Tipiak 240g","p":3.76,"u":"15,67 €/KG","img":"https://fd13-photos.leclercdrive.fr/image.ashx?id=2833747&use=l&cat=p&typeid=i","cat":284429},{"id":136739,"n":"Quinoa Tipiak Sans résidus de pesticides 200g","p":2.71,"u":"13,55 €/KG","img":"https://fd13-photos.leclercdrive.fr/image.ashx?id=2875456&use=l&cat=p&typeid=i","cat":284429},{"id":136761,"n":"Attache sapin Père Noël Rohan Aluminium - 200g","p":2.63,"u":"13,15 €/KG","img":"https://fd13-photos.leclercdrive.fr/image.ashx?id=2863461&use=l&cat=p&typeid=i","cat":327592},{"id":136777,"n":"Sachet chat Felix Succulent Campagne - 12x80g","p":4.87,"u":"5,07 €/KG","img":"https://fd13-photos.leclercdrive.fr/image.ashx?id=2861186&use=l&cat=p&typeid=i","cat":285286},{"id":136808,"n":"Biscuit pistache abricot Gerblé  - 160g","p":2.66,"u":"16,63 €/KG","img":"https://fd13-photos.leclercdrive.fr/image.ashx?id=2812711&use=l&cat=p&typeid=i","cat":318651},{"id":136813,"n":"Biscuits Bruges Delacre Boîte Assortiment - 200g","p":2.48,"u":"12,40 €/KG","img":"https://fd13-photos.leclercdrive.fr/image.ashx?id=2867966&use=l&cat=p&typeid=i","cat":284490},{"id":136814,"n":"Barre céréales Chocapic  Chocolat - 12x25g","p":3.79,"u":"12,63 €/KG","img":"https://fd13-photos.leclercdrive.fr/image.ashx?id=2846784&use=l&cat=p&typeid=i","cat":285869},{"id":136907,"n":"Mini Roc Côte d'Or Chocolat au lait - 195g","p":5.62,"u":"28,82 €/KG","img":"https://fd13-photos.leclercdrive.fr/image.ashx?id=2488088&use=l&cat=p&typeid=i","cat":327595},{"id":136910,"n":"Mini Roc Côte d'Or Chocolat au noir - 195g","p":5.62,"u":"28,82 €/KG","img":"https://fd13-photos.leclercdrive.fr/image.ashx?id=2244136&use=l&cat=p&typeid=i","cat":327595},{"id":136925,"n":"Mini bouchée truffé Côte d'Or Chocolat noir - 158g","p":5.4,"u":"34,18 €/KG","img":"https://fd13-photos.leclercdrive.fr/image.ashx?id=2922173&use=l&cat=p&typeid=i","cat":327600},{"id":136930,"n":"Bonbons de Noël Milka Lait pétillant - 86g","p":2.69,"u":"31,28 €/KG","img":"https://fd13-photos.leclercdrive.fr/image.ashx?id=2834008&use=l&cat=p&typeid=i","cat":327592},{"id":137060,"n":"Compote Bio Village Gourdes Pomme bio - 4x90g","p":1.9,"u":"5,28 €/KG","img":"https://fd13-photos.leclercdrive.fr/image.ashx?id=2619755&use=l&cat=p&typeid=i","cat":284508},{"id":137070,"n":"Petits pois Bio Village Bio - 420g","p":2.35,"u":"5,60 €/KG","img":"https://fd13-photos.leclercdrive.fr/image.ashx?id=3002707&use=l&cat=p&typeid=i","cat":312607},{"id":137289,"n":"Yaourt à boire Ptit Yop Aromatisé Framboise - 6x180g","p":2.56,"u":"2,37 €/KG","img":"https://fd13-photos.leclercdrive.fr/image.ashx?id=2951797&use=l&cat=p&typeid=i","cat":284415},{"id":137293,"n":"Bouchées gourmandes Blini x30 - 300g","p":3.95,"u":"13,17 €/KG","img":"https://fd13-photos.leclercdrive.fr/image.ashx?id=2506296&use=l&cat=p&typeid=i","cat":319774},{"id":137325,"n":"Lait bébé Candia Baby  croissance 3ème âge - 6x25cl","p":3.84,"u":"2,56 €/L","img":"https://fd13-photos.leclercdrive.fr/image.ashx?id=2963346&use=l&cat=p&typeid=i","cat":284728},{"id":137331,"n":"Kinder moulage avec surprise Bonhomme de neige - 36g","p":2.09,"u":"58,06 €/KG","img":"https://fd13-photos.leclercdrive.fr/image.ashx?id=1984798&use=l&cat=p&typeid=i","cat":327592},{"id":137342,"n":"Calendrier de l'Avent Kinder Chalet père noël 234g","p":11.13,"u":"47,56 €/KG","img":"https://fd13-photos.leclercdrive.fr/image.ashx?id=1984804&use=l&cat=p&typeid=i","cat":336112},{"id":137344,"n":"Giga Candy canez Fizzy Pomme - 50g","p":1.02,"u":"20,40 €/KG","img":"https://fd13-photos.leclercdrive.fr/image.ashx?id=1984816&use=l&cat=p&typeid=i","cat":327592},{"id":137355,"n":"Calendrier de l'Avent Milka Sapin de Noël - 200g","p":5.47,"u":"27,35 €/KG","img":"https://fd13-photos.leclercdrive.fr/image.ashx?id=1984828&use=l&cat=p&typeid=i","cat":327590},{"id":137380,"n":"Tablette noir Grain de Sail bio Framboise et pralin - 100g","p":3.55,"u":"35,50 €/KG","img":"https://fd13-photos.leclercdrive.fr/image.ashx?id=2460338&use=l&cat=p&typeid=i","cat":284956},{"id":137382,"n":"Spray retouche L'Oréal Paris Magic Retouch Châtain Clair","p":10.99,"u":"14,65 €/L","img":"https://fd13-photos.leclercdrive.fr/image.ashx?id=2597196&use=l&cat=p&typeid=i","cat":288899},{"id":137384,"n":"Déodorant bille Men Expert Efficacité 48h - 50ml","p":2.73,"u":"54,60 €/L","img":"https://fd13-photos.leclercdrive.fr/image.ashx?id=2300512&use=l&cat=p&typeid=i","cat":284618},{"id":137388,"n":"Gel Douche Bio Sans Savon Cadum Huile d'Amandes Douces - 500ml","p":2.45,"u":"4,90 €/L","img":"https://fd13-photos.leclercdrive.fr/image.ashx?id=2575627&use=l&cat=p&typeid=i","cat":284594},{"id":137395,"n":"Huile extraordinaire Elseve Jojoba 100ml","p":10.28,"u":"102,80 €/L","img":"https://fd13-photos.leclercdrive.fr/image.ashx?id=2870674&use=l&cat=p&typeid=i","cat":284608},{"id":137427,"n":"Soin Nutri-correcteur Dessange Cheveux Blonds, Colorés - 125ml","p":6.17,"u":"49,36 €/L","img":"https://fd13-photos.leclercdrive.fr/image.ashx?id=2870689&use=l&cat=p&typeid=i","cat":284608},{"id":137430,"n":"Protège-documents Esquisse Multicoloris - 160 vues","p":3.59,"img":"https://fd13-photos.leclercdrive.fr/image.ashx?id=2727722&use=l&cat=p&typeid=i","cat":284745},{"id":137436,"n":"Masque Protection Couleur Elsève Color-Vive - 310ml","p":4.99,"u":"16,10 €/L","img":"https://fd13-photos.leclercdrive.fr/image.ashx?id=2865875&use=l&cat=p&typeid=i","cat":284608},{"id":137437,"n":"gateau Savane Brossard Chocolat - 310g","p":2.61,"u":"8,42 €/KG","img":"https://fd13-photos.leclercdrive.fr/image.ashx?id=2976836&use=l&cat=p&typeid=i","cat":294776},{"id":137515,"n":"Mini Roc Côte d'Or Praline - 195g","p":6.95,"u":"35,64 €/KG","img":"https://fd13-photos.leclercdrive.fr/image.ashx?id=2924791&use=l&cat=p&typeid=i","cat":327595},{"id":137516,"n":"Mini roc lait Côte d'Or 279g","p":9.69,"u":"34,73 €/KG","img":"https://fd13-photos.leclercdrive.fr/image.ashx?id=2479465&use=l&cat=p&typeid=i","cat":327595},{"id":137517,"n":"Mini Roc Côte d'Or Praliné - 279g","p":9.69,"u":"34,73 €/KG","img":"https://fd13-photos.leclercdrive.fr/image.ashx?id=2912641&use=l&cat=p&typeid=i","cat":327595},{"id":137522,"n":"Boite cadeau Toblerone assortiment mini toblerone 400g","p":11.97,"u":"29,93 €/KG","img":"https://fd13-photos.leclercdrive.fr/image.ashx?id=2861195&use=l&cat=p&typeid=i","cat":327595},{"id":137525,"n":"Galak Chocolat Noël  Moulage Renne - 88g","p":2.52,"u":"28,64 €/KG","img":"https://fd13-photos.leclercdrive.fr/image.ashx?id=2570604&use=l&cat=p&typeid=i","cat":327592},{"id":137538,"n":"Boîte chocolats liqueur Abtey Royal des lys  x20 - 250g","p":6.07,"u":"24,28 €/KG","img":"https://fd13-photos.leclercdrive.fr/image.ashx?id=2662721&use=l&cat=p&typeid=i","cat":327601},{"id":137562,"n":"Mug de Noël Fizzy Mme Princesse +100g de chocolat","p":5.04,"u":"50,40 €/KG","img":"https://fd13-photos.leclercdrive.fr/image.ashx?id=1985730&use=l&cat=p&typeid=i","cat":327789},{"id":137592,"n":"Matière grasse bio St Hubert Demi-sel 55%MG - 230g","p":2.22,"u":"9,65 €/KG","img":"https://fd13-photos.leclercdrive.fr/image.ashx?id=2734129&use=l&cat=p&typeid=i","cat":315229},{"id":137669,"n":"Croquette chiens Mix  Fido Volaille/légumes - 2.5kg","p":5.63,"u":"2,25 €/KG","img":"https://fd13-photos.leclercdrive.fr/image.ashx?id=2973309&use=l&cat=p&typeid=i","cat":284672},{"id":137680,"n":"Croquette pour chien  Fido Croq' Mix boeuf et légumes 3kg","p":5.99,"u":"2,00 €/KG","img":"https://fd13-photos.leclercdrive.fr/image.ashx?id=2973306&use=l&cat=p&typeid=i","cat":284672},{"id":137682,"n":"Croquette pour chiens Fido Mix Poulet Légumes - 12 kg","p":20.59,"u":"1,72 €/KG","img":"https://fd13-photos.leclercdrive.fr/image.ashx?id=2973300&use=l&cat=p&typeid=i","cat":284672},{"id":137686,"n":"Croquette pour chiens Fido Boeuf & légumes - 7kg","p":13.4,"u":"1,91 €/KG","img":"https://fd13-photos.leclercdrive.fr/image.ashx?id=2973297&use=l&cat=p&typeid=i","cat":284672},{"id":137700,"n":"Compote Douceur du Verger Coupelle fruits rouges -16x100g","p":4.21,"u":"2,63 €/KG","img":"https://fd13-photos.leclercdrive.fr/image.ashx?id=2663560&use=l&cat=p&typeid=i","cat":284508},{"id":137702,"n":"Compote Douceur du Verger Coupelle fruits jaunes -16x100g","p":3.97,"u":"2,48 €/KG","img":"https://fd13-photos.leclercdrive.fr/image.ashx?id=2834890&use=l&cat=p&typeid=i","cat":284508},{"id":137703,"n":"Compote Douceur du Verger Coupelle pomme - 16x100g","p":3.55,"u":"2,22 €/KG","img":"https://fd13-photos.leclercdrive.fr/image.ashx?id=2663551&use=l&cat=p&typeid=i","cat":284508},{"id":137713,"n":"Préparation Flan Entremets alsa Chocolat - 192g","p":1.94,"u":"8,36 €/KG","img":"https://fd13-photos.leclercdrive.fr/image.ashx?id=2842546&use=l&cat=p&typeid=i","cat":284505},{"id":137746,"n":"Gourmet Purina Poulet / Dinde - 8x85g","p":5.49,"u":"8,07 €/KG","img":"https://fd13-photos.leclercdrive.fr/image.ashx?id=2896795&use=l&cat=p&typeid=i","cat":285286},{"id":137757,"n":"Tarte aux poireaux Marie Gratinée à l'Emmental - 400g","p":2.79,"u":"6,98 €/KG","img":"https://fd13-photos.leclercdrive.fr/image.ashx?id=2996680&use=l&cat=p&typeid=i","cat":284257},{"id":137759,"n":"Tarte au Chèvre Marie Tomates cerises - 400g","p":2.79,"u":"6,98 €/KG","img":"https://fd13-photos.leclercdrive.fr/image.ashx?id=2996677&use=l&cat=p&typeid=i","cat":284257},{"id":137769,"n":"Soupe liquide brique Liebig  Poireaux Pomme de Terre 2x30cl","p":1.97,"u":"3,28 €/L","img":"https://fd13-photos.leclercdrive.fr/image.ashx?id=2864327&use=l&cat=p&typeid=i","cat":284462},{"id":137777,"n":"Haricots verts Bonduelle Extra Fins 440g","p":1.85,"u":"4,20 €/KG","img":"https://fd13-photos.leclercdrive.fr/image.ashx?id=2943927&use=l&cat=p&typeid=i","cat":312606},{"id":137796,"n":"Porto Cruz rouge 18%vol - 1L","p":9.89,"u":"9,89 €/L","img":"https://fd13-photos.leclercdrive.fr/image.ashx?id=2161512&use=l&cat=p&typeid=i","cat":284913},{"id":137814,"n":"Arrangé HSE Ananas Thé Vert 32%vol - 70cl","p":18.0,"u":"25,71 €/L","img":"https://fd13-photos.leclercdrive.fr/image.ashx?id=1987077&use=l&cat=p&typeid=i","cat":284551},{"id":137821,"n":"Arrangé HSE Ananas & Gingembre 32° - 70cl","p":21.6,"u":"30,86 €/L","img":"https://fd13-photos.leclercdrive.fr/image.ashx?id=2559523&use=l&cat=p&typeid=i","cat":284551},{"id":137827,"n":"Arrangé HSE Framboise passion 32° - 70cl","p":21.79,"u":"31,13 €/L","img":"https://fd13-photos.leclercdrive.fr/image.ashx?id=1987071&use=l&cat=p&typeid=i","cat":284551},{"id":137857,"n":"Petits Pois Bonduelle Sans Arôme Ajouté 280g","p":1.2,"u":"4,29 €/KG","img":"https://fd13-photos.leclercdrive.fr/image.ashx?id=2913157&use=l&cat=p&typeid=i","cat":312607},{"id":137860,"n":"Riz long blanchi Eco+ 1kg","p":1.22,"u":"1,22 €/KG","img":"https://fd13-photos.leclercdrive.fr/image.ashx?id=2076622&use=l&cat=p&typeid=i","cat":284428},{"id":137861,"n":"Thé noir bio Bio Village English Breakfast x20 - 36g","p":1.25,"u":"34,72 €/KG","img":"https://fd13-photos.leclercdrive.fr/image.ashx?id=1987003&use=l&cat=p&typeid=i","cat":293233},{"id":137862,"n":"Riz long étuvé Eco+ 1kg","p":1.35,"u":"1,35 €/KG","img":"https://fd13-photos.leclercdrive.fr/image.ashx?id=2076625&use=l&cat=p&typeid=i","cat":284428},{"id":137864,"n":"Riz long étuvé Eco+ 4x125g","p":0.87,"u":"1,74 €/KG","img":"https://fd13-photos.leclercdrive.fr/image.ashx?id=1991126&use=l&cat=p&typeid=i","cat":284428},{"id":137866,"n":"Compotes Douceur du Verger Pomme Banane - 4x90g","p":1.39,"u":"3,86 €/KG","img":"https://fd13-photos.leclercdrive.fr/image.ashx?id=2330499&use=l&cat=p&typeid=i","cat":284508},{"id":137883,"n":"Rillettes thon Ronde des Mers 220g","p":2.64,"u":"12,00 €/KG","img":"https://fd13-photos.leclercdrive.fr/image.ashx?id=2436693&use=l&cat=p&typeid=i","cat":284451},{"id":137892,"n":"Biscottes bio Bio Village sans sel ni sucres ajoutés 100g","p":2.09,"u":"6,97 €/KG","img":"https://fd13-photos.leclercdrive.fr/image.ashx?id=1987015&use=l&cat=p&typeid=i","cat":284479},{"id":137897,"n":"Bretzels bio Bio Village 150g","p":1.55,"u":"10,33 €/KG","img":"https://fd13-photos.leclercdrive.fr/image.ashx?id=2390663&use=l&cat=p&typeid=i","cat":297000},{"id":137900,"n":"Barres de céréales Grainéa Chocolat noir x6 - 126g","p":1.39,"u":"11,03 €/KG","img":"https://fd13-photos.leclercdrive.fr/image.ashx?id=2721370&use=l&cat=p&typeid=i","cat":285869},{"id":137904,"n":"Barre de céréales Grainea 126g","p":1.39,"u":"11,03 €/KG","img":"https://fd13-photos.leclercdrive.fr/image.ashx?id=2724598&use=l&cat=p&typeid=i","cat":285869},{"id":137907,"n":"Compote Douceur du Verger Coupelle pomme mangue - 4x100g","p":1.45,"u":"3,63 €/KG","img":"https://fd13-photos.leclercdrive.fr/image.ashx?id=2663548&use=l&cat=p&typeid=i","cat":284508},{"id":137910,"n":"Compote Douceur du Verger Gourdes multivariétés - 20x90g","p":6.09,"u":"3,38 €/KG","img":"https://fd13-photos.leclercdrive.fr/image.ashx?id=2805048&use=l&cat=p&typeid=i","cat":284508},{"id":137955,"n":"Maïs ultra croquant D'Aucy 3x140g","p":2.18,"u":"5,19 €/KG","img":"https://fd13-photos.leclercdrive.fr/image.ashx?id=2429215&use=l&cat=p&typeid=i","cat":312611},{"id":137957,"n":"Maïs ultra croquant D'Aucy 285g","p":1.14,"u":"4,00 €/KG","img":"https://fd13-photos.leclercdrive.fr/image.ashx?id=2380454&use=l&cat=p&typeid=i","cat":312611},{"id":137970,"n":"Carottes râpées à la ciboulette Pierre Martinet - 300g","p":1.56,"u":"5,20 €/KG","img":"https://fd13-photos.leclercdrive.fr/image.ashx?id=2990535&use=l&cat=p&typeid=i","cat":333657},{"id":137971,"n":"Carottes rapées à la Ciboulette Pierre Martinet - 510g","p":2.0,"u":"3,92 €/KG","img":"https://fd13-photos.leclercdrive.fr/image.ashx?id=2990532&use=l&cat=p&typeid=i","cat":333657},{"id":137989,"n":"Oeufs de lompe noirs et rouges Royal Sweden - 2x80g","p":7.45,"u":"46,56 €/KG","img":"https://fd13-photos.leclercdrive.fr/image.ashx?id=2938911&use=l&cat=p&typeid=i","cat":285191},{"id":138050,"n":"Grandes coquillettes Lustucru Aux oeufs - 250g","p":1.16,"u":"4,64 €/KG","img":"https://fd13-photos.leclercdrive.fr/image.ashx?id=2033106&use=l&cat=p&typeid=i","cat":284427},{"id":138051,"n":"Lasagnes Lustucru Aux œufs - 250g","p":1.37,"u":"5,48 €/KG","img":"https://fd13-photos.leclercdrive.fr/image.ashx?id=2023182&use=l&cat=p&typeid=i","cat":284427},{"id":138054,"n":"Macaroni Lustucru Aux oeufs - 500g","p":1.85,"u":"3,70 €/KG","img":"https://fd13-photos.leclercdrive.fr/image.ashx?id=2033109&use=l&cat=p&typeid=i","cat":284427},{"id":138057,"n":"Collerettes Lustucru Aux œufs - 500g","p":1.8,"u":"3,60 €/KG","img":"https://fd13-photos.leclercdrive.fr/image.ashx?id=2505756&use=l&cat=p&typeid=i","cat":284427},{"id":138193,"n":"Fromage blanc bébé Blédina 6m Vanille - 4x100g","p":3.04,"u":"7,60 €/KG","img":"https://fd13-photos.leclercdrive.fr/image.ashx?id=2636817&use=l&cat=p&typeid=i","cat":312392},{"id":138199,"n":"Repas bébé Blédichef 15 mois  Colombo de riz poisson - 250g","p":1.93,"u":"7,72 €/KG","img":"https://fd13-photos.leclercdrive.fr/image.ashx?id=2951599&use=l&cat=p&typeid=i","cat":312238},{"id":138200,"n":"Repas bébé Blédichef 15 mois  Tajine légumes poulet - 250g","p":1.88,"u":"7,52 €/KG","img":"https://fd13-photos.leclercdrive.fr/image.ashx?id=2951602&use=l&cat=p&typeid=i","cat":312238},{"id":138304,"n":"Fromage apéritif Apéricube Incontournables apéro 48 cubes","p":4.47,"u":"17,88 €/KG","img":"https://fd13-photos.leclercdrive.fr/image.ashx?id=2882671&use=l&cat=p&typeid=i","cat":314027},{"id":138318,"n":"Savane Bipack Chocolat Brossard - 620g","p":4.65,"u":"7,50 €/KG","img":"https://fd13-photos.leclercdrive.fr/image.ashx?id=2966086&use=l&cat=p&typeid=i","cat":294776},{"id":138320,"n":"FROMAGE BLANC NATURE AU LAIT  DE BREBIS 4X100g SOIGNON","p":2.92,"u":"7,30 €/KG","img":"https://fd13-photos.leclercdrive.fr/image.ashx?id=2948129&use=l&cat=p&typeid=i","cat":314998},{"id":138469,"n":"Truite fumée Guyader Bretagne - 8 tranches - 200g","p":7.9,"u":"39,50 €/KG","img":"https://fd13-photos.leclercdrive.fr/image.ashx?id=2039476&use=l&cat=p&typeid=i","cat":285188},{"id":138537,"n":"Coloration Casting Crème Gloss  400 Châtain Craquant","p":8.39,"img":"https://fd13-photos.leclercdrive.fr/image.ashx?id=2869080&use=l&cat=p&typeid=i","cat":288899},{"id":138621,"n":"Whisky Togouchi Beer C. Finish 40% - 70cl","p":42.5,"pp":38.5,"u":"55,00 €/L","img":"https://fd13-photos.leclercdrive.fr/image.ashx?id=2966764&use=l&cat=p&typeid=i","cat":284547},{"id":138668,"n":"Masque Cheveux Nutrition Elsève Huile Extraordinaire - 310ml","p":4.93,"u":"15,90 €/L","img":"https://fd13-photos.leclercdrive.fr/image.ashx?id=2511859&use=l&cat=p&typeid=i","cat":284608},{"id":138669,"n":"Masque reconstructeur Elsève Dream Long Cheveu Abîmé - 310ml","p":5.13,"u":"16,55 €/L","img":"https://fd13-photos.leclercdrive.fr/image.ashx?id=2278139&use=l&cat=p&typeid=i","cat":284608},{"id":138927,"n":"Cartouche encre Hp HP305 noir","p":14.9,"u":"Dont 0,01 € d'éco-part.","img":"https://fd13-photos.leclercdrive.fr/image.ashx?id=2005692&use=l&cat=p&typeid=i","cat":316445},{"id":139332,"n":"Etui 5 mini Père Noël Rohan 100g","p":2.58,"u":"25,80 €/KG","img":"https://fd13-photos.leclercdrive.fr/image.ashx?id=1995603&use=l&cat=p&typeid=i","cat":327592},{"id":139334,"n":"Père Noel  Rohan Chocolat au lait - 125g","p":2.27,"u":"18,16 €/KG","img":"https://fd13-photos.leclercdrive.fr/image.ashx?id=2484918&use=l&cat=p&typeid=i","cat":327592},{"id":139345,"n":"Sachet Père Noël x5 Rohan 150g","p":2.79,"u":"18,60 €/KG","img":"https://fd13-photos.leclercdrive.fr/image.ashx?id=2485925&use=l&cat=p&typeid=i","cat":327592},{"id":139391,"n":"Chocolat aux noisettes Africano Gianduja noisettes entière 200g","p":5.34,"u":"26,70 €/KG","img":"https://fd13-photos.leclercdrive.fr/image.ashx?id=2368384&use=l&cat=p&typeid=i","cat":327595},{"id":139392,"n":"Gianduiotti misti Praliné de chocolat aux noisettes -195g","p":8.49,"pp":5.6,"u":"28,72 €/KG","img":"https://fd13-photos.leclercdrive.fr/image.ashx?id=2615161&use=l&cat=p&typeid=i","cat":327595},{"id":139395,"n":"Kinder chocolat mini mug  102g","p":8.69,"u":"85,20 €/KG","img":"https://fd13-photos.leclercdrive.fr/image.ashx?id=2940519&use=l&cat=p&typeid=i","cat":327592},{"id":139398,"n":"Ballotin de Marrons Bio Motta gros morceaux - 220g","p":8.78,"u":"39,91 €/KG","img":"https://fd13-photos.leclercdrive.fr/image.ashx?id=2165602&use=l&cat=p&typeid=i","cat":327603},{"id":139407,"n":"Coffrets Carrés de fruits Motta x25 - 390g","p":8.07,"u":"20,69 €/KG","img":"https://fd13-photos.leclercdrive.fr/image.ashx?id=2298730&use=l&cat=p&typeid=i","cat":327606},{"id":139453,"n":"KitKat Chocolat Noël Moulage Père Noël - 85g","p":2.85,"u":"33,53 €/KG","img":"https://fd13-photos.leclercdrive.fr/image.ashx?id=2901575&use=l&cat=p&typeid=i","cat":327592},{"id":139477,"n":"Pères Noël massif Riegelein Lait - 125g","p":1.7,"u":"13,60 €/KG","img":"https://fd13-photos.leclercdrive.fr/image.ashx?id=2665472&use=l&cat=p&typeid=i","cat":327592},{"id":139905,"n":"Oeufs au sol Eco+ x10","p":1.75,"u":"0,18 €/P","img":"https://fd13-photos.leclercdrive.fr/image.ashx?id=2756582&use=l&cat=p&typeid=i","cat":284378},{"id":140887,"n":"Le jeu des Incollables Dès 6 ans","p":21.8,"img":"https://fd13-photos.leclercdrive.fr/image.ashx?id=2937700&use=l&cat=p&typeid=i","cat":334378},{"id":141162,"n":"Fond de veau Maggi 110g","p":2.57,"u":"23,36 €/KG","img":"https://fd13-photos.leclercdrive.fr/image.ashx?id=2917546&use=l&cat=p&typeid=i","cat":288379},{"id":141495,"n":"Croc' dentiste Dès 4 ans","p":18.7,"img":"https://fd13-photos.leclercdrive.fr/image.ashx?id=2293135&use=l&cat=p&typeid=i","cat":334378},{"id":141805,"n":"Repas Felix Tasty Purina Saumon thon 12x80g","p":4.87,"u":"5,07 €/KG","img":"https://fd13-photos.leclercdrive.fr/image.ashx?id=2478417&use=l&cat=p&typeid=i","cat":285286},{"id":141809,"n":"Friandise pour chat Dentalife Poulet - 40g","p":1.43,"u":"35,75 €/KG","img":"https://fd13-photos.leclercdrive.fr/image.ashx?id=2424716&use=l&cat=p&typeid=i","cat":285285},{"id":141810,"n":"Croquette Purina One Chat difficile  Cabillaud 1.5kg","p":7.74,"u":"5,16 €/KG","img":"https://fd13-photos.leclercdrive.fr/image.ashx?id=2477871&use=l&cat=p&typeid=i","cat":284680},{"id":142084,"n":"Pommes de terre Grenailles  Panier du Primeur - 1kg","p":2.49,"u":"2,49 €/KG","img":"https://fd13-photos.leclercdrive.fr/image.ashx?id=2233214&use=l&cat=p&typeid=i","cat":284352},{"id":142465,"n":"Cidre Bretagne Traditionnel Val de Rance - 75cl","p":2.98,"u":"3,97 €/L","img":"https://fd13-photos.leclercdrive.fr/image.ashx?id=2224736&use=l&cat=p&typeid=i","cat":334880},{"id":142522,"n":"Ananas Del Monte en morceaux - 350g","p":2.31,"u":"6,60 €/KG","img":"https://fd13-photos.leclercdrive.fr/image.ashx?id=2029403&use=l&cat=p&typeid=i","cat":284507},{"id":142527,"n":"Pastis breton Ty Jaune 45% - 70cl","p":18.8,"pp":17.8,"u":"25,43 €/L","img":"https://fd13-photos.leclercdrive.fr/image.ashx?id=2812654&use=l&cat=p&typeid=i","cat":284548},{"id":142919,"n":"4 Verrines thon au chorizo poivron rouge et fromage - 160g","p":4.9,"u":"30,63 €/KG","img":"https://fd13-photos.leclercdrive.fr/image.ashx?id=2560092&use=l&cat=p&typeid=i","cat":316003},{"id":142974,"n":"Filet de maquereaux Pêche Océan Fumé poivre - 150g","p":2.52,"u":"16,80 €/KG","img":"https://fd13-photos.leclercdrive.fr/image.ashx?id=2863051&use=l&cat=p&typeid=i","cat":284342},{"id":143001,"n":"Dosettes café Plantation CLassique - x60 - 416g","p":6.09,"u":"14,64 €/KG","img":"https://fd13-photos.leclercdrive.fr/image.ashx?id=2824289&use=l&cat=p&typeid=i","cat":293238},{"id":143023,"n":"Beef-Stick Vitakraft x4 - 48g","p":2.1,"u":"43,75 €/KG","img":"https://fd13-photos.leclercdrive.fr/image.ashx?id=2857686&use=l&cat=p&typeid=i","cat":294527},{"id":143037,"n":"Toast apéro Pasquier Campagne - 100g","p":1.73,"u":"17,30 €/KG","img":"https://fd13-photos.leclercdrive.fr/image.ashx?id=2600674&use=l&cat=p&typeid=i","cat":285454},{"id":143043,"n":"Confit d'échalote Breizh Konfit Echalotes de Bretagne -110g","p":1.9,"u":"17,27 €/KG","img":"https://fd13-photos.leclercdrive.fr/image.ashx?id=2042752&use=l&cat=p&typeid=i","cat":284458},{"id":143047,"n":"Confit d'airelles Breizh Konfit 110g","p":1.9,"u":"17,27 €/KG","img":"https://fd13-photos.leclercdrive.fr/image.ashx?id=2042749&use=l&cat=p&typeid=i","cat":305149},{"id":143055,"n":"Petits pois carottes Extra fins Jean Nicolas - 2x530g","p":3.65,"u":"3,44 €/KG","img":"https://fd13-photos.leclercdrive.fr/image.ashx?id=2992777&use=l&cat=p&typeid=i","cat":312607},{"id":143237,"n":"Piles Eco+ AAA/LR3 - x8","p":1.3,"img":"https://fd13-photos.leclercdrive.fr/image.ashx?id=2036221&use=l&cat=p&typeid=i","cat":300572},{"id":143238,"n":"Piles Eco+ AA/LR06 - x8","p":1.3,"img":"https://fd13-photos.leclercdrive.fr/image.ashx?id=2036224&use=l&cat=p&typeid=i","cat":300572},{"id":143344,"n":"Biscottes Eco+ 90 tranches - 750g","p":2.08,"u":"2,77 €/KG","img":"https://fd13-photos.leclercdrive.fr/image.ashx?id=2662580&use=l&cat=p&typeid=i","cat":284479},{"id":143345,"n":"Biscottes Epi d'Or x108 - 900g","p":2.52,"u":"2,80 €/KG","img":"https://fd13-photos.leclercdrive.fr/image.ashx?id=2532847&use=l&cat=p&typeid=i","cat":284479},{"id":143347,"n":"Boisson instantanée cacao Tablette d'Or - 400g","p":1.95,"u":"4,88 €/KG","img":"https://fd13-photos.leclercdrive.fr/image.ashx?id=2038717&use=l&cat=p&typeid=i","cat":293235},{"id":143434,"n":"Boisson à base deVodka Eristoff Ginger + verre - 18%vol - 70cl","p":12.15,"u":"17,36 €/L","img":"https://fd13-photos.leclercdrive.fr/image.ashx?id=2028384&use=l&cat=p&typeid=i","cat":284551},{"id":143477,"n":"Dessert liégeois Viennois  Café - 4x100g","p":1.57,"u":"3,93 €/KG","img":"https://fd13-photos.leclercdrive.fr/image.ashx?id=2692110&use=l&cat=p&typeid=i","cat":285042},{"id":143478,"n":"Dessert liégeois Viennois  Chocolat - 4x100g","p":1.57,"u":"3,93 €/KG","img":"https://fd13-photos.leclercdrive.fr/image.ashx?id=2849689&use=l&cat=p&typeid=i","cat":285042},{"id":143528,"n":"Dessert liégeois Viennois  Panaché Chocolat Café - 8x100g","p":2.87,"u":"3,59 €/KG","img":"https://fd13-photos.leclercdrive.fr/image.ashx?id=2675298&use=l&cat=p&typeid=i","cat":285042},{"id":143602,"n":"Barres de céréales Grainéa Chocolat lait, noisette x6-126g","p":1.63,"u":"12,94 €/KG","img":"https://fd13-photos.leclercdrive.fr/image.ashx?id=2721376&use=l&cat=p&typeid=i","cat":285869},{"id":143603,"n":"Barre de céréales Grainéa Fruits rouges x6 - 126g","p":1.4,"u":"11,11 €/KG","img":"https://fd13-photos.leclercdrive.fr/image.ashx?id=2729296&use=l&cat=p&typeid=i","cat":285869},{"id":143604,"n":"Barres de céréales Grainea Figues - 126g","p":1.59,"u":"12,62 €/KG","img":"https://fd13-photos.leclercdrive.fr/image.ashx?id=2757939&use=l&cat=p&typeid=i","cat":285869},{"id":143605,"n":"Barre de céréales Chocolat au lait & coco - 126g","p":1.7,"u":"13,49 €/KG","img":"https://fd13-photos.leclercdrive.fr/image.ashx?id=2721373&use=l&cat=p&typeid=i","cat":285869},{"id":143756,"n":"Foie gras de canard entier Maison Montfort - 320g","p":27.95,"u":"87,34 €/KG","img":"https://fd13-photos.leclercdrive.fr/image.ashx?id=2731000&use=l&cat=p&typeid=i","cat":316008},{"id":143757,"n":"Foie gras de canard Sélection  Maison Montfort - 320g","p":27.95,"u":"87,34 €/KG","img":"https://fd13-photos.leclercdrive.fr/image.ashx?id=2730976&use=l&cat=p&typeid=i","cat":316008},{"id":143807,"n":"Foie gras canard Larnaudie Origine france entier - 220g","p":30.95,"u":"140,68 €/KG","img":"https://fd13-photos.leclercdrive.fr/image.ashx?id=2916779&use=l&cat=p&typeid=i","cat":316008},{"id":143812,"n":"Tomates farcies Marie Riz à la tomate - 360g","p":3.69,"u":"10,25 €/KG","img":"https://fd13-photos.leclercdrive.fr/image.ashx?id=2317483&use=l&cat=p&typeid=i","cat":333665},{"id":143840,"n":"Giga Candy canes Fizzy 50g","p":1.02,"u":"20,40 €/KG","img":"https://fd13-photos.leclercdrive.fr/image.ashx?id=2426439&use=l&cat=p&typeid=i","cat":327592},{"id":144031,"n":"Foie gras de canard Larnaudie Lingot - 220g","p":30.95,"u":"140,68 €/KG","img":"https://fd13-photos.leclercdrive.fr/image.ashx?id=2916791&use=l&cat=p&typeid=i","cat":316008},{"id":144232,"n":"Foie gras de canard du Gers Mi-cuit au poivre - 250g","p":23.9,"u":"95,60 €/KG","img":"https://fd13-photos.leclercdrive.fr/image.ashx?id=2107817&use=l&cat=p&typeid=i","cat":316008},{"id":144367,"n":"Copeaux savon Marseille  UNI VERT - 750g","p":3.9,"u":"5,20 €/KG","img":"https://fd13-photos.leclercdrive.fr/image.ashx?id=2574470&use=l&cat=p&typeid=i","cat":325365},{"id":144422,"n":"Lot toast ronds Jacquet Nature - 2x250g","p":2.18,"u":"4,36 €/KG","img":"https://fd13-photos.leclercdrive.fr/image.ashx?id=2741343&use=l&cat=p&typeid=i","cat":285454},{"id":144508,"n":"Le paté Henaff bio 154g","p":2.71,"u":"17,60 €/KG","img":"https://fd13-photos.leclercdrive.fr/image.ashx?id=2662418&use=l&cat=p&typeid=i","cat":305149},{"id":144631,"n":"Vodka Zubrowka rosé 70 cl","p":16.71,"u":"23,87 €/L","img":"https://fd13-photos.leclercdrive.fr/image.ashx?id=2044249&use=l&cat=p&typeid=i","cat":284550},{"id":144636,"n":"Boisson énergisante Monster Energy Pacific Punch - 50CL","p":1.69,"u":"3,38 €/L","img":"https://fd13-photos.leclercdrive.fr/image.ashx?id=2148407&use=l&cat=p&typeid=i","cat":284533},{"id":144649,"n":"Rillettes saumon Cap Océan ASC Echalote - 140g","p":2.77,"u":"19,79 €/KG","img":"https://fd13-photos.leclercdrive.fr/image.ashx?id=2938773&use=l&cat=p&typeid=i","cat":285191},{"id":144652,"n":"Crabes farcis  Régal du Jour x2 - 320g","p":4.29,"u":"13,41 €/KG","img":"https://fd13-photos.leclercdrive.fr/image.ashx?id=2377385&use=l&cat=p&typeid=i","cat":319775},{"id":144715,"n":"Mini-beurre Paysan Breton Doux x20 - 82%MG - 200g","p":3.08,"u":"15,40 €/KG","img":"https://fd13-photos.leclercdrive.fr/image.ashx?id=2774568&use=l&cat=p&typeid=i","cat":284379},{"id":144757,"n":"Crème épaisse Bridélice 15%mg - 10cl","p":0.67,"u":"6,70 €/L","img":"https://fd13-photos.leclercdrive.fr/image.ashx?id=2989132&use=l&cat=p&typeid=i","cat":284381},{"id":144773,"n":"Yaourt ferments lactiques Alsa 4 sachets - 8g","p":2.76,"u":"345,00 €/KG","img":"https://fd13-photos.leclercdrive.fr/image.ashx?id=2813875&use=l&cat=p&typeid=i","cat":284505},{"id":144834,"n":"Dosettes café Plantation  Corsé - x60 - 417g","p":5.79,"u":"13,88 €/KG","img":"https://fd13-photos.leclercdrive.fr/image.ashx?id=2824292&use=l&cat=p&typeid=i","cat":293238},{"id":144845,"n":"Lait Empresuré chocolat Laiterie de Saint Malo 4x125g","p":1.85,"u":"3,70 €/KG","img":"https://fd13-photos.leclercdrive.fr/image.ashx?id=2908612&use=l&cat=p&typeid=i","cat":285041},{"id":144846,"n":"Dessert gourmand Mamie Nova Tiramisu cappuccino - 2x85g","p":2.2,"u":"12,94 €/KG","img":"https://fd13-photos.leclercdrive.fr/image.ashx?id=2921316&use=l&cat=p&typeid=i","cat":284419},{"id":144860,"n":"Bière ambrée Goudale 7.2% - 33cl","p":1.37,"u":"4,15 €/L","img":"https://fd13-photos.leclercdrive.fr/image.ashx?id=2039419&use=l&cat=p&typeid=i","cat":334852},{"id":144865,"n":"Bière La Goudale IPA 7.2% - 75cl","p":3.94,"u":"5,25 €/L","img":"https://fd13-photos.leclercdrive.fr/image.ashx?id=2892589&use=l&cat=p&typeid=i","cat":334872},{"id":144875,"n":"Cidre bigouden Le Brun 75cl","p":3.38,"u":"4,51 €/L","img":"https://fd13-photos.leclercdrive.fr/image.ashx?id=2039488&use=l&cat=p&typeid=i","cat":334880},{"id":144884,"n":"Poiré artisanal Le Brun 75cl","p":3.51,"u":"4,68 €/L","img":"https://fd13-photos.leclercdrive.fr/image.ashx?id=2039545&use=l&cat=p&typeid=i","cat":334880},{"id":144890,"n":"Whisky Aberlour 14 ans Single Malt Scotch 40% vol 70cl","p":38.9,"u":"55,57 €/L","img":"https://fd13-photos.leclercdrive.fr/image.ashx?id=2878297&use=l&cat=p&typeid=i","cat":284547},{"id":144940,"n":"AOP Saumur Puy Notre Dame rouge Les Petites Roches - 75cl","p":6.8,"u":"9,07 €/L","img":"https://fd13-photos.leclercdrive.fr/image.ashx?id=2105188&use=l&cat=p&typeid=i","cat":289556},{"id":145070,"n":"PIzza l'ovale Sodebo Chorizo poivrons - 200g","p":2.02,"u":"10,10 €/KG","img":"https://fd13-photos.leclercdrive.fr/image.ashx?id=2438567&use=l&cat=p&typeid=i","cat":333679},{"id":145115,"n":"Anti-moustiques Labo Marie Rose Répulsif & apaisant 6h - 100ml","p":6.57,"u":"65,70 €/L","img":"https://fd13-photos.leclercdrive.fr/image.ashx?id=2666743&use=l&cat=p&typeid=i","cat":299654},{"id":145117,"n":"Coupe-ongles Mercurochrome 1 pièce","p":4.19,"img":"https://fd13-photos.leclercdrive.fr/image.ashx?id=2665616&use=l&cat=p&typeid=i","cat":325354},{"id":145120,"n":"Préservatifs Classic Lubrifiés - x14","p":4.64,"img":"https://fd13-photos.leclercdrive.fr/image.ashx?id=2848704&use=l&cat=p&typeid=i","cat":284631},{"id":145121,"n":"Préservatifs Classic Intimy Lubrifiés - x28","p":8.79,"u":"0,31 €/P","img":"https://fd13-photos.leclercdrive.fr/image.ashx?id=2927324&use=l&cat=p&typeid=i","cat":284631},{"id":145205,"n":"Eau de roses Christian Lenart 200ml","p":3.8,"u":"19,00 €/L","img":"https://fd13-photos.leclercdrive.fr/image.ashx?id=2036140&use=l&cat=p&typeid=i","cat":284603},{"id":145227,"n":"Shampooing Marie Rose Anti-poux & Lentes  - 125ml","p":5.72,"u":"45,76 €/L","img":"https://fd13-photos.leclercdrive.fr/image.ashx?id=2689523&use=l&cat=p&typeid=i","cat":299654},{"id":145245,"n":"Pansements Mercurochrome Cors-portection - x12","p":3.87,"u":"0,32 €/P","img":"https://fd13-photos.leclercdrive.fr/image.ashx?id=2785829&use=l&cat=p&typeid=i","cat":284630},{"id":145246,"n":"Pansement liquide Mercurochrome Petites coupures - 1 pièce","p":7.3,"img":"https://fd13-photos.leclercdrive.fr/image.ashx?id=2663971&use=l&cat=p&typeid=i","cat":284630},{"id":145250,"n":"Patchs chauffants Mercurochrome Décontractants grand format -x2","p":9.94,"u":"4,97 €/P","img":"https://fd13-photos.leclercdrive.fr/image.ashx?id=2923663&use=l&cat=p&typeid=i","cat":284630},{"id":145255,"n":"Ciseaux à ongles Mercurochrome 1 pièce","p":4.55,"img":"https://fd13-photos.leclercdrive.fr/image.ashx?id=2788493&use=l&cat=p&typeid=i","cat":325354},{"id":145349,"n":"Purée Douceur du Verger Pomme banane - x4 - 400g","p":1.41,"u":"3,53 €/KG","img":"https://fd13-photos.leclercdrive.fr/image.ashx?id=2036728&use=l&cat=p&typeid=i","cat":284416},{"id":145366,"n":"Rapé 3 fromages Bio Village Bio - 200g","p":2.59,"u":"12,95 €/KG","img":"https://fd13-photos.leclercdrive.fr/image.ashx?id=2036821&use=l&cat=p&typeid=i","cat":314035},{"id":145410,"n":"Amandes grillées Couleurs Vives Décortiquées - non salé - 250g","p":3.46,"u":"13,84 €/KG","img":"https://fd13-photos.leclercdrive.fr/image.ashx?id=2542929&use=l&cat=p&typeid=i","cat":284357},{"id":145411,"n":"Filet de cabillaud Pêche Océan MSC - x4 - 400g","p":8.64,"u":"21,60 €/KG","img":"https://fd13-photos.leclercdrive.fr/image.ashx?id=2930129&use=l&cat=p&typeid=i","cat":319786},{"id":145472,"n":"Bière ambrée Coreff 6x25cl","p":6.7,"u":"4,47 €/L","img":"https://fd13-photos.leclercdrive.fr/image.ashx?id=2058972&use=l&cat=p&typeid=i","cat":334852},{"id":145473,"n":"Bière Duchesse Anne 3x33cl","p":4.58,"u":"4,63 €/L","img":"https://fd13-photos.leclercdrive.fr/image.ashx?id=2063938&use=l&cat=p&typeid=i","cat":334872},{"id":145474,"n":"Bière P'tite Biniouz Coffret - 6x33cl","p":11.6,"u":"5,86 €/L","img":"https://fd13-photos.leclercdrive.fr/image.ashx?id=2977405&use=l&cat=p&typeid=i","cat":334872},{"id":145475,"n":"Bière bio Telenn Du 3x33cl","p":4.32,"u":"4,36 €/L","img":"https://fd13-photos.leclercdrive.fr/image.ashx?id=2058987&use=l&cat=p&typeid=i","cat":334852},{"id":145479,"n":"Bière blanche Coreff 6x25cl","p":6.14,"u":"4,09 €/L","img":"https://fd13-photos.leclercdrive.fr/image.ashx?id=2058975&use=l&cat=p&typeid=i","cat":334878},{"id":145483,"n":"Bière bio Lancelot Coffret - 6x33cl","p":10.69,"u":"10,80 €/L","img":"https://fd13-photos.leclercdrive.fr/image.ashx?id=2284550&use=l&cat=p&typeid=i","cat":334872},{"id":145486,"n":"Bière blanche hermine Lancelot 3x33cl","p":4.06,"u":"4,10 €/L","img":"https://fd13-photos.leclercdrive.fr/image.ashx?id=2058981&use=l&cat=p&typeid=i","cat":334878},{"id":145489,"n":"Bière Duchesse Anne Triple hops - 3x33cl","p":4.94,"u":"4,99 €/L","img":"https://fd13-photos.leclercdrive.fr/image.ashx?id=2058990&use=l&cat=p&typeid=i","cat":334852},{"id":145492,"n":"Bière blonde Sant Erwann Originale - 75cl","p":3.98,"u":"5,31 €/L","img":"https://fd13-photos.leclercdrive.fr/image.ashx?id=2678053&use=l&cat=p&typeid=i","cat":334872},{"id":145500,"n":"Chips extra croquante Vico 150g","p":1.1,"u":"7,33 €/KG","img":"https://fd13-photos.leclercdrive.fr/image.ashx?id=2917822&use=l&cat=p&typeid=i","cat":284447},{"id":145513,"n":"Fond de veau Kubor Maggi Dégraissé - 100g","p":2.66,"u":"26,60 €/KG","img":"https://fd13-photos.leclercdrive.fr/image.ashx?id=2917540&use=l&cat=p&typeid=i","cat":288379},{"id":145556,"n":"Crêpes Whaou Chocolat cracky - x15 - 480g","p":3.98,"u":"8,29 €/KG","img":"https://fd13-photos.leclercdrive.fr/image.ashx?id=2971032&use=l&cat=p&typeid=i","cat":284494},{"id":145559,"n":"Fond de volaille Maggi 110g","p":2.66,"u":"24,18 €/KG","img":"https://fd13-photos.leclercdrive.fr/image.ashx?id=2917549&use=l&cat=p&typeid=i","cat":288379},{"id":145583,"n":"Eau nettoyante Mots d'Enfants bébé bio - 750ml","p":3.99,"u":"5,32 €/L","img":"https://fd13-photos.leclercdrive.fr/image.ashx?id=2037848&use=l&cat=p&typeid=i","cat":284741},{"id":145901,"n":"Film fraîcheur Albal Découpe Facile - 20m","p":2.04,"img":"https://fd13-photos.leclercdrive.fr/image.ashx?id=2551456&use=l&cat=p&typeid=i","cat":334134},{"id":145943,"n":"Salade d'Alaska Menu Fraicheur 500g","p":3.09,"u":"6,18 €/KG","img":"https://fd13-photos.leclercdrive.fr/image.ashx?id=2727647&use=l&cat=p&typeid=i","cat":333657},{"id":146366,"n":"Quiche Lorraine Marie Pur beurre - 400g","p":2.79,"u":"6,98 €/KG","img":"https://fd13-photos.leclercdrive.fr/image.ashx?id=2996674&use=l&cat=p&typeid=i","cat":284257},{"id":146397,"n":"Infusion Les 2 Marmottes Fée Nuit - 50g","p":5.03,"u":"100,60 €/KG","img":"https://fd13-photos.leclercdrive.fr/image.ashx?id=2833603&use=l&cat=p&typeid=i","cat":293234},{"id":146412,"n":"Infusion bio Jardin Bio Digestion légère x20 - 30g","p":3.01,"u":"100,33 €/KG","img":"https://fd13-photos.leclercdrive.fr/image.ashx?id=2792603&use=l&cat=p&typeid=i","cat":293234},{"id":146413,"n":"Infusion bio Jardin Bio Détente sommeil x20 - 30g","p":3.12,"u":"104,00 €/KG","img":"https://fd13-photos.leclercdrive.fr/image.ashx?id=3011449&use=l&cat=p&typeid=i","cat":293234},{"id":146414,"n":"Infusion bio Jardin Bio Nuits paisibles x20 - 30g","p":3.39,"u":"113,00 €/KG","img":"https://fd13-photos.leclercdrive.fr/image.ashx?id=2792612&use=l&cat=p&typeid=i","cat":293234},{"id":146415,"n":"Infusion Jardin Bio Bio digestion - x20 - 30g","p":2.54,"u":"84,67 €/KG","img":"https://fd13-photos.leclercdrive.fr/image.ashx?id=2792615&use=l&cat=p&typeid=i","cat":293234},{"id":146417,"n":"Infusion Jardin Bio Bio Thym citron - 30g - x20","p":2.99,"u":"99,67 €/KG","img":"https://fd13-photos.leclercdrive.fr/image.ashx?id=2792621&use=l&cat=p&typeid=i","cat":293234},{"id":146418,"n":"Infusion Jardin Bio Bio ventre plat - x20 - 30g","p":3.52,"u":"117,33 €/KG","img":"https://fd13-photos.leclercdrive.fr/image.ashx?id=2986564&use=l&cat=p&typeid=i","cat":293234},{"id":146419,"n":"Infusion Jardin Bio Bio bruleur de graisse x20 -30g","p":3.39,"u":"113,00 €/KG","img":"https://fd13-photos.leclercdrive.fr/image.ashx?id=2968322&use=l&cat=p&typeid=i","cat":293234},{"id":146421,"n":"Infusion Jardin Bio Bio detox - x20 - 30g","p":3.42,"u":"114,00 €/KG","img":"https://fd13-photos.leclercdrive.fr/image.ashx?id=2792630&use=l&cat=p&typeid=i","cat":293234},{"id":146422,"n":"Thé vert Jardin Bio Bio minceur - x20 - 30g","p":2.78,"u":"92,67 €/KG","img":"https://fd13-photos.leclercdrive.fr/image.ashx?id=2948066&use=l&cat=p&typeid=i","cat":293233},{"id":146425,"n":"Thé Jardin Bio Bio détox - x20 - 30g","p":2.87,"u":"95,67 €/KG","img":"https://fd13-photos.leclercdrive.fr/image.ashx?id=2578205&use=l&cat=p&typeid=i","cat":293233},{"id":146735,"n":"Haricots verts Bonduelle Extra fins - 220g","p":1.13,"u":"5,14 €/KG","img":"https://fd13-photos.leclercdrive.fr/image.ashx?id=3008074&use=l&cat=p&typeid=i","cat":312606},{"id":146738,"n":"Café Soluble Nescafé Cappuccino Noisette - 270g","p":4.69,"u":"17,37 €/KG","img":"https://fd13-photos.leclercdrive.fr/image.ashx?id=2867791&use=l&cat=p&typeid=i","cat":284843},{"id":146744,"n":"Serviettes Nana ultra nuit Plus Pure Sensitive x8","p":1.88,"u":"0,24 €/P","img":"https://fd13-photos.leclercdrive.fr/image.ashx?id=2743619&use=l&cat=p&typeid=i","cat":284624},{"id":146876,"n":"Bière Sant Erwann IPA 75cl","p":3.81,"u":"5,08 €/L","img":"https://fd13-photos.leclercdrive.fr/image.ashx?id=2678056&use=l&cat=p&typeid=i","cat":334872},{"id":146895,"n":"Lait concentré Régilait non sucré - 410g","p":1.7,"u":"4,15 €/KG","img":"https://fd13-photos.leclercdrive.fr/image.ashx?id=2405866&use=l&cat=p&typeid=i","cat":293236},{"id":146916,"n":"Préparation alsa Crème Pâtissière - 390g","p":2.91,"u":"7,46 €/KG","img":"https://fd13-photos.leclercdrive.fr/image.ashx?id=3007990&use=l&cat=p&typeid=i","cat":284505},{"id":146967,"n":"Poulet croustillant potatoes Sauce ciboulette - 600g","p":7.6,"u":"12,67 €/KG","img":"https://fd13-photos.leclercdrive.fr/image.ashx?id=2047780&use=l&cat=p&typeid=i","cat":333666},{"id":147002,"n":"Feuilleté de Mousse La Laitière Chocolat - 4x57g","p":1.69,"u":"7,41 €/KG","img":"https://fd13-photos.leclercdrive.fr/image.ashx?id=2858594&use=l&cat=p&typeid=i","cat":284417},{"id":147003,"n":"Feuilleté de Mousse La Laitière Vanille - 4x57g","p":1.72,"u":"7,54 €/KG","img":"https://fd13-photos.leclercdrive.fr/image.ashx?id=2764511&use=l&cat=p&typeid=i","cat":284417},{"id":147040,"n":"AOC Champagne brut rosé  Tsarine Luminous - 75cl","p":28.5,"u":"38,00 €/L","img":"https://fd13-photos.leclercdrive.fr/image.ashx?id=2807027&use=l&cat=p&typeid=i","cat":284542},{"id":147076,"n":"Bouillon Cube Maggi Volaille - 80g","p":0.88,"u":"11,00 €/KG","img":"https://fd13-photos.leclercdrive.fr/image.ashx?id=2737036&use=l&cat=p&typeid=i","cat":288379},{"id":147112,"n":"Menu Perruches Vitakraft 900g","p":3.41,"u":"3,79 €/KG","img":"https://fd13-photos.leclercdrive.fr/image.ashx?id=2046243&use=l&cat=p&typeid=i","cat":284678},{"id":147113,"n":"Menus canaris Vitakraft 900g","p":3.9,"u":"4,33 €/KG","img":"https://fd13-photos.leclercdrive.fr/image.ashx?id=2380652&use=l&cat=p&typeid=i","cat":284678},{"id":147114,"n":"Kräker Trio-Mix Vitakraft Miel sésame abricot figue 96g","p":1.86,"u":"19,38 €/KG","img":"https://fd13-photos.leclercdrive.fr/image.ashx?id=2046228&use=l&cat=p&typeid=i","cat":284678},{"id":147115,"n":"Kräker Trio canaris Vitakraft Miel sésame abricot figue 105g","p":1.84,"u":"17,52 €/KG","img":"https://fd13-photos.leclercdrive.fr/image.ashx?id=2046225&use=l&cat=p&typeid=i","cat":284678},{"id":147116,"n":"Kräcker oeuf graines Vitakraft Graines de graminées - 85g","p":1.49,"u":"17,53 €/KG","img":"https://fd13-photos.leclercdrive.fr/image.ashx?id=2351915&use=l&cat=p&typeid=i","cat":284678},{"id":147117,"n":"Kräcker Vitakraft Abricot figue perruches - 85g","p":1.29,"u":"15,18 €/KG","img":"https://fd13-photos.leclercdrive.fr/image.ashx?id=2046237&use=l&cat=p&typeid=i","cat":284678},{"id":147118,"n":"Kräcker miel Vitakraft Sésame canaris - 87g","p":1.28,"u":"14,71 €/KG","img":"https://fd13-photos.leclercdrive.fr/image.ashx?id=2046231&use=l&cat=p&typeid=i","cat":284678},{"id":147127,"n":"Spray dégraissant Clair Savon noir - 750ml","p":2.05,"u":"2,73 €/L","img":"https://fd13-photos.leclercdrive.fr/image.ashx?id=2840389&use=l&cat=p&typeid=i","cat":325357},{"id":147128,"n":"Coton carré Bio Bionaïa x80","p":2.99,"u":"0,04 €/P","img":"https://fd13-photos.leclercdrive.fr/image.ashx?id=2158254&use=l&cat=p&typeid=i","cat":285593},{"id":147141,"n":"Xtrem Box Sodebo Radiatori Lardons Raclette 400g","p":4.35,"u":"10,88 €/KG","img":"https://fd13-photos.leclercdrive.fr/image.ashx?id=2631594&use=l&cat=p&typeid=i","cat":334983},{"id":147214,"n":"Entrecôte de boeuf*** Charal x1 - 220g","p":9.35,"u":"42,50 €/KG","img":"https://fd13-photos.leclercdrive.fr/image.ashx?id=2046515&use=l&cat=p&typeid=i","cat":284328},{"id":147224,"n":"Capsules Nescafé Dolce Gusto  Espresso - x30","p":7.72,"u":"46,79 €/KG","img":"https://fd13-photos.leclercdrive.fr/image.ashx?id=2737105&use=l&cat=p&typeid=i","cat":293239},{"id":147237,"n":"Compote Douceur du Verger    Bocal pomme morceaux - 730g","p":1.74,"u":"2,38 €/KG","img":"https://fd13-photos.leclercdrive.fr/image.ashx?id=2663563&use=l&cat=p&typeid=i","cat":284508},{"id":147246,"n":"Bonbons au miel NRT De Vendée - 200g","p":2.6,"u":"13,00 €/KG","img":"https://fd13-photos.leclercdrive.fr/image.ashx?id=2771423&use=l&cat=p&typeid=i","cat":304252},{"id":147248,"n":"Muesli  Grainea chocolat Noisette 350g","p":2.84,"u":"8,11 €/KG","img":"https://fd13-photos.leclercdrive.fr/image.ashx?id=2077358&use=l&cat=p&typeid=i","cat":309512},{"id":147249,"n":"Preparation Gateau de riz Alsa Nappage caramel 370g","p":2.67,"u":"7,22 €/KG","img":"https://fd13-photos.leclercdrive.fr/image.ashx?id=2805114&use=l&cat=p&typeid=i","cat":284504},{"id":147250,"n":"Préparation Flan Entremets alsa Vanille - 192g","p":1.3,"u":"6,77 €/KG","img":"https://fd13-photos.leclercdrive.fr/image.ashx?id=2805117&use=l&cat=p&typeid=i","cat":284504},{"id":147251,"n":"Préparation Crème Anglaise alsa Vanille des Isles - 300g","p":2.87,"u":"9,57 €/KG","img":"https://fd13-photos.leclercdrive.fr/image.ashx?id=2999826&use=l&cat=p&typeid=i","cat":284504},{"id":147253,"n":"Préparation pour dessert Alsa Caramel beurre salé - 120g","p":1.97,"u":"16,42 €/KG","img":"https://fd13-photos.leclercdrive.fr/image.ashx?id=3007996&use=l&cat=p&typeid=i","cat":284504},{"id":147254,"n":"Confiture Eco+ Fraise - 450g","p":1.17,"u":"2,60 €/KG","img":"https://fd13-photos.leclercdrive.fr/image.ashx?id=2721346&use=l&cat=p&typeid=i","cat":284480},{"id":147255,"n":"Confiture Eco+ Abricot - 450g","p":1.39,"u":"3,09 €/KG","img":"https://fd13-photos.leclercdrive.fr/image.ashx?id=2721349&use=l&cat=p&typeid=i","cat":284480},{"id":147256,"n":"Confiture Eco+ Framboise - 450g","p":2.37,"u":"5,27 €/KG","img":"https://fd13-photos.leclercdrive.fr/image.ashx?id=2486778&use=l&cat=p&typeid=i","cat":284480},{"id":147262,"n":"Edulcorant Purevia Spécial Pâtisserie - 380g","p":4.4,"u":"11,58 €/KG","img":"https://fd13-photos.leclercdrive.fr/image.ashx?id=2417306&use=l&cat=p&typeid=i","cat":324846},{"id":147296,"n":"Gourde Bio Village - 6 mois Bio - 6x90g","p":4.39,"u":"8,13 €/KG","img":"https://fd13-photos.leclercdrive.fr/image.ashx?id=2704879&use=l&cat=p&typeid=i","cat":312393},{"id":147359,"n":"Boisson tablette d'Or Instantanée cacao 800g","p":3.99,"u":"4,99 €/KG","img":"https://fd13-photos.leclercdrive.fr/image.ashx?id=2047904&use=l&cat=p&typeid=i","cat":293235},{"id":147421,"n":"Saucisse de Morteau à cuire L'Atelier Charcuterie - 350g","p":5.89,"u":"16,83 €/KG","img":"https://fd13-photos.leclercdrive.fr/image.ashx?id=2992660&use=l&cat=p&typeid=i","cat":316012},{"id":147427,"n":"Yaourt à la grecque Yaos Caramel au beurre salé - 4x125g","p":2.65,"u":"5,30 €/KG","img":"https://fd13-photos.leclercdrive.fr/image.ashx?id=2614939&use=l&cat=p&typeid=i","cat":314999},{"id":147431,"n":"Yaourt à la grecque YAOS Nature lit de framboises 4x125g","p":3.04,"u":"6,08 €/KG","img":"https://fd13-photos.leclercdrive.fr/image.ashx?id=2654575&use=l&cat=p&typeid=i","cat":314999},{"id":147438,"n":"Tablette chocolat Milka Chocolat au lait - 5x100g","p":7.31,"u":"14,62 €/KG","img":"https://fd13-photos.leclercdrive.fr/image.ashx?id=2955203&use=l&cat=p&typeid=i","cat":284497},{"id":147439,"n":"Tablette chocolat Mmmax Milka Chocolat - 300g","p":4.4,"u":"14,67 €/KG","img":"https://fd13-photos.leclercdrive.fr/image.ashx?id=2938364&use=l&cat=p&typeid=i","cat":284497},{"id":147440,"n":"Tropifun Haribo Sachet bonbons - 220g","p":1.9,"u":"8,64 €/KG","img":"https://fd13-photos.leclercdrive.fr/image.ashx?id=2340837&use=l&cat=p&typeid=i","cat":304250},{"id":147443,"n":"Stick torsades Tous mes amis x4 - 70g","p":0.72,"u":"10,29 €/KG","img":"https://fd13-photos.leclercdrive.fr/image.ashx?id=2361733&use=l&cat=p&typeid=i","cat":294527},{"id":147449,"n":"Granola Grainea Chocolat noir amandes - 350g","p":2.73,"u":"7,80 €/KG","img":"https://fd13-photos.leclercdrive.fr/image.ashx?id=2611949&use=l&cat=p&typeid=i","cat":309512},{"id":147454,"n":"Granola Grainea 350g","p":2.69,"u":"7,69 €/KG","img":"https://fd13-photos.leclercdrive.fr/image.ashx?id=2568340&use=l&cat=p&typeid=i","cat":309512},{"id":147455,"n":"Capsules café Plantation Décaféiné n°5 - x30 - 156g","p":5.19,"u":"33,27 €/KG","img":"https://fd13-photos.leclercdrive.fr/image.ashx?id=2418149&use=l&cat=p&typeid=i","cat":284749},{"id":147456,"n":"Capsules café Plantation Ristretto n°12 - x30 - 156g","p":5.19,"u":"33,27 €/KG","img":"https://fd13-photos.leclercdrive.fr/image.ashx?id=2418146&use=l&cat=p&typeid=i","cat":284749},{"id":147464,"n":"Infusion bien-être Jardin Bio Bio x20 - 28g","p":2.89,"u":"103,21 €/KG","img":"https://fd13-photos.leclercdrive.fr/image.ashx?id=2792606&use=l&cat=p&typeid=i","cat":293234},{"id":147465,"n":"Infusion Jardin Bio Bio calme & Sérénité x20 - 30g","p":3.12,"u":"104,00 €/KG","img":"https://fd13-photos.leclercdrive.fr/image.ashx?id=2792618&use=l&cat=p&typeid=i","cat":293234},{"id":147468,"n":"Jus de citron Jardin Bio Bio - 25cl","p":2.28,"u":"9,12 €/L","img":"https://fd13-photos.leclercdrive.fr/image.ashx?id=3015317&use=l&cat=p&typeid=i","cat":288383},{"id":147472,"n":"Eponge maxi 1 pièce","p":3.95,"img":"https://fd13-photos.leclercdrive.fr/image.ashx?id=2068381&use=l&cat=p&typeid=i","cat":298252},{"id":147474,"n":"Coupe ongles Primoplast 1 pièce","p":2.0,"img":"https://fd13-photos.leclercdrive.fr/image.ashx?id=2833008&use=l&cat=p&typeid=i","cat":325354},{"id":147477,"n":"Coloration végétale bio Bionaïa Blond clair - 92g","p":7.55,"u":"82,07 €/KG","img":"https://fd13-photos.leclercdrive.fr/image.ashx?id=2048458&use=l&cat=p&typeid=i","cat":288899},{"id":147517,"n":"Merlu & riz D'Aucy Sauce beurre blanc - 300g","p":3.09,"u":"10,30 €/KG","img":"https://fd13-photos.leclercdrive.fr/image.ashx?id=2103184&use=l&cat=p&typeid=i","cat":284953},{"id":147519,"n":"Moulin poivre Ducros 35g","p":2.1,"u":"60,00 €/KG","img":"https://fd13-photos.leclercdrive.fr/image.ashx?id=2498678&use=l&cat=p&typeid=i","cat":284457},{"id":147523,"n":"Gel douche Bionaïa Framboise orange bio - 250ml","p":1.44,"u":"5,76 €/L","img":"https://fd13-photos.leclercdrive.fr/image.ashx?id=2048977&use=l&cat=p&typeid=i","cat":284594},{"id":147524,"n":"Gel douche Bionaïa Miel fleur d'oranger bio -250ml","p":1.44,"u":"5,76 €/L","img":"https://fd13-photos.leclercdrive.fr/image.ashx?id=2512487&use=l&cat=p&typeid=i","cat":284594},{"id":147525,"n":"Huile bio Bio naïa Jojoba - 50ml","p":4.57,"u":"91,40 €/L","img":"https://fd13-photos.leclercdrive.fr/image.ashx?id=2048983&use=l&cat=p&typeid=i","cat":325349},{"id":147526,"n":"Huile bio Bio naïa Argan - 50ml","p":4.75,"u":"95,00 €/L","img":"https://fd13-photos.leclercdrive.fr/image.ashx?id=2436714&use=l&cat=p&typeid=i","cat":325349},{"id":147527,"n":"Huile bio Bio naïa Ricin - 50ml","p":3.99,"u":"79,80 €/L","img":"https://fd13-photos.leclercdrive.fr/image.ashx?id=2048989&use=l&cat=p&typeid=i","cat":325349},{"id":147528,"n":"Huile bio Bio naïa Amande douce - 50ml","p":3.79,"u":"75,80 €/L","img":"https://fd13-photos.leclercdrive.fr/image.ashx?id=2436720&use=l&cat=p&typeid=i","cat":325349},{"id":147529,"n":"Blocs WC Eco + Parfum pin - 3x40g","p":1.17,"u":"9,75 €/KG","img":"https://fd13-photos.leclercdrive.fr/image.ashx?id=2849560&use=l&cat=p&typeid=i","cat":284662},{"id":147531,"n":"Bain moussant Eco + Pêche - 750ml","p":0.55,"u":"0,73 €/L","img":"https://fd13-photos.leclercdrive.fr/image.ashx?id=2779175&use=l&cat=p&typeid=i","cat":284594},{"id":147532,"n":"Crème à récurer Eco + Parfum citron - 750ml","p":0.61,"u":"0,81 €/L","img":"https://fd13-photos.leclercdrive.fr/image.ashx?id=2840731&use=l&cat=p&typeid=i","cat":325357},{"id":147533,"n":"Dentifrice arôme menthe Eco + 125ml","p":0.82,"u":"6,56 €/L","img":"https://fd13-photos.leclercdrive.fr/image.ashx?id=2489083&use=l&cat=p&typeid=i","cat":284612},{"id":147536,"n":"Liquide vaisselle Eco + Concentré citron - 500ml","p":0.42,"u":"0,84 €/L","img":"https://fd13-photos.leclercdrive.fr/image.ashx?id=2048947&use=l&cat=p&typeid=i","cat":284655},{"id":147537,"n":"Nettoyant ménager Eco + Citron - 2L","p":1.15,"u":"0,58 €/L","img":"https://fd13-photos.leclercdrive.fr/image.ashx?id=2661930&use=l&cat=p&typeid=i","cat":284907},{"id":147539,"n":"Capsules café Plantation Café au lait - x16 - 152g","p":3.29,"u":"21,64 €/KG","img":"https://fd13-photos.leclercdrive.fr/image.ashx?id=2649750&use=l&cat=p&typeid=i","cat":293239},{"id":147543,"n":"Gel WC détartrant Eco + Citron - 750ml","p":0.58,"u":"0,77 €/L","img":"https://fd13-photos.leclercdrive.fr/image.ashx?id=2836304&use=l&cat=p&typeid=i","cat":284662},{"id":147544,"n":"Pastilles lave-vaisselle Eco + x50 - 750g","p":2.59,"u":"3,45 €/KG","img":"https://fd13-photos.leclercdrive.fr/image.ashx?id=2865032&use=l&cat=p&typeid=i","cat":284656},{"id":147545,"n":"Pastilles anti-calcaire Eco + x20","p":1.25,"u":"0,06 €/P","img":"https://fd13-photos.leclercdrive.fr/image.ashx?id=2603853&use=l&cat=p&typeid=i","cat":284653},{"id":147546,"n":"Poudre détachante Eco + 1,2kg","p":3.29,"u":"2,74 €/KG","img":"https://fd13-photos.leclercdrive.fr/image.ashx?id=2596769&use=l&cat=p&typeid=i","cat":284651},{"id":147548,"n":"Gel désodorisant Eco + Parfum lavande - 1 pièce","p":0.53,"img":"https://fd13-photos.leclercdrive.fr/image.ashx?id=2951110&use=l&cat=p&typeid=i","cat":311628},{"id":147549,"n":"Désodorisant mèche Eco + Parfum marine - 375ml","p":1.27,"u":"3,39 €/L","img":"https://fd13-photos.leclercdrive.fr/image.ashx?id=2347507&use=l&cat=p&typeid=i","cat":311628},{"id":147550,"n":"Nettoyant vitres Eco + 1L","p":0.76,"u":"0,76 €/L","img":"https://fd13-photos.leclercdrive.fr/image.ashx?id=2834993&use=l&cat=p&typeid=i","cat":325363},{"id":147622,"n":"Culottes Lotus Baby Douceur Naturelle Taille 5 - x30","p":14.45,"u":"0,48 €/P","img":"https://fd13-photos.leclercdrive.fr/image.ashx?id=3011866&use=l&cat=p&typeid=i","cat":290633},{"id":147623,"n":"Culottes Lotus Baby Douceur Naturelle Taille 4 - x32","p":15.3,"img":"https://fd13-photos.leclercdrive.fr/image.ashx?id=3011869&use=l&cat=p&typeid=i","cat":290633},{"id":147625,"n":"Couches Lotus Baby  Douceur Naturelle T3 - x43","p":15.34,"u":"0,36 €/P","img":"https://fd13-photos.leclercdrive.fr/image.ashx?id=3011875&use=l&cat=p&typeid=i","cat":284737},{"id":147626,"n":"Couches Lotus Baby Douceur Naturelle Taille 4 - x37","p":13.78,"u":"0,37 €/P","img":"https://fd13-photos.leclercdrive.fr/image.ashx?id=2914768&use=l&cat=p&typeid=i","cat":284737},{"id":147627,"n":"Couches Lotus Baby Douceur Naturelle Taille 4+ - x35","p":14.4,"u":"0,41 €/P","img":"https://fd13-photos.leclercdrive.fr/image.ashx?id=2912617&use=l&cat=p&typeid=i","cat":284737},{"id":147677,"n":"Sauce béarnaise Rustica 240g","p":1.29,"u":"5,38 €/KG","img":"https://fd13-photos.leclercdrive.fr/image.ashx?id=2954382&use=l&cat=p&typeid=i","cat":318431},{"id":147678,"n":"Rillettes de saumon Ronde des Mers - 125g","p":1.58,"u":"12,64 €/KG","img":"https://fd13-photos.leclercdrive.fr/image.ashx?id=2436708&use=l&cat=p&typeid=i","cat":305147},{"id":147692,"n":"Fond pour rôtis Maggi 110g","p":2.7,"u":"24,55 €/KG","img":"https://fd13-photos.leclercdrive.fr/image.ashx?id=2917543&use=l&cat=p&typeid=i","cat":288379},{"id":147942,"n":"Eau micellaire Inell Biphase - 500ml","p":3.85,"u":"7,70 €/L","img":"https://fd13-photos.leclercdrive.fr/image.ashx?id=2051768&use=l&cat=p&typeid=i","cat":284603},{"id":147980,"n":"Whisky The Dubliner Irish Whiskey Bourbon Cask 70cl","p":23.5,"u":"33,57 €/L","img":"https://fd13-photos.leclercdrive.fr/image.ashx?id=3009041&use=l&cat=p&typeid=i","cat":284547},{"id":147982,"n":"Bière Cornet Oaked Coffret 4x33 cl + 1 verre","p":10.36,"pp":7.25,"u":"5,49 €/L","img":"https://fd13-photos.leclercdrive.fr/image.ashx?id=2429506&use=l&cat=p&typeid=i","cat":334872},{"id":147989,"n":"Bière brune Coreff 6x25cl","p":7.27,"u":"7,27 €/L","img":"https://fd13-photos.leclercdrive.fr/image.ashx?id=2068582&use=l&cat=p&typeid=i","cat":334852},{"id":147995,"n":"Soupe en bouteille Knorr  Carottes jaunes - 45cl","p":2.54,"u":"5,64 €/L","img":"https://fd13-photos.leclercdrive.fr/image.ashx?id=2323934&use=l&cat=p&typeid=i","cat":284462},{"id":147996,"n":"Bière blonde Coreff 75cl","p":3.9,"u":"5,20 €/L","img":"https://fd13-photos.leclercdrive.fr/image.ashx?id=2054169&use=l&cat=p&typeid=i","cat":334873},{"id":148008,"n":"Genoise P'tit Déli Poire - 150g","p":1.15,"u":"7,67 €/KG","img":"https://fd13-photos.leclercdrive.fr/image.ashx?id=2482508&use=l&cat=p&typeid=i","cat":284489},{"id":148023,"n":"Pois cassés Bio Village Bio 500g","p":1.99,"u":"3,98 €/KG","img":"https://fd13-photos.leclercdrive.fr/image.ashx?id=3002701&use=l&cat=p&typeid=i","cat":284430},{"id":148035,"n":"Oignons Florelli au vinaigre balsamique - 290g","p":2.9,"u":"10,00 €/KG","img":"https://fd13-photos.leclercdrive.fr/image.ashx?id=2690006&use=l&cat=p&typeid=i","cat":284458},{"id":148070,"n":"Thermomètre Primoplast Electronique - 1 pièce","p":3.94,"img":"https://fd13-photos.leclercdrive.fr/image.ashx?id=2856597&use=l&cat=p&typeid=i","cat":284630},{"id":148080,"n":"Shampooing Carré Homme Anti pelliculaire - 250ml","p":1.81,"u":"7,24 €/L","img":"https://fd13-photos.leclercdrive.fr/image.ashx?id=2052598&use=l&cat=p&typeid=i","cat":284621},{"id":148103,"n":"Soin hydratant bio So Bio Etic Hydra Aloe Vera - 50ml","p":11.51,"u":"230,20 €/L","img":"https://fd13-photos.leclercdrive.fr/image.ashx?id=2640572&use=l&cat=p&typeid=i","cat":325345},{"id":148112,"n":"Démaquillant yeux waterproof Le petit olivier - 125ml","p":3.77,"u":"30,16 €/L","img":"https://fd13-photos.leclercdrive.fr/image.ashx?id=2865848&use=l&cat=p&typeid=i","cat":284603},{"id":148116,"n":"Déodorant bille Nivea Men Anti-odeurs 0% alcool - 50ml","p":3.19,"u":"63,80 €/L","img":"https://fd13-photos.leclercdrive.fr/image.ashx?id=2225513&use=l&cat=p&typeid=i","cat":284618},{"id":148124,"n":"Datte ravier Favorite Deglet nour - 500g","p":2.16,"u":"4,32 €/KG","img":"https://fd13-photos.leclercdrive.fr/image.ashx?id=2730610&use=l&cat=p&typeid=i","cat":284357},{"id":148240,"n":"Café dosettes Tassimo L'Or Café Long Doux x16","p":4.8,"u":"53,93 €/KG","img":"https://fd13-photos.leclercdrive.fr/image.ashx?id=2100386&use=l&cat=p&typeid=i","cat":293240},{"id":148250,"n":"Ratatouille  Notre Jardin Provencale - 530g","p":2.75,"u":"5,19 €/KG","img":"https://fd13-photos.leclercdrive.fr/image.ashx?id=2526312&use=l&cat=p&typeid=i","cat":312612},{"id":148291,"n":"Bière Aromatisée Grimbergen Rouge 5,5° - 6x25cl","p":5.28,"u":"3,52 €/L","img":"https://fd13-photos.leclercdrive.fr/image.ashx?id=2873327&use=l&cat=p&typeid=i","cat":334878},{"id":148328,"n":"Bonbons eucalyptus Croibleu 250g","p":2.07,"u":"8,28 €/KG","img":"https://fd13-photos.leclercdrive.fr/image.ashx?id=2066584&use=l&cat=p&typeid=i","cat":304252},{"id":148339,"n":"Embouts jetables Prorhinel Souples - x10","p":5.79,"img":"https://fd13-photos.leclercdrive.fr/image.ashx?id=2148182&use=l&cat=p&typeid=i","cat":284630},{"id":148341,"n":"Spray hygiène du nez Prorhinel à l'aloe vera - enfant - 100ml","p":5.79,"u":"57,90 €/L","img":"https://fd13-photos.leclercdrive.fr/image.ashx?id=2917858&use=l&cat=p&typeid=i","cat":284630},{"id":148355,"n":"Déodorant Monsavon lait Fleur de coton - 200ml","p":1.92,"u":"9,60 €/L","img":"https://fd13-photos.leclercdrive.fr/image.ashx?id=2644930&use=l&cat=p&typeid=i","cat":284595},{"id":148357,"n":"Hochet Maracas Tigex 1 pièce","p":6.8,"img":"https://fd13-photos.leclercdrive.fr/image.ashx?id=2114518&use=l&cat=p&typeid=i","cat":289435},{"id":148406,"n":"Gel intime Intimy Classic - 150ml","p":7.02,"u":"46,80 €/L","img":"https://fd13-photos.leclercdrive.fr/image.ashx?id=2537980&use=l&cat=p&typeid=i","cat":285160},{"id":148430,"n":"Les Arrangés du Rhum Breiz'Ile Gingembre Menthe - 70cl","p":22.91,"u":"32,73 €/L","img":"https://fd13-photos.leclercdrive.fr/image.ashx?id=2065490&use=l&cat=p&typeid=i","cat":284551},{"id":148471,"n":"Pizza Crust Sodebo Farmer  Poulet Sauce Barbecue - 600g","p":5.7,"u":"9,50 €/KG","img":"https://fd13-photos.leclercdrive.fr/image.ashx?id=2912101&use=l&cat=p&typeid=i","cat":333679},{"id":148484,"n":"Lames Hydro 5 Wilkinson Skin protect - x4","p":14.01,"u":"3,50 €/P","img":"https://fd13-photos.leclercdrive.fr/image.ashx?id=2924644&use=l&cat=p&typeid=i","cat":284616},{"id":148485,"n":"Lames Hydro 5 Wilkinson Skin protect Sensitive - x4","p":13.0,"u":"3,25 €/P","img":"https://fd13-photos.leclercdrive.fr/image.ashx?id=2736343&use=l&cat=p&typeid=i","cat":284616},{"id":148509,"n":"Café Liégeois Vanille Saporit x2 - 180g","p":4.95,"u":"27,50 €/KG","img":"https://fd13-photos.leclercdrive.fr/image.ashx?id=2296670&use=l&cat=p&typeid=i","cat":284266},{"id":148534,"n":"Crème colorante Eugène Color et Eclat n°4 châtain acajou - x1","p":3.89,"img":"https://fd13-photos.leclercdrive.fr/image.ashx?id=2476452&use=l&cat=p&typeid=i","cat":288899},{"id":148743,"n":"Galette moelleuse Saint Michel Chocolat au lait - 180g","p":1.74,"u":"9,67 €/KG","img":"https://fd13-photos.leclercdrive.fr/image.ashx?id=2936248&use=l&cat=p&typeid=i","cat":284495},{"id":148744,"n":"Galette moelleuse Saint Michel Chocolat blanc - 180g","p":2.07,"u":"11,50 €/KG","img":"https://fd13-photos.leclercdrive.fr/image.ashx?id=2949976&use=l&cat=p&typeid=i","cat":284487},{"id":148747,"n":"Shampooing Carré Homme Fortifiant - 250ml","p":1.72,"u":"6,88 €/L","img":"https://fd13-photos.leclercdrive.fr/image.ashx?id=2059050&use=l&cat=p&typeid=i","cat":284621},{"id":148748,"n":"Démaquillant yeux Bionaïa Biphase Water bio - 150ml","p":2.6,"u":"17,33 €/L","img":"https://fd13-photos.leclercdrive.fr/image.ashx?id=2059053&use=l&cat=p&typeid=i","cat":284603},{"id":148749,"n":"Coloration Eugène Color & Eclat n°78 Marron Praliné - 1 pièce","p":3.95,"img":"https://fd13-photos.leclercdrive.fr/image.ashx?id=2476449&use=l&cat=p&typeid=i","cat":288899},{"id":148762,"n":"Bonbon Confiseo Sève de pin - 250g","p":1.99,"u":"7,96 €/KG","img":"https://fd13-photos.leclercdrive.fr/image.ashx?id=2934757&use=l&cat=p&typeid=i","cat":304252},{"id":148771,"n":"Préservatifs Intimy Fins lubrifiés - x28","p":10.68,"u":"0,38 €/P","img":"https://fd13-photos.leclercdrive.fr/image.ashx?id=2926332&use=l&cat=p&typeid=i","cat":284631},{"id":148779,"n":"Pince à ongles Mercurochrome 1 pièce","p":6.67,"img":"https://fd13-photos.leclercdrive.fr/image.ashx?id=2788496&use=l&cat=p&typeid=i","cat":325354},{"id":148781,"n":"Râpe & Lime Mercurochrome 1 pièce","p":5.99,"img":"https://fd13-photos.leclercdrive.fr/image.ashx?id=2673163&use=l&cat=p&typeid=i","cat":325354},{"id":148800,"n":"Apéritif à base de vin Martini Fiero 14,4° - 1L","p":8.3,"u":"8,30 €/L","img":"https://fd13-photos.leclercdrive.fr/image.ashx?id=2842945&use=l&cat=p&typeid=i","cat":284913},{"id":148960,"n":"Portion d'emmental Entremont Français Bio - 180g","p":2.99,"u":"16,61 €/KG","img":"https://fd13-photos.leclercdrive.fr/image.ashx?id=2676651&use=l&cat=p&typeid=i","cat":314034},{"id":148966,"n":"Boisson coco Bio Bjorg Sans sucre ajouté - 1L","p":2.18,"u":"2,18 €/L","img":"https://fd13-photos.leclercdrive.fr/image.ashx?id=2972991&use=l&cat=p&typeid=i","cat":316067},{"id":148989,"n":"Cônes chocolat Eco+ Pistache - x8 - 520g","p":2.39,"u":"4,60 €/KG","img":"https://fd13-photos.leclercdrive.fr/image.ashx?id=2163859&use=l&cat=p&typeid=i","cat":284264},{"id":148998,"n":"Papier cuisson Elembal Feuilles - x30","p":0.99,"u":"0,03 €/P","img":"https://fd13-photos.leclercdrive.fr/image.ashx?id=2059971&use=l&cat=p&typeid=i","cat":334134},{"id":149036,"n":"Merguez véritables L'Atelier Boucherie x8 - 520g","p":7.99,"u":"15,37 €/KG","img":"https://fd13-photos.leclercdrive.fr/image.ashx?id=3007413&use=l&cat=p&typeid=i","cat":284334},{"id":149039,"n":"Chipolatas  L'Atelier Boucherie  X8 - 520g","p":6.83,"u":"13,13 €/KG","img":"https://fd13-photos.leclercdrive.fr/image.ashx?id=2831290&use=l&cat=p&typeid=i","cat":284334},{"id":149040,"n":"Bière IPA Coreff 75cl","p":3.9,"u":"5,20 €/L","img":"https://fd13-photos.leclercdrive.fr/image.ashx?id=2063872&use=l&cat=p&typeid=i","cat":334872},{"id":149068,"n":"Dessert végétal soja Alpro Nature sans sucres - 500g","p":1.79,"u":"3,58 €/KG","img":"https://fd13-photos.leclercdrive.fr/image.ashx?id=2976077&use=l&cat=p&typeid=i","cat":316071},{"id":149236,"n":"Brandade à la morue  Maison Briau Gratinée - 550g","p":5.95,"u":"10,82 €/KG","img":"https://fd13-photos.leclercdrive.fr/image.ashx?id=2850013&use=l&cat=p&typeid=i","cat":285340},{"id":149326,"n":"Tissus microfibre multi usage x1","p":2.95,"img":"https://fd13-photos.leclercdrive.fr/image.ashx?id=2068348&use=l&cat=p&typeid=i","cat":298252},{"id":149327,"n":"Microfibres pour vitre x1","p":3.95,"img":"https://fd13-photos.leclercdrive.fr/image.ashx?id=2068351&use=l&cat=p&typeid=i","cat":298252},{"id":149329,"n":"Chiffon anti buée x1","p":1.85,"img":"https://fd13-photos.leclercdrive.fr/image.ashx?id=2068357&use=l&cat=p&typeid=i","cat":298252},{"id":149366,"n":"Bière ambrée Coreff 75cl","p":3.9,"u":"5,20 €/L","img":"https://fd13-photos.leclercdrive.fr/image.ashx?id=2432544&use=l&cat=p&typeid=i","cat":334852},{"id":149379,"n":"Sauce tomates et piments Mutti - 400g","p":2.31,"u":"5,78 €/KG","img":"https://fd13-photos.leclercdrive.fr/image.ashx?id=2855442&use=l&cat=p&typeid=i","cat":288384},{"id":149380,"n":"Sauce tomates et olives Mutti - 400g","p":2.19,"u":"5,48 €/KG","img":"https://fd13-photos.leclercdrive.fr/image.ashx?id=2855436&use=l&cat=p&typeid=i","cat":288384},{"id":149390,"n":"Croc'Odor Frigo XL  140g","p":2.93,"u":"20,93 €/KG","img":"https://fd13-photos.leclercdrive.fr/image.ashx?id=2952646&use=l&cat=p&typeid=i","cat":311628},{"id":149428,"n":"Boisson à base de vin rosé  Pamplemousse - 7.5% vol - 75cl","p":2.69,"u":"3,59 €/L","img":"https://fd13-photos.leclercdrive.fr/image.ashx?id=2958525&use=l&cat=p&typeid=i","cat":304569},{"id":149465,"n":"Brosse à Dents Signal Soin Gencives Souple x4","p":2.23,"u":"0,56 €/P","img":"https://fd13-photos.leclercdrive.fr/image.ashx?id=2964234&use=l&cat=p&typeid=i","cat":284614},{"id":149782,"n":"Soin léger nuit So Bio Etic Anti-âge bio - 50ml","p":9.36,"u":"187,20 €/L","img":"https://fd13-photos.leclercdrive.fr/image.ashx?id=2792699&use=l&cat=p&typeid=i","cat":325345},{"id":149806,"n":"Masque Dream Long Elsève Reconstructeur - 2x310ml","p":12.32,"u":"19,87 €/L","img":"https://fd13-photos.leclercdrive.fr/image.ashx?id=2396162&use=l&cat=p&typeid=i","cat":284608},{"id":149817,"n":"Rouleau Râpe Velvet Smooth Ultra Exfoliant Pieds - x2","p":14.99,"u":"7,50 €/P","img":"https://fd13-photos.leclercdrive.fr/image.ashx?id=2628404&use=l&cat=p&typeid=i","cat":325354},{"id":149853,"n":"Miettes généreuses de thon huile d'olive Le Savoureux 160g","p":3.25,"u":"20,31 €/KG","img":"https://fd13-photos.leclercdrive.fr/image.ashx?id=2167985&use=l&cat=p&typeid=i","cat":303867},{"id":149920,"n":"Mini gougères Tipiak Coeur fondant - x10 - 110g","p":3.16,"u":"28,73 €/KG","img":"https://fd13-photos.leclercdrive.fr/image.ashx?id=2672185&use=l&cat=p&typeid=i","cat":319774},{"id":149958,"n":"Brosse à Dents Signal Soin Classique Souple x1","p":1.43,"img":"https://fd13-photos.leclercdrive.fr/image.ashx?id=2950894&use=l&cat=p&typeid=i","cat":284614},{"id":149959,"n":"Eponge végétale Spontex Gros travaux - 1 pièce","p":2.63,"img":"https://fd13-photos.leclercdrive.fr/image.ashx?id=2648088&use=l&cat=p&typeid=i","cat":284667},{"id":149988,"n":"Lingettes intimes Bocoton Bio x20","p":1.91,"u":"0,10 €/P","img":"https://fd13-photos.leclercdrive.fr/image.ashx?id=2063545&use=l&cat=p&typeid=i","cat":284627},{"id":150042,"n":"Happy boulettes Charal x18 - 270g","p":4.9,"u":"18,15 €/KG","img":"https://fd13-photos.leclercdrive.fr/image.ashx?id=2064534&use=l&cat=p&typeid=i","cat":284332},{"id":150053,"n":"Gnocchi à poeler Bio Village Bio - 300g","p":1.84,"u":"6,13 €/KG","img":"https://fd13-photos.leclercdrive.fr/image.ashx?id=2607969&use=l&cat=p&typeid=i","cat":333682},{"id":150216,"n":"Canelloni Ricotta & Epinards Tomates - Weight Watcher - 290g","p":3.87,"u":"13,34 €/KG","img":"https://fd13-photos.leclercdrive.fr/image.ashx?id=2610864&use=l&cat=p&typeid=i","cat":333665},{"id":150223,"n":"Acras de crevettes Maison Briau 200g","p":2.88,"u":"14,40 €/KG","img":"https://fd13-photos.leclercdrive.fr/image.ashx?id=2850010&use=l&cat=p&typeid=i","cat":285094},{"id":150229,"n":"Céleri Pierre Martinet rémoulade moutarde - 300g","p":1.76,"u":"5,87 €/KG","img":"https://fd13-photos.leclercdrive.fr/image.ashx?id=2733082&use=l&cat=p&typeid=i","cat":333657},{"id":150235,"n":"Sachet pieces de monnaie Rohan Vert - 100g","p":1.85,"u":"18,50 €/KG","img":"https://fd13-photos.leclercdrive.fr/image.ashx?id=2068438&use=l&cat=p&typeid=i","cat":284958},{"id":150236,"n":"Sachet pieces de monnaie Rohan Bleu - 100g","p":1.85,"u":"18,50 €/KG","img":"https://fd13-photos.leclercdrive.fr/image.ashx?id=2068441&use=l&cat=p&typeid=i","cat":284958},{"id":150237,"n":"Sachet pieces de monnaie Rohan Rouge - 100g","p":1.85,"u":"18,50 €/KG","img":"https://fd13-photos.leclercdrive.fr/image.ashx?id=2068444&use=l&cat=p&typeid=i","cat":284958},{"id":150238,"n":"Escalope Cordon Bleu Père Dodu  Double Cheese x2 - 200g","p":2.62,"u":"13,10 €/KG","img":"https://fd13-photos.leclercdrive.fr/image.ashx?id=2957185&use=l&cat=p&typeid=i","cat":333683},{"id":150247,"n":"Végétal Emincés Garden Gourmet Nature Soja 160g","p":3.15,"u":"19,69 €/KG","img":"https://fd13-photos.leclercdrive.fr/image.ashx?id=2971395&use=l&cat=p&typeid=i","cat":316036},{"id":150255,"n":"Torti au surimi Pierre Martinet - 300g","p":1.99,"u":"6,63 €/KG","img":"https://fd13-photos.leclercdrive.fr/image.ashx?id=2613441&use=l&cat=p&typeid=i","cat":333657},{"id":150307,"n":"Liquide refroidissement TECH9 -25°C - 5L","p":9.99,"u":"2,00 €/L","img":"https://fd13-photos.leclercdrive.fr/image.ashx?id=2162711&use=l&cat=p&typeid=i","cat":298253},{"id":150444,"n":"Douceur nature Bio Vrai Au lait de brebis - 2x125g","p":1.64,"u":"6,56 €/KG","img":"https://fd13-photos.leclercdrive.fr/image.ashx?id=2786450&use=l&cat=p&typeid=i","cat":314998},{"id":150445,"n":"Rasoir Wilkinson  Hydro 5","p":8.41,"img":"https://fd13-photos.leclercdrive.fr/image.ashx?id=2918973&use=l&cat=p&typeid=i","cat":284616},{"id":150485,"n":"Chocolat Pâtissier Lindt Noir - 70% cacao - 200g","p":2.95,"u":"14,75 €/KG","img":"https://fd13-photos.leclercdrive.fr/image.ashx?id=2730223&use=l&cat=p&typeid=i","cat":285562},{"id":150488,"n":"Tartine pain campagne Pasquier - 180g","p":1.55,"u":"8,61 €/KG","img":"https://fd13-photos.leclercdrive.fr/image.ashx?id=2967028&use=l&cat=p&typeid=i","cat":285543},{"id":150590,"n":"Levure de bière Juvamine Beauté vitalité - x50 - 30g","p":5.81,"u":"193,67 €/KG","img":"https://fd13-photos.leclercdrive.fr/image.ashx?id=2773379&use=l&cat=p&typeid=i","cat":313217},{"id":150704,"n":"Whisky Bowmore 9 ans 70cl","p":30.21,"u":"43,16 €/L","img":"https://fd13-photos.leclercdrive.fr/image.ashx?id=2068618&use=l&cat=p&typeid=i","cat":284547},{"id":150711,"n":"Chips de sarrasin Bret's Au sel de Guérande - 120g","p":3.82,"u":"31,83 €/KG","img":"https://fd13-photos.leclercdrive.fr/image.ashx?id=2068591&use=l&cat=p&typeid=i","cat":284447},{"id":150763,"n":"Imperméabilisant protecteur Cuir Daim Nubuck 250ml","p":2.68,"u":"10,72 €/L","img":"https://fd13-photos.leclercdrive.fr/image.ashx?id=2683568&use=l&cat=p&typeid=i","cat":285201},{"id":150764,"n":"Désinfectant chaussures 100ml","p":2.11,"u":"21,10 €/L","img":"https://fd13-photos.leclercdrive.fr/image.ashx?id=2460667&use=l&cat=p&typeid=i","cat":285201},{"id":150788,"n":"HERTA Tendre Croc Jambon Fromage sans nitrite 200g x2","p":1.85,"u":"9,25 €/KG","img":"https://fd13-photos.leclercdrive.fr/image.ashx?id=2752885&use=l&cat=p&typeid=i","cat":333671},{"id":150789,"n":"Détartrant multi-usages Melitta 375ml","p":3.91,"u":"10,43 €/L","img":"https://fd13-photos.leclercdrive.fr/image.ashx?id=2871070&use=l&cat=p&typeid=i","cat":325362},{"id":150793,"n":"HERTA Tendre Croc Jambon Fromage sans nitrite 400g x4","p":2.73,"u":"6,83 €/KG","img":"https://fd13-photos.leclercdrive.fr/image.ashx?id=2070144&use=l&cat=p&typeid=i","cat":333671},{"id":150798,"n":"HERTA Tendre Croc Comté Jambon sans nitrite 200g x2","p":2.02,"u":"10,10 €/KG","img":"https://fd13-photos.leclercdrive.fr/image.ashx?id=2070147&use=l&cat=p&typeid=i","cat":333671},{"id":150799,"n":"HERTA Tendre Croc Jambon Fromg ss croûte ss nitrite 200g","p":2.06,"u":"10,30 €/KG","img":"https://fd13-photos.leclercdrive.fr/image.ashx?id=2070153&use=l&cat=p&typeid=i","cat":333671},{"id":150804,"n":"Shampoing hydratant Fructis Hair food Aloe Vera - 350ml","p":3.92,"u":"11,20 €/L","img":"https://fd13-photos.leclercdrive.fr/image.ashx?id=2830594&use=l&cat=p&typeid=i","cat":284606},{"id":150836,"n":"Crêpes dentelle Gavottes Nature - Le coffret de 200g","p":5.99,"u":"29,95 €/KG","img":"https://fd13-photos.leclercdrive.fr/image.ashx?id=2526423&use=l&cat=p&typeid=i","cat":284487},{"id":150848,"n":"Churros de pomme de terre 420g - Maison Tino","p":4.3,"u":"10,24 €/KG","img":"https://fd13-photos.leclercdrive.fr/image.ashx?id=2144566&use=l&cat=p&typeid=i","cat":333666},{"id":151083,"n":"IGP Ardèche rosé Cellier du Pont d'Arc - 75cl","p":3.9,"u":"5,20 €/L","img":"https://fd13-photos.leclercdrive.fr/image.ashx?id=2139115&use=l&cat=p&typeid=i","cat":289558},{"id":151130,"n":"Yaourt à boire Actimel Fraise - 6x100g","p":3.04,"u":"5,07 €/KG","img":"https://fd13-photos.leclercdrive.fr/image.ashx?id=2996482&use=l&cat=p&typeid=i","cat":284415},{"id":151160,"n":"Crème gourmande Mamie Nova Chocolat banane - 2x150g","p":1.59,"u":"5,30 €/KG","img":"https://fd13-photos.leclercdrive.fr/image.ashx?id=2909041&use=l&cat=p&typeid=i","cat":285041},{"id":151164,"n":"Paris Brest Mamie Nova 2x90g","p":2.49,"u":"13,83 €/KG","img":"https://fd13-photos.leclercdrive.fr/image.ashx?id=2921789&use=l&cat=p&typeid=i","cat":284419},{"id":151168,"n":"Mousse au chocolat Bonne Maman 4x50g","p":2.45,"u":"12,25 €/KG","img":"https://fd13-photos.leclercdrive.fr/image.ashx?id=2912323&use=l&cat=p&typeid=i","cat":284417},{"id":151169,"n":"Liégeois lait d'amande chocolat Andros - 4x90g","p":2.94,"u":"8,17 €/KG","img":"https://fd13-photos.leclercdrive.fr/image.ashx?id=2871985&use=l&cat=p&typeid=i","cat":316071},{"id":151170,"n":"Riz au lait Andros Coco vanille - 4x100g","p":3.33,"u":"8,33 €/KG","img":"https://fd13-photos.leclercdrive.fr/image.ashx?id=2872024&use=l&cat=p&typeid=i","cat":316071},{"id":151239,"n":"IGP Méditerranée  vin rosé Berne Romance - 12.5% vol- 75cl","p":6.25,"u":"8,33 €/L","img":"https://fd13-photos.leclercdrive.fr/image.ashx?id=2857539&use=l&cat=p&typeid=i","cat":289558},{"id":151439,"n":"Whisky Galleg 40% - 70cl","p":19.9,"pp":17.9,"u":"25,57 €/L","img":"https://fd13-photos.leclercdrive.fr/image.ashx?id=2146522&use=l&cat=p&typeid=i","cat":284547},{"id":151464,"n":"Fromage blanc Calin Extra Nature - 8x100g","p":2.2,"u":"2,75 €/KG","img":"https://fd13-photos.leclercdrive.fr/image.ashx?id=2973736&use=l&cat=p&typeid=i","cat":284409},{"id":151472,"n":"Fromage blanc Calin Extra Nature - 850g","p":2.33,"u":"2,74 €/KG","img":"https://fd13-photos.leclercdrive.fr/image.ashx?id=2973739&use=l&cat=p&typeid=i","cat":284409},{"id":151474,"n":"Fromage blanc Calin 0% Extra Naure - 8x100g","p":2.32,"u":"2,90 €/KG","img":"https://fd13-photos.leclercdrive.fr/image.ashx?id=2973733&use=l&cat=p&typeid=i","cat":284409},{"id":151486,"n":"Galette moelleuse Saint Michel Pépite de chocolat - 180g","p":2.06,"u":"11,44 €/KG","img":"https://fd13-photos.leclercdrive.fr/image.ashx?id=2936245&use=l&cat=p&typeid=i","cat":284495},{"id":151523,"n":"Beurre de baratte Isigny  Demi-sel - 80% MG - 250g","p":3.04,"u":"12,16 €/KG","img":"https://fd13-photos.leclercdrive.fr/image.ashx?id=2580946&use=l&cat=p&typeid=i","cat":284379},{"id":151602,"n":"Papier cuisson Albal Rouleau - 8m","p":1.95,"u":"0,24 €/MT","img":"https://fd13-photos.leclercdrive.fr/image.ashx?id=2551450&use=l&cat=p&typeid=i","cat":334134},{"id":151666,"n":"Jus de citron jaune Sicilia 1l","p":3.81,"u":"3,81 €/L","img":"https://fd13-photos.leclercdrive.fr/image.ashx?id=2088897&use=l&cat=p&typeid=i","cat":288383},{"id":151680,"n":"Macédoine de Légumes Bonduelle 3x130g","p":2.05,"u":"5,26 €/KG","img":"https://fd13-photos.leclercdrive.fr/image.ashx?id=2910022&use=l&cat=p&typeid=i","cat":312612},{"id":151758,"n":"Mousse de foie Madrange 180g","p":1.32,"u":"7,33 €/KG","img":"https://fd13-photos.leclercdrive.fr/image.ashx?id=3008212&use=l&cat=p&typeid=i","cat":316008},{"id":151771,"n":"AOC Bordeaux vin blanc Longchamps - 75cl","p":4.95,"u":"6,60 €/L","img":"https://fd13-photos.leclercdrive.fr/image.ashx?id=2088696&use=l&cat=p&typeid=i","cat":289557},{"id":151772,"n":"AOC Blaye Côtes de Bordeaux Château Petit Boyer - 3L","p":14.5,"u":"4,83 €/L","img":"https://fd13-photos.leclercdrive.fr/image.ashx?id=2652134&use=l&cat=p&typeid=i","cat":289556},{"id":151794,"n":"AOP Corbières Château Capendu La Comelle - rouge - 75cl","p":7.2,"u":"9,60 €/L","img":"https://fd13-photos.leclercdrive.fr/image.ashx?id=2735815&use=l&cat=p&typeid=i","cat":289556},{"id":151795,"n":"AOP Corbières rouge Hérésie - 75cl","p":7.5,"u":"10,00 €/L","img":"https://fd13-photos.leclercdrive.fr/image.ashx?id=2742138&use=l&cat=p&typeid=i","cat":289556},{"id":151809,"n":"AOC Vouvray La croix de Maunay - 75cl","p":5.95,"u":"7,93 €/L","img":"https://fd13-photos.leclercdrive.fr/image.ashx?id=2506173&use=l&cat=p&typeid=i","cat":284544},{"id":151814,"n":"IGP Comté Tolosan vin rosé Terreo 11.5% vol - 5L","p":14.95,"u":"2,99 €/L","img":"https://fd13-photos.leclercdrive.fr/image.ashx?id=2089029&use=l&cat=p&typeid=i","cat":289558},{"id":151815,"n":"AOP Cahors vin rouge Little Fuck - 75cl","p":7.5,"u":"10,00 €/L","img":"https://fd13-photos.leclercdrive.fr/image.ashx?id=2331640&use=l&cat=p&typeid=i","cat":289556},{"id":151853,"n":"Litière chats Cat's Best Original agglomérante - 7L","p":6.7,"u":"0,96 €/L","img":"https://fd13-photos.leclercdrive.fr/image.ashx?id=2310452&use=l&cat=p&typeid=i","cat":284683},{"id":151868,"n":"AOP Clairette de Die Monge Granon Cuv. Prestige 75cl","p":5.95,"u":"7,93 €/L","img":"https://fd13-photos.leclercdrive.fr/image.ashx?id=2089436&use=l&cat=p&typeid=i","cat":284545},{"id":151910,"n":"Kinder chocolat Moulage Poussin - 36g","p":2.09,"u":"58,06 €/KG","img":"https://fd13-photos.leclercdrive.fr/image.ashx?id=2065607&use=l&cat=p&typeid=i","cat":327592},{"id":151911,"n":"Kinder chocolat Moulage Ecureuil - 36g","p":2.09,"u":"58,06 €/KG","img":"https://fd13-photos.leclercdrive.fr/image.ashx?id=2077763&use=l&cat=p&typeid=i","cat":327592},{"id":151915,"n":"Kinder chocolat Moulage Mouton - 36g","p":2.09,"u":"58,06 €/KG","img":"https://fd13-photos.leclercdrive.fr/image.ashx?id=2077766&use=l&cat=p&typeid=i","cat":327592},{"id":151917,"n":"Kinder chocolat Moulage Coccinelle - 36g","p":2.09,"u":"58,06 €/KG","img":"https://fd13-photos.leclercdrive.fr/image.ashx?id=2077769&use=l&cat=p&typeid=i","cat":327592},{"id":151918,"n":"Kinder chocolat Moulage Grenouille - 36g","p":2.09,"u":"58,06 €/KG","img":"https://fd13-photos.leclercdrive.fr/image.ashx?id=2077772&use=l&cat=p&typeid=i","cat":327592},{"id":151936,"n":"Yaourt brassé Bio Les 2 Vaches Vanille - 4x115g","p":1.97,"u":"4,28 €/KG","img":"https://fd13-photos.leclercdrive.fr/image.ashx?id=2571542&use=l&cat=p&typeid=i","cat":284410},{"id":151959,"n":"Mascara Allongeant L'OréalParis Telescopic Carbone Noir","p":14.35,"img":"https://fd13-photos.leclercdrive.fr/image.ashx?id=2886178&use=l&cat=p&typeid=i","cat":287029},{"id":151962,"n":"Fond de Teint L'Oréal Paris Accord Parfait 1.R Ivoire Rosé","p":13.94,"u":"464,67 €/L","img":"https://fd13-photos.leclercdrive.fr/image.ashx?id=2395550&use=l&cat=p&typeid=i","cat":287029},{"id":151965,"n":"CC Crème L'Oréal Paris Anti-Rougeurs","p":12.79,"img":"https://fd13-photos.leclercdrive.fr/image.ashx?id=3014557&use=l&cat=p&typeid=i","cat":287029},{"id":151966,"n":"Eyeliner Feutre L'Oréal Paris  Waterproof 01 Noir intense","p":9.85,"pp":6.5,"img":"https://fd13-photos.leclercdrive.fr/image.ashx?id=2370380&use=l&cat=p&typeid=i","cat":287029},{"id":151968,"n":"Mascara Maybelline  Colossal Volum'express Noir","p":9.35,"img":"https://fd13-photos.leclercdrive.fr/image.ashx?id=2592180&use=l&cat=p&typeid=i","cat":287029},{"id":151969,"n":"Mascara Intense L'Oréal Paris Lash Paradise Noir Intense","p":15.04,"img":"https://fd13-photos.leclercdrive.fr/image.ashx?id=2559595&use=l&cat=p&typeid=i","cat":287029},{"id":151971,"n":"Encre à lèvres mat Maybelline Superstay Matte Ink 20 Pioneer","p":12.99,"img":"https://fd13-photos.leclercdrive.fr/image.ashx?id=2423181&use=l&cat=p&typeid=i","cat":287029},{"id":151972,"n":"Correcteur anticerne Maybelline Instant Anti-Age 00 Ivoire","p":12.35,"img":"https://fd13-photos.leclercdrive.fr/image.ashx?id=2770545&use=l&cat=p&typeid=i","cat":287029},{"id":151983,"n":"Recharge liquide vaisselle & mains Briochin Ecocert 450ml","p":2.38,"u":"5,29 €/L","img":"https://fd13-photos.leclercdrive.fr/image.ashx?id=3000743&use=l&cat=p&typeid=i","cat":284655},{"id":151986,"n":"Gel Salle de bain & WC Glade Bois de Santal & Jasmin 180g","p":2.31,"img":"https://fd13-photos.leclercdrive.fr/image.ashx?id=2453613&use=l&cat=p&typeid=i","cat":311628},{"id":152001,"n":"Gnocchi à poêler Roll Lustucru  300g","p":1.72,"u":"5,73 €/KG","img":"https://fd13-photos.leclercdrive.fr/image.ashx?id=2792408&use=l&cat=p&typeid=i","cat":333682},{"id":152023,"n":"Renovateur blanc La Vachette avec applicateur - 75ml","p":2.14,"u":"28,53 €/L","img":"https://fd13-photos.leclercdrive.fr/image.ashx?id=2075287&use=l&cat=p&typeid=i","cat":285201},{"id":152024,"n":"Cirage liquide noir La Vachette avec applicateur - 75ml","p":2.09,"u":"27,87 €/L","img":"https://fd13-photos.leclercdrive.fr/image.ashx?id=2075275&use=l&cat=p&typeid=i","cat":285201},{"id":152025,"n":"Cirage liquide La Vachette Incolore avec applicateur -75ml","p":2.09,"u":"27,87 €/L","img":"https://fd13-photos.leclercdrive.fr/image.ashx?id=2075278&use=l&cat=p&typeid=i","cat":285201},{"id":152027,"n":"Cirage crème noir La Vachette Boîte métal - 75ml","p":2.74,"u":"36,53 €/L","img":"https://fd13-photos.leclercdrive.fr/image.ashx?id=2566842&use=l&cat=p&typeid=i","cat":285201},{"id":152029,"n":"Cirage crème marron La Vachette Boîte métal - 75ml","p":2.74,"u":"36,53 €/L","img":"https://fd13-photos.leclercdrive.fr/image.ashx?id=2566845&use=l&cat=p&typeid=i","cat":285201},{"id":152030,"n":"Cirage liquide La Vachette Marron avec applicateur - 75ml","p":2.09,"u":"27,87 €/L","img":"https://fd13-photos.leclercdrive.fr/image.ashx?id=2075290&use=l&cat=p&typeid=i","cat":285201},{"id":152033,"n":"Coloration végétale bio Bionaïa Noire - 92g","p":7.55,"u":"82,07 €/KG","img":"https://fd13-photos.leclercdrive.fr/image.ashx?id=2647432&use=l&cat=p&typeid=i","cat":288899},{"id":152037,"n":"Coloration végétale bio BionaÏa Blond foncé - 92g","p":7.55,"u":"82,07 €/KG","img":"https://fd13-photos.leclercdrive.fr/image.ashx?id=2652517&use=l&cat=p&typeid=i","cat":288899},{"id":152041,"n":"Déodorant bille bio BionaÏa Eau coco/Aloe Vera - 50ml","p":1.25,"u":"25,00 €/L","img":"https://fd13-photos.leclercdrive.fr/image.ashx?id=2496964&use=l&cat=p&typeid=i","cat":284595},{"id":152042,"n":"Déodorant bille bio BionaÏa A la rose/aloe vera - 50ml","p":1.24,"u":"24,80 €/L","img":"https://fd13-photos.leclercdrive.fr/image.ashx?id=2481240&use=l&cat=p&typeid=i","cat":284595},{"id":152043,"n":"Déodorant bio BionaÏa 100ml","p":1.8,"u":"18,00 €/L","img":"https://fd13-photos.leclercdrive.fr/image.ashx?id=2075272&use=l&cat=p&typeid=i","cat":284595},{"id":152045,"n":"Savon solide Manava Citron et basilic x2 - 200g","p":1.42,"u":"7,10 €/KG","img":"https://fd13-photos.leclercdrive.fr/image.ashx?id=2358345&use=l&cat=p&typeid=i","cat":284597},{"id":152051,"n":"Détachant avant lavage Texil 400ml","p":1.85,"u":"4,63 €/L","img":"https://fd13-photos.leclercdrive.fr/image.ashx?id=2988126&use=l&cat=p&typeid=i","cat":284651},{"id":152078,"n":"Aiguillettes de poulet Kerchant 400g","p":5.45,"u":"13,63 €/KG","img":"https://fd13-photos.leclercdrive.fr/image.ashx?id=2962389&use=l&cat=p&typeid=i","cat":284336},{"id":152297,"n":"Couches Love & Green Ecologiques T1 - x44","p":13.6,"u":"0,31 €/P","img":"https://fd13-photos.leclercdrive.fr/image.ashx?id=2830645&use=l&cat=p&typeid=i","cat":284737},{"id":152298,"n":"Couches Love & Green Ecologiques T2 - x44","p":13.62,"u":"0,31 €/P","img":"https://fd13-photos.leclercdrive.fr/image.ashx?id=2862578&use=l&cat=p&typeid=i","cat":284737},{"id":152310,"n":"Protège slips Love & Green Incontinence ultra mini - x28","p":4.39,"img":"https://fd13-photos.leclercdrive.fr/image.ashx?id=2078208&use=l&cat=p&typeid=i","cat":284628},{"id":152345,"n":"Crème nuit L'Oréal Paris Age perfect Golden Age - 50ml","p":11.97,"pp":7.9,"u":"158,00 €/L","img":"https://fd13-photos.leclercdrive.fr/image.ashx?id=2860358&use=l&cat=p&typeid=i","cat":325345},{"id":152346,"n":"Masque tissu L'Oréal Paris Revitalift Filler Anti-Age-30ml","p":3.46,"u":"115,33 €/L","img":"https://fd13-photos.leclercdrive.fr/image.ashx?id=2607737&use=l&cat=p&typeid=i","cat":325346},{"id":152349,"n":"Sérum nuit anti-âge L'Oréal Revitalift Rétinol Pur - 30ml","p":13.55,"u":"451,67 €/L","img":"https://fd13-photos.leclercdrive.fr/image.ashx?id=2867530&use=l&cat=p&typeid=i","cat":325345},{"id":152365,"n":"Crème éclat La Provençale Bio Jouvence Anti-Âge - 50ml","p":10.4,"u":"208,00 €/L","img":"https://fd13-photos.leclercdrive.fr/image.ashx?id=2948147&use=l&cat=p&typeid=i","cat":325345},{"id":152381,"n":"Moutarde Maille Fine & douce - 370g","p":2.57,"u":"6,95 €/KG","img":"https://fd13-photos.leclercdrive.fr/image.ashx?id=2570763&use=l&cat=p&typeid=i","cat":288850},{"id":152408,"n":"Compresses Mercurochrome Stériles Ultra-douces - x20","p":3.64,"u":"0,18 €/P","img":"https://fd13-photos.leclercdrive.fr/image.ashx?id=2663986&use=l&cat=p&typeid=i","cat":284630},{"id":152414,"n":"Crème hydratante Scholl Adoucissante - 75ml","p":4.72,"u":"62,93 €/L","img":"https://fd13-photos.leclercdrive.fr/image.ashx?id=2980884&use=l&cat=p&typeid=i","cat":325354},{"id":152420,"n":"Cryothérapie Mercurochrome Verrues pieds mains - 35ml","p":13.89,"u":"396,86 €/L","img":"https://fd13-photos.leclercdrive.fr/image.ashx?id=2693545&use=l&cat=p&typeid=i","cat":284630},{"id":152422,"n":"Coupe-ongles Scholl 1 pièce","p":5.89,"img":"https://fd13-photos.leclercdrive.fr/image.ashx?id=2981295&use=l&cat=p&typeid=i","cat":284630},{"id":152440,"n":"Gel Lubrifiant Massage 2 en 1 Durex Douceur Aloe Vera 200ml","p":8.0,"u":"40,00 €/L","img":"https://fd13-photos.leclercdrive.fr/image.ashx?id=2736556&use=l&cat=p&typeid=i","cat":285160},{"id":152473,"n":"Billes Chocolat au Lait KitKat Sachet - 400g","p":6.06,"u":"15,15 €/KG","img":"https://fd13-photos.leclercdrive.fr/image.ashx?id=2807087&use=l&cat=p&typeid=i","cat":304238},{"id":152502,"n":"Quatre-quart Ker Cadélac 500g","p":3.69,"u":"7,38 €/KG","img":"https://fd13-photos.leclercdrive.fr/image.ashx?id=2958848&use=l&cat=p&typeid=i","cat":294776},{"id":152503,"n":"Moelleux Ker Cadélac Gros éclats de chocolat - 500g","p":2.89,"u":"5,78 €/KG","img":"https://fd13-photos.leclercdrive.fr/image.ashx?id=2164861&use=l&cat=p&typeid=i","cat":294776},{"id":152506,"n":"Boisson avoine Bio Bjorg Sans sucres - 1L","p":2.3,"u":"2,30 €/L","img":"https://fd13-photos.leclercdrive.fr/image.ashx?id=2939454&use=l&cat=p&typeid=i","cat":316067},{"id":152576,"n":"Crêpes 1/2 lune Eco+ Jambon emmental - x20 - 1kg","p":2.54,"u":"2,54 €/KG","img":"https://fd13-photos.leclercdrive.fr/image.ashx?id=2698144&use=l&cat=p&typeid=i","cat":319776},{"id":152579,"n":"Emmental rapé Bio Entremont 180g","p":3.31,"u":"18,39 €/KG","img":"https://fd13-photos.leclercdrive.fr/image.ashx?id=2744680&use=l&cat=p&typeid=i","cat":314035},{"id":152595,"n":"Barres chocolat Toblerone Chocolat au lait - 3x100g","p":4.44,"u":"14,80 €/KG","img":"https://fd13-photos.leclercdrive.fr/image.ashx?id=2078241&use=l&cat=p&typeid=i","cat":284498},{"id":152596,"n":"Câpres Maille Surfines - 85g","p":2.99,"u":"35,18 €/KG","img":"https://fd13-photos.leclercdrive.fr/image.ashx?id=2539674&use=l&cat=p&typeid=i","cat":284458},{"id":152610,"n":"Pasta Box Sodebo Fusilli à la Bolognaise - 330g","p":2.54,"u":"7,70 €/KG","img":"https://fd13-photos.leclercdrive.fr/image.ashx?id=2991996&use=l&cat=p&typeid=i","cat":334983},{"id":152611,"n":"Gâteaux Kinder Délice coconut Noix de coco et cacao - 10x37g","p":3.76,"u":"10,16 €/KG","img":"https://fd13-photos.leclercdrive.fr/image.ashx?id=2832482&use=l&cat=p&typeid=i","cat":284495},{"id":152612,"n":"Pasta Box Sodebo Fusilli à la Carbonara - 330g","p":2.52,"u":"7,64 €/KG","img":"https://fd13-photos.leclercdrive.fr/image.ashx?id=2919781&use=l&cat=p&typeid=i","cat":334983},{"id":152615,"n":"Pasta Box Sodebo Fusilli Fromages Italiens -330g","p":2.65,"u":"8,03 €/KG","img":"https://fd13-photos.leclercdrive.fr/image.ashx?id=2919784&use=l&cat=p&typeid=i","cat":334983},{"id":152616,"n":"Pasta Box Sodebo Fusilli Saumon - 280g","p":3.43,"u":"11,43 €/KG","img":"https://fd13-photos.leclercdrive.fr/image.ashx?id=2985078&use=l&cat=p&typeid=i","cat":334983},{"id":152617,"n":"Happy Cherry Haribo Sachet bonbons - 220g","p":1.77,"u":"8,05 €/KG","img":"https://fd13-photos.leclercdrive.fr/image.ashx?id=2984901&use=l&cat=p&typeid=i","cat":304250},{"id":152638,"n":"Pansement Mercurochrome Spécial doigts - x12","p":4.55,"u":"0,38 €/P","img":"https://fd13-photos.leclercdrive.fr/image.ashx?id=2862146&use=l&cat=p&typeid=i","cat":284630},{"id":152650,"n":"Pansements Mercurochrome Tissu-résistant - x40","p":4.63,"u":"0,12 €/P","img":"https://fd13-photos.leclercdrive.fr/image.ashx?id=2862149&use=l&cat=p&typeid=i","cat":284630},{"id":152651,"n":"Pansements Mercurochrome Coricide - x12","p":4.29,"u":"0,36 €/P","img":"https://fd13-photos.leclercdrive.fr/image.ashx?id=2663968&use=l&cat=p&typeid=i","cat":284630},{"id":152663,"n":"Préservatifs Manix Skyn sans latex - x20","p":13.37,"u":"0,67 €/P","img":"https://fd13-photos.leclercdrive.fr/image.ashx?id=2861063&use=l&cat=p&typeid=i","cat":284631},{"id":152736,"n":"Camembert Le Rustique Extra coulant - 240g","p":3.15,"u":"13,13 €/KG","img":"https://fd13-photos.leclercdrive.fr/image.ashx?id=2797479&use=l&cat=p&typeid=i","cat":314033},{"id":152742,"n":"Purée de Pomme Vanille Valade Bio Sans sucres ajoutés - 630g","p":3.39,"u":"5,38 €/KG","img":"https://fd13-photos.leclercdrive.fr/image.ashx?id=2881819&use=l&cat=p&typeid=i","cat":284508},{"id":152743,"n":"Purée de Pomme Mangue Valade Bio Sans sucres ajoutés - 630g","p":3.19,"u":"5,06 €/KG","img":"https://fd13-photos.leclercdrive.fr/image.ashx?id=2881816&use=l&cat=p&typeid=i","cat":284508},{"id":152772,"n":"Sauce Bacon Burger Heinz - 225g","p":1.93,"u":"8,58 €/KG","img":"https://fd13-photos.leclercdrive.fr/image.ashx?id=2926849&use=l&cat=p&typeid=i","cat":318431},{"id":152774,"n":"Sauce Algérienne Heinz - 220g","p":1.81,"u":"8,23 €/KG","img":"https://fd13-photos.leclercdrive.fr/image.ashx?id=2926846&use=l&cat=p&typeid=i","cat":318431},{"id":152901,"n":"Assouplissant Cajoline Fraîcheur pétillante - 1,125L","p":4.53,"u":"4,03 €/L","img":"https://fd13-photos.leclercdrive.fr/image.ashx?id=2959509&use=l&cat=p&typeid=i","cat":284650},{"id":152903,"n":"Sparadrap Mercurochrome Résistant à l'eau - 7mx2,5cm","p":2.86,"img":"https://fd13-photos.leclercdrive.fr/image.ashx?id=2862155&use=l&cat=p&typeid=i","cat":284630},{"id":152908,"n":"Huile Mercurochrome d'amande douce raffinée - 100ml","p":4.52,"u":"45,20 €/L","img":"https://fd13-photos.leclercdrive.fr/image.ashx?id=2663983&use=l&cat=p&typeid=i","cat":284630},{"id":152940,"n":"Soin Mercurochrome ongles âbimés - 1 pièce","p":10.03,"img":"https://fd13-photos.leclercdrive.fr/image.ashx?id=2663995&use=l&cat=p&typeid=i","cat":284630},{"id":152954,"n":"Canettes Coca-cola Boite - 18+2 offertes 20x33cl","p":12.44,"u":"1,88 €/L","img":"https://fd13-photos.leclercdrive.fr/image.ashx?id=3009002&use=l&cat=p&typeid=i","cat":284530},{"id":152955,"n":"Canettes Coca-Cola Sans sucre - 2 offerts - 20x33cl","p":10.1,"u":"1,53 €/L","img":"https://fd13-photos.leclercdrive.fr/image.ashx?id=3009005&use=l&cat=p&typeid=i","cat":284530},{"id":152984,"n":"AOP Prosecco rosé  Vilaveroni - 75cl","p":7.77,"u":"10,36 €/L","img":"https://fd13-photos.leclercdrive.fr/image.ashx?id=2492354&use=l&cat=p&typeid=i","cat":289558},{"id":153015,"n":"Cassonade pure canne Daddy 750g","p":2.17,"u":"2,89 €/KG","img":"https://fd13-photos.leclercdrive.fr/image.ashx?id=2944702&use=l&cat=p&typeid=i","cat":284502},{"id":153059,"n":"Cônes glacés Trium Chocolat - x6 - 423g","p":2.32,"u":"5,48 €/KG","img":"https://fd13-photos.leclercdrive.fr/image.ashx?id=2931829&use=l&cat=p&typeid=i","cat":284264},{"id":153060,"n":"Cônes glacés Trium Vanille caramel - x6 - 432g","p":2.33,"u":"5,39 €/KG","img":"https://fd13-photos.leclercdrive.fr/image.ashx?id=2931835&use=l&cat=p&typeid=i","cat":284264},{"id":153061,"n":"Cônes glacés Trium Vanille fraise - x6 - 426g","p":1.75,"u":"4,11 €/KG","img":"https://fd13-photos.leclercdrive.fr/image.ashx?id=2931808&use=l&cat=p&typeid=i","cat":284264},{"id":153062,"n":"Cônes glacés Trium Vanille nougatine x6 - 402g","p":1.84,"u":"4,58 €/KG","img":"https://fd13-photos.leclercdrive.fr/image.ashx?id=2931805&use=l&cat=p&typeid=i","cat":284264},{"id":153067,"n":"Cônes glacés Trium Fruits rouges - x6 - 474g","p":2.47,"u":"5,21 €/KG","img":"https://fd13-photos.leclercdrive.fr/image.ashx?id=2931832&use=l&cat=p&typeid=i","cat":284264},{"id":153068,"n":"Cônes glacés Trium Sorbet mangue passion x6 456g","p":2.34,"u":"5,13 €/KG","img":"https://fd13-photos.leclercdrive.fr/image.ashx?id=2931823&use=l&cat=p&typeid=i","cat":284264},{"id":153069,"n":"Cônes glacés Trium Rhum raisins - x6 - 414g","p":2.53,"u":"6,11 €/KG","img":"https://fd13-photos.leclercdrive.fr/image.ashx?id=2931814&use=l&cat=p&typeid=i","cat":284264},{"id":153070,"n":"Cônes glacés Trium Menthe chocolat x6 - 414g","p":2.24,"u":"5,41 €/KG","img":"https://fd13-photos.leclercdrive.fr/image.ashx?id=2931826&use=l&cat=p&typeid=i","cat":284264},{"id":153071,"n":"Cônes glacés Trium Crème brulée - x6 - 426g","p":2.2,"u":"5,16 €/KG","img":"https://fd13-photos.leclercdrive.fr/image.ashx?id=2931820&use=l&cat=p&typeid=i","cat":284264},{"id":153072,"n":"Cônes glacés Trium Café - x6 - 426g","p":2.56,"u":"6,01 €/KG","img":"https://fd13-photos.leclercdrive.fr/image.ashx?id=2931838&use=l&cat=p&typeid=i","cat":284264},{"id":153073,"n":"Cônes glacés Trium Vanille chocolat - x6 - 426g","p":1.79,"u":"4,20 €/KG","img":"https://fd13-photos.leclercdrive.fr/image.ashx?id=2931817&use=l&cat=p&typeid=i","cat":284264},{"id":153074,"n":"Cônes glacés Trium Citron framboise x6 - 456g","p":2.5,"u":"5,48 €/KG","img":"https://fd13-photos.leclercdrive.fr/image.ashx?id=2931811&use=l&cat=p&typeid=i","cat":284264},{"id":153075,"n":"Cônes glacés Trium Chocolat pistaches - x6 - 402g","p":2.35,"u":"5,85 €/KG","img":"https://fd13-photos.leclercdrive.fr/image.ashx?id=2909909&use=l&cat=p&typeid=i","cat":284264},{"id":153080,"n":"Dentifrice Zendium Protection fraîcheur- 75ml","p":3.19,"u":"42,53 €/L","img":"https://fd13-photos.leclercdrive.fr/image.ashx?id=2511522&use=l&cat=p&typeid=i","cat":284612},{"id":153108,"n":"Rhum blanc Clement 50° - 1L","p":21.35,"u":"21,35 €/L","img":"https://fd13-photos.leclercdrive.fr/image.ashx?id=2093244&use=l&cat=p&typeid=i","cat":284550},{"id":153123,"n":"AOC Touraine Vin rosé Luc Poullain - 75cl","p":5.6,"u":"7,47 €/L","img":"https://fd13-photos.leclercdrive.fr/image.ashx?id=2089181&use=l&cat=p&typeid=i","cat":289558},{"id":153148,"n":"Jambon Supérieur Fleury Michon sans nitrite x6 - 210g","p":3.37,"u":"16,05 €/KG","img":"https://fd13-photos.leclercdrive.fr/image.ashx?id=2889478&use=l&cat=p&typeid=i","cat":316009},{"id":153151,"n":"Jambon Supérieur Fleury Michon sans nitrite x4 - 140g","p":2.17,"u":"15,50 €/KG","img":"https://fd13-photos.leclercdrive.fr/image.ashx?id=2889475&use=l&cat=p&typeid=i","cat":316009},{"id":153152,"n":"Jambon Supérieur Fleury Michon sans nitrite x2 - 70g","p":1.84,"u":"26,29 €/KG","img":"https://fd13-photos.leclercdrive.fr/image.ashx?id=2889472&use=l&cat=p&typeid=i","cat":316009},{"id":153153,"n":"Jambon Supérieur Fleury Michon -25% sel sans nitrite- x2 - 70g","p":1.73,"u":"24,71 €/KG","img":"https://fd13-photos.leclercdrive.fr/image.ashx?id=2889484&use=l&cat=p&typeid=i","cat":316009},{"id":153154,"n":"Jambon Supérieur Fleury Michon -25% sel sans nitrite x6 - 210g","p":4.34,"u":"20,67 €/KG","img":"https://fd13-photos.leclercdrive.fr/image.ashx?id=2889487&use=l&cat=p&typeid=i","cat":316009},{"id":153155,"n":"Jambon Supérieur Fleury Michon -25% sel sans nitrite x4 - 140g","p":2.8,"u":"20,00 €/KG","img":"https://fd13-photos.leclercdrive.fr/image.ashx?id=2905399&use=l&cat=p&typeid=i","cat":316009},{"id":153158,"n":"Jambon Simplement Bon Fleury  Michon -25% de sel - x6 - 210g","p":2.87,"u":"13,67 €/KG","img":"https://fd13-photos.leclercdrive.fr/image.ashx?id=2842696&use=l&cat=p&typeid=i","cat":316009},{"id":153159,"n":"Jambon Simplement Bon Fleury  Michon -25% de sel x4 - 140g","p":2.3,"u":"16,43 €/KG","img":"https://fd13-photos.leclercdrive.fr/image.ashx?id=2843385&use=l&cat=p&typeid=i","cat":316009},{"id":153164,"n":"Jambon  Simplement Bon Fleury  Michon x4 - 160g","p":1.93,"u":"12,06 €/KG","img":"https://fd13-photos.leclercdrive.fr/image.ashx?id=2843147&use=l&cat=p&typeid=i","cat":316009},{"id":153165,"n":"Jambon Fleury Michon Simplement  Bio sans nitrite - x4 - 120g","p":4.55,"u":"37,92 €/KG","img":"https://fd13-photos.leclercdrive.fr/image.ashx?id=2959040&use=l&cat=p&typeid=i","cat":316009},{"id":153166,"n":"Jambon Simplement Bon Fleury Michon - x6 - 240g","p":2.52,"u":"10,50 €/KG","img":"https://fd13-photos.leclercdrive.fr/image.ashx?id=2843150&use=l&cat=p&typeid=i","cat":316009},{"id":153192,"n":"Canettes Coca-cola Zéro Soda sans sucre - 12x33cl","p":6.54,"u":"1,65 €/L","img":"https://fd13-photos.leclercdrive.fr/image.ashx?id=2209194&use=l&cat=p&typeid=i","cat":284530},{"id":153229,"n":"Mayonnaise de Dijon Amora Tube - 175g","p":1.4,"u":"8,00 €/KG","img":"https://fd13-photos.leclercdrive.fr/image.ashx?id=2082711&use=l&cat=p&typeid=i","cat":298295},{"id":153241,"n":"Blanc de poulet Fleury Michon doré au four - x8 - 240g","p":2.31,"u":"9,63 €/KG","img":"https://fd13-photos.leclercdrive.fr/image.ashx?id=2962845&use=l&cat=p&typeid=i","cat":316010},{"id":153242,"n":"Ketchup Amora  468g","p":1.99,"u":"4,25 €/KG","img":"https://fd13-photos.leclercdrive.fr/image.ashx?id=2766628&use=l&cat=p&typeid=i","cat":284455},{"id":153248,"n":"Rôti de porc Fleury Michon Extra tendre - x4 - 160g","p":2.7,"u":"16,88 €/KG","img":"https://fd13-photos.leclercdrive.fr/image.ashx?id=2314050&use=l&cat=p&typeid=i","cat":316009},{"id":153249,"n":"Barre patisserie P'tit Déli Pepites de chocolats 500g","p":3.49,"u":"6,98 €/KG","img":"https://fd13-photos.leclercdrive.fr/image.ashx?id=2609589&use=l&cat=p&typeid=i","cat":294776},{"id":153257,"n":"IGP Comte de Tolosan rouge Terreo 12% vol - BIB 5L","p":14.95,"u":"2,99 €/L","img":"https://fd13-photos.leclercdrive.fr/image.ashx?id=2089014&use=l&cat=p&typeid=i","cat":289556},{"id":153271,"n":"Gâteaux fourrés Napolitain LU Chocolat - 360g","p":3.05,"u":"8,47 €/KG","img":"https://fd13-photos.leclercdrive.fr/image.ashx?id=2349055&use=l&cat=p&typeid=i","cat":284495},{"id":153313,"n":"Gateau Savane Brossard Pocket chocolat - x7  210g","p":2.0,"u":"9,52 €/KG","img":"https://fd13-photos.leclercdrive.fr/image.ashx?id=2870722&use=l&cat=p&typeid=i","cat":284495},{"id":153328,"n":"Gâteaux fourrés Napolitain LU Chocolat - 180g","p":1.53,"u":"8,50 €/KG","img":"https://fd13-photos.leclercdrive.fr/image.ashx?id=3002225&use=l&cat=p&typeid=i","cat":284495},{"id":153370,"n":"Piles alcalines LR20 x4","p":2.7,"u":"0,68 €/P","img":"https://fd13-photos.leclercdrive.fr/image.ashx?id=2102977&use=l&cat=p&typeid=i","cat":300572},{"id":153822,"n":"Savane chocolat noir Brossard Pocket x7 - 210g","p":1.8,"u":"8,57 €/KG","img":"https://fd13-photos.leclercdrive.fr/image.ashx?id=2881452&use=l&cat=p&typeid=i","cat":284495},{"id":153939,"n":"Bière La Goudale bio 7.2° - 6x25cl","p":6.36,"u":"4,24 €/L","img":"https://fd13-photos.leclercdrive.fr/image.ashx?id=2908006&use=l&cat=p&typeid=i","cat":334872},{"id":153967,"n":"Changes bébé Lotus Baby T2 Douceur naturelle 3/6kg - x45","p":13.92,"u":"0,31 €/P","img":"https://fd13-photos.leclercdrive.fr/image.ashx?id=2909206&use=l&cat=p&typeid=i","cat":284737},{"id":153968,"n":"Change bébé Lotus Baby T6 Douceur naturelle 16/26kg x 32","p":16.81,"u":"0,53 €/P","img":"https://fd13-photos.leclercdrive.fr/image.ashx?id=3011878&use=l&cat=p&typeid=i","cat":284737},{"id":154072,"n":"Haricots verts Jean Nicolas Au sel  de Guérande - 290g","p":2.05,"u":"7,07 €/KG","img":"https://fd13-photos.leclercdrive.fr/image.ashx?id=2085994&use=l&cat=p&typeid=i","cat":312606},{"id":154154,"n":"Just one Asmodee Dès 8 ans","p":16.9,"img":"https://fd13-photos.leclercdrive.fr/image.ashx?id=2183793&use=l&cat=p&typeid=i","cat":334378},{"id":154188,"n":"Pâte à modeler Play Doh  Dentiste - Age : 3+","p":16.5,"img":"https://fd13-photos.leclercdrive.fr/image.ashx?id=2088339&use=l&cat=p&typeid=i","cat":334381},{"id":154461,"n":"Mega bloks Pikachu Pokémon Dès 7 ans","p":16.5,"img":"https://fd13-photos.leclercdrive.fr/image.ashx?id=2859173&use=l&cat=p&typeid=i","cat":334380},{"id":154466,"n":"Pokémon Dacofeu Mega bloks Age : 8+","p":16.5,"img":"https://fd13-photos.leclercdrive.fr/image.ashx?id=2855022&use=l&cat=p&typeid=i","cat":334380},{"id":154622,"n":"Galette Trégalette Saucisse oignons  - 220g","p":3.13,"u":"14,23 €/KG","img":"https://fd13-photos.leclercdrive.fr/image.ashx?id=2517526&use=l&cat=p&typeid=i","cat":333672},{"id":154629,"n":"Bière Blonde Leffe 6,6% - 20x25cl","p":14.09,"u":"2,82 €/L","img":"https://fd13-photos.leclercdrive.fr/image.ashx?id=2995427&use=l&cat=p&typeid=i","cat":334852},{"id":154631,"n":"Boisson multifruits Jafun Format poche - 10x20Cl","p":3.35,"u":"1,68 €/L","img":"https://fd13-photos.leclercdrive.fr/image.ashx?id=2992561&use=l&cat=p&typeid=i","cat":284524},{"id":155123,"n":"Biscuits fourrés  BN Fraises - 285g","p":1.28,"u":"4,49 €/KG","img":"https://fd13-photos.leclercdrive.fr/image.ashx?id=2878804&use=l&cat=p&typeid=i","cat":284489},{"id":155129,"n":"Petits pois doux carottes Bio Bio Village - 420g","p":2.35,"u":"5,60 €/KG","img":"https://fd13-photos.leclercdrive.fr/image.ashx?id=3002710&use=l&cat=p&typeid=i","cat":312607},{"id":155134,"n":"Knacki original Herta x4 - 140g","p":1.2,"u":"8,57 €/KG","img":"https://fd13-photos.leclercdrive.fr/image.ashx?id=2289840&use=l&cat=p&typeid=i","cat":316012},{"id":155198,"n":"Rôti de porc Fleury Michon Sans nitrite - x6 - 180g","p":3.05,"u":"16,94 €/KG","img":"https://fd13-photos.leclercdrive.fr/image.ashx?id=2335478&use=l&cat=p&typeid=i","cat":316009},{"id":155224,"n":"Boudin noir pommes Brient 250g","p":2.88,"u":"11,52 €/KG","img":"https://fd13-photos.leclercdrive.fr/image.ashx?id=2354476&use=l&cat=p&typeid=i","cat":316012},{"id":155226,"n":"Boudin noir antillais Brient 300g","p":3.68,"u":"12,27 €/KG","img":"https://fd13-photos.leclercdrive.fr/image.ashx?id=2354479&use=l&cat=p&typeid=i","cat":316012},{"id":155244,"n":"Mini cônes Extrême  Vanille  - 8x39g","p":3.88,"u":"12,44 €/KG","img":"https://fd13-photos.leclercdrive.fr/image.ashx?id=2737741&use=l&cat=p&typeid=i","cat":284264},{"id":155293,"n":"Prépa Gâteau alsa Cœur Coulants Chocolat - 275g","p":3.04,"u":"11,05 €/KG","img":"https://fd13-photos.leclercdrive.fr/image.ashx?id=2996443&use=l&cat=p&typeid=i","cat":284505},{"id":155295,"n":"Préparation Cookies alsa Pépites de Chocolat - 240g","p":2.19,"u":"9,13 €/KG","img":"https://fd13-photos.leclercdrive.fr/image.ashx?id=2996446&use=l&cat=p&typeid=i","cat":284505},{"id":155297,"n":"Oeufs frais Parole d'Eleveurs !  x20","p":4.89,"u":"0,24 €/P","img":"https://fd13-photos.leclercdrive.fr/image.ashx?id=2978856&use=l&cat=p&typeid=i","cat":284378},{"id":155301,"n":"Biscuit BN chocolat 285g","p":1.28,"u":"4,49 €/KG","img":"https://fd13-photos.leclercdrive.fr/image.ashx?id=2810705&use=l&cat=p&typeid=i","cat":284488},{"id":155302,"n":"Biscuits BN casse croute 400g","p":1.34,"u":"3,35 €/KG","img":"https://fd13-photos.leclercdrive.fr/image.ashx?id=2503900&use=l&cat=p&typeid=i","cat":284491},{"id":155303,"n":"Briochettes Pasquier x12 - 480g","p":2.17,"u":"4,52 €/KG","img":"https://fd13-photos.leclercdrive.fr/image.ashx?id=2417857&use=l&cat=p&typeid=i","cat":284478},{"id":155352,"n":"Piles alcalines Eco+ LR14/C x6","p":2.99,"img":"https://fd13-photos.leclercdrive.fr/image.ashx?id=2102974&use=l&cat=p&typeid=i","cat":300572},{"id":155383,"n":"Piles Duracell LR54","p":3.25,"img":"https://fd13-photos.leclercdrive.fr/image.ashx?id=2422571&use=l&cat=p&typeid=i","cat":300572},{"id":155451,"n":"Vin mousseux de France Café de Paris Brut blanc - 75cl","p":4.15,"u":"5,53 €/L","img":"https://fd13-photos.leclercdrive.fr/image.ashx?id=2097842&use=l&cat=p&typeid=i","cat":284544},{"id":155484,"n":"Gel WC Domestos Protect Eucalyptus Menthe - 700ml","p":2.27,"u":"3,24 €/L","img":"https://fd13-photos.leclercdrive.fr/image.ashx?id=2811755&use=l&cat=p&typeid=i","cat":284662},{"id":155511,"n":"Nettoyant Lave-Linge Destop  Désinfectant - x2","p":5.26,"u":"10,52 €/L","img":"https://fd13-photos.leclercdrive.fr/image.ashx?id=2831735&use=l&cat=p&typeid=i","cat":284653},{"id":155546,"n":"Assiettes dessert 17cm Blanc sans film PE - x50","p":2.69,"u":"0,05 €/P","img":"https://fd13-photos.leclercdrive.fr/image.ashx?id=2096688&use=l&cat=p&typeid=i","cat":334134},{"id":155549,"n":"Glace Bâtonnet MAGNUM Double Gold Caramel 4x85ml","p":2.99,"u":"10,53 €/KG","img":"https://fd13-photos.leclercdrive.fr/image.ashx?id=2770620&use=l&cat=p&typeid=i","cat":284265},{"id":155666,"n":"Poulet du rôtisseur Maître Coq - 1kg","p":10.45,"u":"10,45 €/KG","img":"https://fd13-photos.leclercdrive.fr/image.ashx?id=2370140&use=l&cat=p&typeid=i","cat":333685},{"id":155717,"n":"Sauce apéritif  Doritos Goût salsa douce -280g","p":2.68,"u":"9,57 €/KG","img":"https://fd13-photos.leclercdrive.fr/image.ashx?id=3014476&use=l&cat=p&typeid=i","cat":284451},{"id":155776,"n":"Shampoing Le Petit Marseillais  Calendula & coco - 250ml","p":2.03,"u":"8,12 €/L","img":"https://fd13-photos.leclercdrive.fr/image.ashx?id=2684173&use=l&cat=p&typeid=i","cat":284606},{"id":155792,"n":"Compote bébé Blédina 4-6 mois Pomme coing - 4x130g","p":2.82,"u":"5,42 €/KG","img":"https://fd13-photos.leclercdrive.fr/image.ashx?id=2911205&use=l&cat=p&typeid=i","cat":312387},{"id":155793,"n":"Compote bébé Blédina 4-6 mois Pomme pruneau - 4x130g","p":2.58,"u":"4,96 €/KG","img":"https://fd13-photos.leclercdrive.fr/image.ashx?id=2911202&use=l&cat=p&typeid=i","cat":312387},{"id":155795,"n":"Soda Coca-Cola - SANS SUCRES Canette - 6x33cl","p":3.35,"u":"1,69 €/L","img":"https://fd13-photos.leclercdrive.fr/image.ashx?id=2736805&use=l&cat=p&typeid=i","cat":284530},{"id":155815,"n":"Compote avec morceaux Andros Cerise - 4x100g","p":2.61,"u":"6,53 €/KG","img":"https://fd13-photos.leclercdrive.fr/image.ashx?id=2887011&use=l&cat=p&typeid=i","cat":284416},{"id":155816,"n":"Compote avec morceaux Andros Framboise - 4x100g","p":2.37,"u":"5,93 €/KG","img":"https://fd13-photos.leclercdrive.fr/image.ashx?id=2908201&use=l&cat=p&typeid=i","cat":284416},{"id":155817,"n":"Boisson végétale Alpro avoine sans sucres - 1l","p":2.74,"u":"2,74 €/L","img":"https://fd13-photos.leclercdrive.fr/image.ashx?id=2790252&use=l&cat=p&typeid=i","cat":316067},{"id":155820,"n":"Salade Batavia verte 1p","p":0.99,"img":"https://fd13-photos.leclercdrive.fr/image.ashx?id=1633577&use=l&cat=p&typeid=i","cat":284352},{"id":155828,"n":"Chou rouge 1p","p":2.19,"img":"https://fd13-photos.leclercdrive.fr/image.ashx?id=560850&use=l&cat=p&typeid=i","cat":284352},{"id":155833,"n":"Feuille de chêne rouge 1p","p":0.99,"img":"https://fd13-photos.leclercdrive.fr/image.ashx?id=1633670&use=l&cat=p&typeid=i","cat":284352},{"id":155835,"n":"Salade frisée 1p","p":2.29,"img":"https://fd13-photos.leclercdrive.fr/image.ashx?id=1631221&use=l&cat=p&typeid=i","cat":284352},{"id":155892,"n":"Blanc de Poulet Le Gaulois Sans nitrites x4 - 160g","p":1.97,"u":"12,31 €/KG","img":"https://fd13-photos.leclercdrive.fr/image.ashx?id=2962620&use=l&cat=p&typeid=i","cat":316010},{"id":155894,"n":"Blanc de Dinde Le Gaulois Sans nitrites x4 tranches -160g","p":1.97,"u":"12,31 €/KG","img":"https://fd13-photos.leclercdrive.fr/image.ashx?id=2962623&use=l&cat=p&typeid=i","cat":316010},{"id":155900,"n":"Boisson aux Fruits Jafun Tropical - 10x20cl","p":3.4,"u":"1,70 €/L","img":"https://fd13-photos.leclercdrive.fr/image.ashx?id=2992567&use=l&cat=p&typeid=i","cat":295018},{"id":155919,"n":"Sauteuse 24cm Tefal tous feux sauf induction x1","p":28.9,"img":"https://fd13-photos.leclercdrive.fr/image.ashx?id=2112767&use=l&cat=p&typeid=i","cat":298490},{"id":155945,"n":"Couvercles extensibles en silicone-  x5","p":5.5,"img":"https://fd13-photos.leclercdrive.fr/image.ashx?id=2118150&use=l&cat=p&typeid=i","cat":334134},{"id":155971,"n":"Autocuiseur 8L x1","p":68.52,"img":"https://fd13-photos.leclercdrive.fr/image.ashx?id=2132217&use=l&cat=p&typeid=i","cat":298490},{"id":156020,"n":"Soda Sprite Canette - 6x33cl","p":2.8,"u":"1,41 €/L","img":"https://fd13-photos.leclercdrive.fr/image.ashx?id=2973994&use=l&cat=p&typeid=i","cat":284531},{"id":156022,"n":"Soda Coca Cola Cherry Canette 6x33cl","p":4.33,"u":"2,19 €/L","img":"https://fd13-photos.leclercdrive.fr/image.ashx?id=2997226&use=l&cat=p&typeid=i","cat":284530},{"id":156027,"n":"Coloration Casting Crème Gloss Chocolat glacé N°515","p":9.16,"img":"https://fd13-photos.leclercdrive.fr/image.ashx?id=2248450&use=l&cat=p&typeid=i","cat":288899},{"id":156047,"n":"Sardines  Connétable Huile d'olive et échalotes 135g","p":2.55,"u":"18,89 €/KG","img":"https://fd13-photos.leclercdrive.fr/image.ashx?id=2902711&use=l&cat=p&typeid=i","cat":305146},{"id":156058,"n":"Thon blanc germon Connétable A l'Huile d'Olive - 160g","p":3.64,"u":"22,75 €/KG","img":"https://fd13-photos.leclercdrive.fr/image.ashx?id=2792450&use=l&cat=p&typeid=i","cat":303867},{"id":156067,"n":"Soda Coca-Cola Canette - 6x33cl","p":4.18,"u":"2,11 €/L","img":"https://fd13-photos.leclercdrive.fr/image.ashx?id=2997229&use=l&cat=p&typeid=i","cat":284530},{"id":156112,"n":"Oeufs au sol Paroles d'Eleveurs x12","p":2.93,"u":"0,24 €/P","img":"https://fd13-photos.leclercdrive.fr/image.ashx?id=2506026&use=l&cat=p&typeid=i","cat":284378},{"id":156113,"n":"Œufs fermiers d'Argoat x6","p":2.35,"u":"0,39 €/P","img":"https://fd13-photos.leclercdrive.fr/image.ashx?id=2116692&use=l&cat=p&typeid=i","cat":284378},{"id":156114,"n":"Œufs fermiers d'Argoat x12","p":4.01,"u":"0,33 €/P","img":"https://fd13-photos.leclercdrive.fr/image.ashx?id=2114182&use=l&cat=p&typeid=i","cat":284378},{"id":156135,"n":"Soda Coca-Cola canettes 12x33cl","p":8.31,"u":"2,10 €/L","img":"https://fd13-photos.leclercdrive.fr/image.ashx?id=2192940&use=l&cat=p&typeid=i","cat":284530},{"id":156137,"n":"Soda Coca-Cola Light canettes - 6x33cl","p":3.77,"u":"1,90 €/L","img":"https://fd13-photos.leclercdrive.fr/image.ashx?id=2194427&use=l&cat=p&typeid=i","cat":284530},{"id":156138,"n":"Soda Coca-Cola Original Canettes - 20x33cl","p":13.85,"u":"2,10 €/L","img":"https://fd13-photos.leclercdrive.fr/image.ashx?id=2846766&use=l&cat=p&typeid=i","cat":284530},{"id":156139,"n":"Soda Coca-Cola - SANS SUCRES Canettes - 20x33cl","p":11.09,"u":"1,68 €/L","img":"https://fd13-photos.leclercdrive.fr/image.ashx?id=2174513&use=l&cat=p&typeid=i","cat":284530},{"id":156141,"n":"Soda Fanta citron frappé canettes - 6x33cl","p":4.01,"u":"2,03 €/L","img":"https://fd13-photos.leclercdrive.fr/image.ashx?id=2660212&use=l&cat=p&typeid=i","cat":284532},{"id":156144,"n":"Boisson énergisante Monster Ultra Paradise - 50cl","p":1.65,"u":"3,30 €/L","img":"https://fd13-photos.leclercdrive.fr/image.ashx?id=2681457&use=l&cat=p&typeid=i","cat":284533},{"id":156145,"n":"Thé glacé Fuze tea Saveur pêche - 1,75L","p":1.89,"u":"1,08 €/L","img":"https://fd13-photos.leclercdrive.fr/image.ashx?id=2944395&use=l&cat=p&typeid=i","cat":295019},{"id":156151,"n":"Cônes Extrême Sundae Caramel - 438g","p":3.28,"u":"7,49 €/KG","img":"https://fd13-photos.leclercdrive.fr/image.ashx?id=2844034&use=l&cat=p&typeid=i","cat":284264},{"id":156156,"n":"Fromage enfant Kiri crème 8 portions à tartiner - 144g","p":2.09,"u":"0,26 €/P","img":"https://fd13-photos.leclercdrive.fr/image.ashx?id=2973562&use=l&cat=p&typeid=i","cat":314030},{"id":156165,"n":"Sauce bolognaise Bolo Balls 400g","p":2.42,"u":"6,05 €/KG","img":"https://fd13-photos.leclercdrive.fr/image.ashx?id=2918571&use=l&cat=p&typeid=i","cat":287599},{"id":156174,"n":"Biscuits fourrés BN Framboise - 285g","p":1.47,"u":"5,16 €/KG","img":"https://fd13-photos.leclercdrive.fr/image.ashx?id=2474999&use=l&cat=p&typeid=i","cat":284489},{"id":156175,"n":"Doomino St Michel Chocolat - x6","p":1.8,"u":"10,00 €/KG","img":"https://fd13-photos.leclercdrive.fr/image.ashx?id=2949979&use=l&cat=p&typeid=i","cat":284495},{"id":156188,"n":"Préparation Flan Pâtissier alsa Vanille - 740g","p":2.67,"u":"3,61 €/KG","img":"https://fd13-photos.leclercdrive.fr/image.ashx?id=2790591&use=l&cat=p&typeid=i","cat":284505},{"id":156190,"n":"Joker 30% Moins Sucré Orange sans pulpe - 0,9L","p":2.3,"u":"2,56 €/L","img":"https://fd13-photos.leclercdrive.fr/image.ashx?id=3001296&use=l&cat=p&typeid=i","cat":284521},{"id":156191,"n":"Joker 30% Moins Sucré Multifruits - 0,9L","p":2.25,"u":"2,50 €/L","img":"https://fd13-photos.leclercdrive.fr/image.ashx?id=2785772&use=l&cat=p&typeid=i","cat":284917},{"id":156193,"n":"Farine blé T45 Francine 750g","p":1.44,"u":"1,92 €/KG","img":"https://fd13-photos.leclercdrive.fr/image.ashx?id=2989141&use=l&cat=p&typeid=i","cat":284503},{"id":156198,"n":"Bière blonde Tripel Karmeliet 8,4% - 6x33cl","p":11.95,"u":"6,04 €/L","img":"https://fd13-photos.leclercdrive.fr/image.ashx?id=2675586&use=l&cat=p&typeid=i","cat":334872},{"id":156200,"n":"Wraps Old El Paso de blé nature format familial x10 - 580g","p":3.69,"u":"6,36 €/KG","img":"https://fd13-photos.leclercdrive.fr/image.ashx?id=2745352&use=l&cat=p&typeid=i","cat":288993},{"id":156223,"n":"Croquette Truite One Sterilcat Indoor formula","p":13.95,"u":"4,65 €/KG","img":"https://fd13-photos.leclercdrive.fr/image.ashx?id=2488076&use=l&cat=p&typeid=i","cat":284680},{"id":156226,"n":"Croquette chat Purina One Dual Nature cranberry 1,4kg","p":7.29,"u":"5,21 €/KG","img":"https://fd13-photos.leclercdrive.fr/image.ashx?id=2868155&use=l&cat=p&typeid=i","cat":284680},{"id":156229,"n":"Repas Purina One Spécial chat stérilisé - 680g","p":4.11,"u":"6,04 €/KG","img":"https://fd13-photos.leclercdrive.fr/image.ashx?id=2899725&use=l&cat=p&typeid=i","cat":285286},{"id":156271,"n":"Smarties Hexatube Bonbons Chocolat - 6x34g","p":2.75,"u":"13,48 €/KG","img":"https://fd13-photos.leclercdrive.fr/image.ashx?id=2917690&use=l&cat=p&typeid=i","cat":304238},{"id":156299,"n":"Yaourt à la grecque YAOS  Vanille - 8x125g","p":4.31,"u":"4,31 €/KG","img":"https://fd13-photos.leclercdrive.fr/image.ashx?id=3007942&use=l&cat=p&typeid=i","cat":314999},{"id":156339,"n":"Café solubleL'Or Classique Sticks - 235g","p":6.73,"u":"46,74 €/KG","img":"https://fd13-photos.leclercdrive.fr/image.ashx?id=2115929&use=l&cat=p&typeid=i","cat":284843},{"id":156340,"n":"Café solubleL'Or Classique Sticks - 235g","p":2.29,"u":"50,89 €/KG","img":"https://fd13-photos.leclercdrive.fr/image.ashx?id=2115932&use=l&cat=p&typeid=i","cat":284843},{"id":156342,"n":"Fromage le Coq  125g","p":2.73,"u":"21,84 €/KG","img":"https://fd13-photos.leclercdrive.fr/image.ashx?id=2985315&use=l&cat=p&typeid=i","cat":314032},{"id":156397,"n":"Glaces Ferrero Rocher x4 chocolat lait noisettes - 200g","p":3.49,"img":"https://fd13-photos.leclercdrive.fr/image.ashx?id=2759065&use=l&cat=p&typeid=i","cat":284265},{"id":156412,"n":"Glaces Nui Caramel White chocolate & Texan pecan x4 264g","p":4.41,"u":"16,70 €/KG","img":"https://fd13-photos.leclercdrive.fr/image.ashx?id=2519900&use=l&cat=p&typeid=i","cat":284265},{"id":156415,"n":"Bâtonnet Raffaello  Noix de coco amandes x4 - 188g","p":3.63,"u":"19,31 €/KG","img":"https://fd13-photos.leclercdrive.fr/image.ashx?id=2863890&use=l&cat=p&typeid=i","cat":284265},{"id":156428,"n":"Friandises chien Pedigree Schmackos volaille x20 - 144g","p":2.04,"u":"14,17 €/KG","img":"https://fd13-photos.leclercdrive.fr/image.ashx?id=2850174&use=l&cat=p&typeid=i","cat":294527},{"id":156476,"n":"Fromage Feta Grecque Islos AOP - 150g","p":2.77,"u":"18,47 €/KG","img":"https://fd13-photos.leclercdrive.fr/image.ashx?id=2892625&use=l&cat=p&typeid=i","cat":314026},{"id":156493,"n":"Petit pot bébé Blédina 6 mois  Légumes bœuf - 2x200g","p":2.14,"u":"5,35 €/KG","img":"https://fd13-photos.leclercdrive.fr/image.ashx?id=2968091&use=l&cat=p&typeid=i","cat":312236},{"id":156494,"n":"Petit pot bébé Blédina 6 mois Riz légumes saumon - 2x200g","p":2.39,"u":"5,98 €/KG","img":"https://fd13-photos.leclercdrive.fr/image.ashx?id=2911214&use=l&cat=p&typeid=i","cat":312236},{"id":156495,"n":"Petit pot bébé Blédina 6 mois Légumes lieu - 2x200g","p":1.82,"u":"4,55 €/KG","img":"https://fd13-photos.leclercdrive.fr/image.ashx?id=2935771&use=l&cat=p&typeid=i","cat":312236},{"id":156496,"n":"Petit pot bébé Blédina 6 mois Potimarron jambon - 2x200g","p":2.35,"u":"5,88 €/KG","img":"https://fd13-photos.leclercdrive.fr/image.ashx?id=2935768&use=l&cat=p&typeid=i","cat":312236},{"id":156497,"n":"Petit pot bébé Blédina 8 mois Riz ratatouille poisson -2x200g","p":2.21,"u":"5,53 €/KG","img":"https://fd13-photos.leclercdrive.fr/image.ashx?id=2911208&use=l&cat=p&typeid=i","cat":312236},{"id":156498,"n":"Compote bébé Blédina 4-6 mois Pomme poire - 4x130g","p":2.67,"u":"5,13 €/KG","img":"https://fd13-photos.leclercdrive.fr/image.ashx?id=2911873&use=l&cat=p&typeid=i","cat":312387},{"id":156499,"n":"Petit pot bébé Blédina 8 mois Légumes poulet - 2x200g","p":2.2,"u":"5,50 €/KG","img":"https://fd13-photos.leclercdrive.fr/image.ashx?id=2935765&use=l&cat=p&typeid=i","cat":312236},{"id":156501,"n":"Petit pot bébé Blédina 6 mois Légumes jambon - 2x200g","p":2.24,"u":"5,60 €/KG","img":"https://fd13-photos.leclercdrive.fr/image.ashx?id=2948767&use=l&cat=p&typeid=i","cat":312236},{"id":156503,"n":"Petit pot bébé Blédina 6 mois  Légumes verts poulet - 2x200g","p":2.33,"u":"5,83 €/KG","img":"https://fd13-photos.leclercdrive.fr/image.ashx?id=2983063&use=l&cat=p&typeid=i","cat":312236},{"id":156527,"n":"Capsules Starbucks by Nespresso  Blonde Espresso Int 6 - x18","p":6.05,"u":"64,36 €/KG","img":"https://fd13-photos.leclercdrive.fr/image.ashx?id=2668177&use=l&cat=p&typeid=i","cat":284749},{"id":156528,"n":"Petit pot bébé Blédina 4-6 mois Carotte - 2x130g","p":1.19,"u":"4,58 €/KG","img":"https://fd13-photos.leclercdrive.fr/image.ashx?id=2911870&use=l&cat=p&typeid=i","cat":312234},{"id":156538,"n":"Compote bébé Blédina 6 mois  Aux fruits - 4x130g","p":2.62,"u":"5,04 €/KG","img":"https://fd13-photos.leclercdrive.fr/image.ashx?id=2911196&use=l&cat=p&typeid=i","cat":312388},{"id":156539,"n":"Petit pot bébé Blédina 6 mois Semoule carotte dinde - 2x200g","p":2.22,"u":"5,55 €/KG","img":"https://fd13-photos.leclercdrive.fr/image.ashx?id=2935774&use=l&cat=p&typeid=i","cat":312236},{"id":156540,"n":"Petit pot bébé Blédina 6 mois Patate douce carotte-2x200g","p":2.07,"u":"5,18 €/KG","img":"https://fd13-photos.leclercdrive.fr/image.ashx?id=2951617&use=l&cat=p&typeid=i","cat":312235},{"id":156541,"n":"Petit pot bébé Blédina 6 mois Purée de panais dinde - 2x200g","p":2.51,"u":"6,28 €/KG","img":"https://fd13-photos.leclercdrive.fr/image.ashx?id=2951611&use=l&cat=p&typeid=i","cat":312236},{"id":156548,"n":"Glade Gel Océan Adventure 1 pièce","p":3.09,"img":"https://fd13-photos.leclercdrive.fr/image.ashx?id=2453610&use=l&cat=p&typeid=i","cat":311628},{"id":156553,"n":"Madeleine coeur myrtille x10 sachets fraîcheur","p":3.19,"u":"10,63 €/KG","img":"https://fd13-photos.leclercdrive.fr/image.ashx?id=2936254&use=l&cat=p&typeid=i","cat":284492},{"id":156563,"n":"Petit pot bébé Blédina 6 mois Purée carotte jambon - 2x200g","p":2.32,"u":"5,80 €/KG","img":"https://fd13-photos.leclercdrive.fr/image.ashx?id=2935762&use=l&cat=p&typeid=i","cat":312236},{"id":156564,"n":"Petit pot bébé Blédina 6 mois Riz tomate poulet - 2x200g","p":1.9,"u":"4,75 €/KG","img":"https://fd13-photos.leclercdrive.fr/image.ashx?id=2951614&use=l&cat=p&typeid=i","cat":312236},{"id":156598,"n":"Biscuits fourrés bio Jardin Bio Chocolat - 300g","p":3.06,"u":"10,20 €/KG","img":"https://fd13-photos.leclercdrive.fr/image.ashx?id=2903353&use=l&cat=p&typeid=i","cat":284488},{"id":156605,"n":"Thon Entier MSC Petit Navire huile d'olive vierge 2x80g","p":3.51,"u":"21,94 €/KG","img":"https://fd13-photos.leclercdrive.fr/image.ashx?id=2319454&use=l&cat=p&typeid=i","cat":303867},{"id":156638,"n":"Emincés de truites fumé ASC Ronde des Mers - 100g","p":4.39,"u":"43,90 €/KG","img":"https://fd13-photos.leclercdrive.fr/image.ashx?id=2953638&use=l&cat=p&typeid=i","cat":285188},{"id":156703,"n":"Pochette+carton à dessin Canson 12 feuilles dessin blanc - 180g","p":4.45,"img":"https://fd13-photos.leclercdrive.fr/image.ashx?id=2698288&use=l&cat=p&typeid=i","cat":284697},{"id":156956,"n":"4 gommes softy et 2 minis Maped","p":3.02,"img":"https://fd13-photos.leclercdrive.fr/image.ashx?id=2129975&use=l&cat=p&typeid=i","cat":334133},{"id":156960,"n":"Compas métal technique Maped Boite - 3 pièces","p":4.89,"img":"https://fd13-photos.leclercdrive.fr/image.ashx?id=2384253&use=l&cat=p&typeid=i","cat":334133},{"id":157017,"n":"Protège documents 80 vues blush Bleu pastel - 21X29,7cm","p":4.7,"img":"https://fd13-photos.leclercdrive.fr/image.ashx?id=2135061&use=l&cat=p&typeid=i","cat":284745},{"id":157018,"n":"Protège documents 80 vues blush Vert pastel - 21X29,7cm","p":4.7,"img":"https://fd13-photos.leclercdrive.fr/image.ashx?id=2135064&use=l&cat=p&typeid=i","cat":284745},{"id":157019,"n":"Protège documents 80 vues blush Orange pastel - 21X29,7cm","p":4.7,"img":"https://fd13-photos.leclercdrive.fr/image.ashx?id=2135067&use=l&cat=p&typeid=i","cat":284745},{"id":157020,"n":"Protège documents 80 vues blush Violet pastel - 21X29,7cm","p":4.7,"img":"https://fd13-photos.leclercdrive.fr/image.ashx?id=2135070&use=l&cat=p&typeid=i","cat":284745},{"id":157028,"n":"Protège document 120 vues blush Vert pastel - 21X29,7cm","p":4.9,"img":"https://fd13-photos.leclercdrive.fr/image.ashx?id=2135088&use=l&cat=p&typeid=i","cat":284745},{"id":157035,"n":"Chemise polypro blush Exacompta Orange pastel - 24X32cm","p":2.48,"img":"https://fd13-photos.leclercdrive.fr/image.ashx?id=2135103&use=l&cat=p&typeid=i","cat":284745},{"id":157038,"n":"Chemise carte blush Exacompta  Bleu pastel - 24X32cm","p":1.02,"img":"https://fd13-photos.leclercdrive.fr/image.ashx?id=2135109&use=l&cat=p&typeid=i","cat":284745},{"id":157039,"n":"Chemise carte blush Exacompta  Vert pastel - 24X32cm","p":1.02,"img":"https://fd13-photos.leclercdrive.fr/image.ashx?id=2135112&use=l&cat=p&typeid=i","cat":284745},{"id":157040,"n":"Chemise carte blush Exacompta  Orange pastel - 24X32cm","p":1.02,"img":"https://fd13-photos.leclercdrive.fr/image.ashx?id=2135115&use=l&cat=p&typeid=i","cat":284745},{"id":157041,"n":"Chemise carte blush Exacompta  Violet pastel - 24X32cm","p":1.02,"img":"https://fd13-photos.leclercdrive.fr/image.ashx?id=2135118&use=l&cat=p&typeid=i","cat":284745},{"id":157042,"n":"Chemises carte blush 24X32cm - x5","p":5.9,"img":"https://fd13-photos.leclercdrive.fr/image.ashx?id=2121890&use=l&cat=p&typeid=i","cat":284745},{"id":157069,"n":"Cahier 96pages Mimesys Bleu marine-Grand carreau-17x22","p":1.2,"img":"https://fd13-photos.leclercdrive.fr/image.ashx?id=2135169&use=l&cat=p&typeid=i","cat":284697},{"id":157070,"n":"Cahier 96pages Mimesys Bleu turquoise - seyes -17x22cm","p":1.2,"img":"https://fd13-photos.leclercdrive.fr/image.ashx?id=2135172&use=l&cat=p&typeid=i","cat":284697},{"id":157071,"n":"Cahier 96pages Mimesys Noir - Grands carreaux -17x22cm","p":1.2,"img":"https://fd13-photos.leclercdrive.fr/image.ashx?id=2135175&use=l&cat=p&typeid=i","cat":284697},{"id":157072,"n":"Cahier 96pages Mimesys Rouge - Grands carreaux-17x22cm","p":1.2,"img":"https://fd13-photos.leclercdrive.fr/image.ashx?id=2135178&use=l&cat=p&typeid=i","cat":284697},{"id":157073,"n":"Cahier 96pages Mimesys Jaune - Grands carreaux-17x22cm","p":1.2,"img":"https://fd13-photos.leclercdrive.fr/image.ashx?id=2135181&use=l&cat=p&typeid=i","cat":284697},{"id":157074,"n":"Cahier 96pages Mimesys Vert - Grands carreaux-17x22cm","p":1.2,"img":"https://fd13-photos.leclercdrive.fr/image.ashx?id=2135184&use=l&cat=p&typeid=i","cat":284697},{"id":157085,"n":"Cahier 96pages Mimesys Bleu marine - Seyes - 21X29,7cm","p":2.2,"img":"https://fd13-photos.leclercdrive.fr/image.ashx?id=2135205&use=l&cat=p&typeid=i","cat":284697},{"id":157086,"n":"Cahier 96pages Mimesys Bleu turquoise -Seyes-21x29,7cm","p":2.2,"img":"https://fd13-photos.leclercdrive.fr/image.ashx?id=2135208&use=l&cat=p&typeid=i","cat":284697},{"id":157087,"n":"Cahier 96pages Mimesys Noir -Grands carreaux-21X29,7cm","p":2.2,"img":"https://fd13-photos.leclercdrive.fr/image.ashx?id=2135211&use=l&cat=p&typeid=i","cat":284697},{"id":157088,"n":"Cahier 96pages Mimesys Rouge-Grands carreaux-21X29,7cm","p":2.2,"img":"https://fd13-photos.leclercdrive.fr/image.ashx?id=2135214&use=l&cat=p&typeid=i","cat":284697},{"id":157089,"n":"Cahier 96pages Mimesys Jaune-Grands carreaux-21X29,7cm","p":2.2,"img":"https://fd13-photos.leclercdrive.fr/image.ashx?id=2135217&use=l&cat=p&typeid=i","cat":284697},{"id":157090,"n":"Cahier 96pages Mimesys Vert-Grands carreaux-21X29,7cm","p":2.2,"img":"https://fd13-photos.leclercdrive.fr/image.ashx?id=2135220&use=l&cat=p&typeid=i","cat":284697},{"id":157109,"n":"Cahier piqure 96pages Mimesys Petits carreaux - 24X32cm -x3","p":6.46,"img":"https://fd13-photos.leclercdrive.fr/image.ashx?id=2121920&use=l&cat=p&typeid=i","cat":284697},{"id":157137,"n":"Recharges Frixion  x9","p":9.45,"img":"https://fd13-photos.leclercdrive.fr/image.ashx?id=2545409&use=l&cat=p&typeid=i","cat":284696},{"id":157144,"n":"Roller Pilot Frixion Ball  x4 + surligneur - Rose","p":6.81,"img":"https://fd13-photos.leclercdrive.fr/image.ashx?id=2578037&use=l&cat=p&typeid=i","cat":284696},{"id":157156,"n":"Stylos-Bille 4 couleurs Party Champagne doré","p":2.98,"img":"https://fd13-photos.leclercdrive.fr/image.ashx?id=2972922&use=l&cat=p&typeid=i","cat":284696},{"id":157163,"n":"Stylo-bille 4 couleurs Bic 1 stylo + 2 coques","p":6.09,"img":"https://fd13-photos.leclercdrive.fr/image.ashx?id=2407100&use=l&cat=p&typeid=i","cat":284696},{"id":157176,"n":"Stylo-feutre Stabilo point 88 pointe fine - x16","p":8.14,"img":"https://fd13-photos.leclercdrive.fr/image.ashx?id=2836625&use=l&cat=p&typeid=i","cat":284696},{"id":157177,"n":"Surligneur Stabilo Swing Cool Couleurs fluo assorties -x8","p":4.64,"img":"https://fd13-photos.leclercdrive.fr/image.ashx?id=2690084&use=l&cat=p&typeid=i","cat":284696},{"id":157178,"n":"Surligneur Stabilo swing cool couleurs pastel assorties - x8","p":4.64,"img":"https://fd13-photos.leclercdrive.fr/image.ashx?id=2690087&use=l&cat=p&typeid=i","cat":284696},{"id":157217,"n":"Stylo-Bille 4 couleurs Bic All you need is love","p":2.72,"img":"https://fd13-photos.leclercdrive.fr/image.ashx?id=2135331&use=l&cat=p&typeid=i","cat":284696},{"id":157218,"n":"Stylo-Bille 4 couleurs Bic Happy Birthday","p":2.72,"img":"https://fd13-photos.leclercdrive.fr/image.ashx?id=2135334&use=l&cat=p&typeid=i","cat":284696},{"id":157219,"n":"Stylo-Bille 4 couleurs Bic I m so excited","p":2.72,"img":"https://fd13-photos.leclercdrive.fr/image.ashx?id=2135337&use=l&cat=p&typeid=i","cat":284696},{"id":157220,"n":"Stylo-Bille 4 couleurs Bic Who is the boss","p":2.72,"img":"https://fd13-photos.leclercdrive.fr/image.ashx?id=2135340&use=l&cat=p&typeid=i","cat":284696},{"id":157221,"n":"Stylo-Bille 4 couleurs Bic Free spirit","p":2.72,"img":"https://fd13-photos.leclercdrive.fr/image.ashx?id=2149309&use=l&cat=p&typeid=i","cat":284696},{"id":157318,"n":"Colle 3en1 Uhu Pokémon - 35ml","p":2.3,"u":"65,71 €/L","img":"https://fd13-photos.leclercdrive.fr/image.ashx?id=2149315&use=l&cat=p&typeid=i","cat":334133},{"id":157320,"n":"Bâton de colle Uhu stic Pokémon - 2x21g","p":3.75,"u":"89,29 €/KG","img":"https://fd13-photos.leclercdrive.fr/image.ashx?id=2149321&use=l&cat=p&typeid=i","cat":334133},{"id":157506,"n":"Tube de peinture Esquisse  Blanc - 20ml","p":0.9,"img":"https://fd13-photos.leclercdrive.fr/image.ashx?id=2124131&use=l&cat=p&typeid=i","cat":334133},{"id":157507,"n":"Tube de peinture Esquisse  Noir - 20ml","p":0.69,"img":"https://fd13-photos.leclercdrive.fr/image.ashx?id=2124134&use=l&cat=p&typeid=i","cat":334133},{"id":157519,"n":"Fiches bristol 5x5 Esquisse Perforées - 14,8x21cm - x50","p":2.2,"img":"https://fd13-photos.leclercdrive.fr/image.ashx?id=2124155&use=l&cat=p&typeid=i","cat":284697},{"id":157522,"n":"Feutres pour ardoise Esquisse Bleu - A sec Pointe moyenne- x4","p":1.49,"u":"0,37 €/P","img":"https://fd13-photos.leclercdrive.fr/image.ashx?id=2124164&use=l&cat=p&typeid=i","cat":334133},{"id":157611,"n":"Bière blonde La Bête 8° - 75cl","p":4.25,"u":"5,67 €/L","img":"https://fd13-photos.leclercdrive.fr/image.ashx?id=3011242&use=l&cat=p&typeid=i","cat":334872},{"id":157612,"n":"Eau infusée Volvic bio thé noir pêche - 75cl","p":1.55,"u":"2,07 €/L","img":"https://fd13-photos.leclercdrive.fr/image.ashx?id=2748209&use=l&cat=p&typeid=i","cat":284537},{"id":157613,"n":"Eau infusée Volvic bio thé vert menthe - 75cl","p":1.64,"u":"2,19 €/L","img":"https://fd13-photos.leclercdrive.fr/image.ashx?id=2479063&use=l&cat=p&typeid=i","cat":284537},{"id":157628,"n":"Crème corps Mixa  Peaux Sèches, Sensibles - 400ml","p":4.57,"u":"11,43 €/L","img":"https://fd13-photos.leclercdrive.fr/image.ashx?id=2338432&use=l&cat=p&typeid=i","cat":325350},{"id":157643,"n":"Sandwich Mega Club Sodebo  Pain Suédois Poulet Œuf - 230g","p":2.55,"u":"11,09 €/KG","img":"https://fd13-photos.leclercdrive.fr/image.ashx?id=2962542&use=l&cat=p&typeid=i","cat":333658},{"id":157655,"n":"Crème main Le Petit Marseillais Réparation - Karité - 75ml","p":2.16,"u":"28,80 €/L","img":"https://fd13-photos.leclercdrive.fr/image.ashx?id=2901893&use=l&cat=p&typeid=i","cat":325354},{"id":157710,"n":"Fleur des Sources Ermitage 200g","p":2.31,"u":"11,55 €/KG","img":"https://fd13-photos.leclercdrive.fr/image.ashx?id=2126043&use=l&cat=p&typeid=i","cat":329558},{"id":157737,"n":"Lingettes Démaquillantes Nivea Peaux Sèches - x20","p":2.68,"u":"0,13 €/P","img":"https://fd13-photos.leclercdrive.fr/image.ashx?id=3005227&use=l&cat=p&typeid=i","cat":284603},{"id":157777,"n":"Lave glace hiver TECH9 -30° - Dégivrant - 5L","p":6.99,"u":"1,40 €/L","img":"https://fd13-photos.leclercdrive.fr/image.ashx?id=2162702&use=l&cat=p&typeid=i","cat":298252},{"id":157778,"n":"Fromage de brebis Lou Pérac 6 tranches - 120g","p":3.14,"u":"26,17 €/KG","img":"https://fd13-photos.leclercdrive.fr/image.ashx?id=2758843&use=l&cat=p&typeid=i","cat":314028},{"id":157801,"n":"Sac poubelle Alfapac Maxi poids 40L - x15","p":2.21,"u":"0,15 €/P","img":"https://fd13-photos.leclercdrive.fr/image.ashx?id=2526896&use=l&cat=p&typeid=i","cat":285168},{"id":157818,"n":"Bière blanche Affligem Fût 5L","p":23.0,"u":"4,60 €/L","img":"https://fd13-photos.leclercdrive.fr/image.ashx?id=2765045&use=l&cat=p&typeid=i","cat":334879},{"id":157819,"n":"Rhum blanc Charrette 150cl - 40%vol.","p":20.5,"pp":18.5,"u":"12,33 €/L","img":"https://fd13-photos.leclercdrive.fr/image.ashx?id=2125218&use=l&cat=p&typeid=i","cat":284550},{"id":157968,"n":"Capsules café Plantation Espresso Caramel n°7- x10 - 52g","p":2.4,"u":"46,15 €/KG","img":"https://fd13-photos.leclercdrive.fr/image.ashx?id=2418158&use=l&cat=p&typeid=i","cat":284749},{"id":157973,"n":"Capsules café Plantation Lungo Forte n°8 - x10 - 52g","p":2.24,"u":"43,08 €/KG","img":"https://fd13-photos.leclercdrive.fr/image.ashx?id=2867266&use=l&cat=p&typeid=i","cat":284749},{"id":158136,"n":"Jus multifruits nectar Jafaden Sans sucres ajoutés - 1L","p":1.79,"u":"1,79 €/L","img":"https://fd13-photos.leclercdrive.fr/image.ashx?id=2956780&use=l&cat=p&typeid=i","cat":284917},{"id":158145,"n":"Bière agrumes Desperados Virgin 0%vol - 6x33cl","p":7.03,"u":"3,55 €/L","img":"https://fd13-photos.leclercdrive.fr/image.ashx?id=2767519&use=l&cat=p&typeid=i","cat":334877},{"id":158181,"n":"Gel Douche Le Petit Marseillais  Bio peche & nectarine-250ml","p":2.4,"u":"9,60 €/L","img":"https://fd13-photos.leclercdrive.fr/image.ashx?id=2685141&use=l&cat=p&typeid=i","cat":284594},{"id":158220,"n":"Rhum Havana Club 3 ans 37,5% vol - 70cl","p":16.33,"u":"23,33 €/L","img":"https://fd13-photos.leclercdrive.fr/image.ashx?id=2874096&use=l&cat=p&typeid=i","cat":284550},{"id":158255,"n":"Serum visage La Provençale Bio Anti-âge - 30ml","p":10.67,"u":"355,67 €/L","img":"https://fd13-photos.leclercdrive.fr/image.ashx?id=2971155&use=l&cat=p&typeid=i","cat":325345},{"id":158316,"n":"Stick lèvres Dermophil Réparateur Protecteur- 2 pièces","p":6.76,"u":"422,50 €/KG","img":"https://fd13-photos.leclercdrive.fr/image.ashx?id=2939772&use=l&cat=p&typeid=i","cat":285485},{"id":158329,"n":"Gel Douche Le Petit Marseillais  Bio amande douce - 250ml","p":2.54,"u":"10,16 €/L","img":"https://fd13-photos.leclercdrive.fr/image.ashx?id=2685144&use=l&cat=p&typeid=i","cat":284594},{"id":158361,"n":"Stylo bille 4 couleurs Bic Rose gold -Pointe moyenne 1.0mm","p":2.84,"img":"https://fd13-photos.leclercdrive.fr/image.ashx?id=2974584&use=l&cat=p&typeid=i","cat":284696},{"id":158363,"n":"Crème Douche Surgras Bio Cadum Karité - 500ml","p":2.29,"u":"4,58 €/L","img":"https://fd13-photos.leclercdrive.fr/image.ashx?id=2575630&use=l&cat=p&typeid=i","cat":284594},{"id":158364,"n":"Whisky Ballantine's 7 ans Blended Scotch 40% vol - 70cl","p":18.95,"pp":15.16,"u":"21,66 €/L","img":"https://fd13-photos.leclercdrive.fr/image.ashx?id=3000366&use=l&cat=p&typeid=i","cat":284547},{"id":158374,"n":"Shampoing Le Petit Marseillais  Thym & the vert - 250ml","p":1.98,"u":"7,92 €/L","img":"https://fd13-photos.leclercdrive.fr/image.ashx?id=2684176&use=l&cat=p&typeid=i","cat":284606},{"id":158489,"n":"Beurrier Tendre Paysan Breton Demi-sel - 80% MG - 200g","p":2.75,"u":"13,75 €/KG","img":"https://fd13-photos.leclercdrive.fr/image.ashx?id=2869038&use=l&cat=p&typeid=i","cat":284379},{"id":158493,"n":"Beurrier Tendre Paysan Breton Doux - 82% MG - 200g","p":2.79,"u":"13,95 €/KG","img":"https://fd13-photos.leclercdrive.fr/image.ashx?id=2903311&use=l&cat=p&typeid=i","cat":284379},{"id":158521,"n":"Savon liquide Le Petit Olivier Lavande - 300ml","p":3.11,"u":"10,37 €/L","img":"https://fd13-photos.leclercdrive.fr/image.ashx?id=2684509&use=l&cat=p&typeid=i","cat":284594},{"id":158537,"n":"Filet de limande Meunière Cité Marine MSC - 200g","p":3.66,"u":"18,30 €/KG","img":"https://fd13-photos.leclercdrive.fr/image.ashx?id=2132808&use=l&cat=p&typeid=i","cat":284342},{"id":158571,"n":"Plat bébé Blédina 8 mois  Pâtes tomate boeuf - 2x200g","p":2.79,"u":"6,98 €/KG","img":"https://fd13-photos.leclercdrive.fr/image.ashx?id=2975092&use=l&cat=p&typeid=i","cat":312236},{"id":158575,"n":"Single malt Scotch Glenfiddich Tripple Oak 40%vol - 70cl 12ans","p":32.8,"u":"46,86 €/L","img":"https://fd13-photos.leclercdrive.fr/image.ashx?id=2131596&use=l&cat=p&typeid=i","cat":284547},{"id":158588,"n":"Vin de France rouge Merlot Cabernet Sauvign.Cambras BIB 5L","p":13.62,"u":"2,72 €/L","img":"https://fd13-photos.leclercdrive.fr/image.ashx?id=2694587&use=l&cat=p&typeid=i","cat":289556},{"id":158621,"n":"Soda Schweppes Ginger Beer - 1L","p":1.79,"u":"1,79 €/L","img":"https://fd13-photos.leclercdrive.fr/image.ashx?id=2876233&use=l&cat=p&typeid=i","cat":284532},{"id":158631,"n":"Plat bébé soir Blédiner 8 mois  Pâtes épinards - 2x200g","p":2.49,"u":"6,23 €/KG","img":"https://fd13-photos.leclercdrive.fr/image.ashx?id=2845868&use=l&cat=p&typeid=i","cat":312239},{"id":158649,"n":"Lait céréales Blédidej 12 mois Biscuité vanille - 500ml","p":1.65,"u":"3,30 €/KG","img":"https://fd13-photos.leclercdrive.fr/image.ashx?id=2503728&use=l&cat=p&typeid=i","cat":312226},{"id":158684,"n":"Bière blanche Affligem 6x25cl - 4.8%vol","p":5.0,"u":"3,33 €/L","img":"https://fd13-photos.leclercdrive.fr/image.ashx?id=2762055&use=l&cat=p&typeid=i","cat":334878},{"id":158715,"n":"Doomino St Michel Choco Noisette x6 - 180g","p":1.85,"u":"10,28 €/KG","img":"https://fd13-photos.leclercdrive.fr/image.ashx?id=2953495&use=l&cat=p&typeid=i","cat":284495},{"id":158781,"n":"Céréales Fitness  Chocolat noir - 450g","p":2.91,"u":"6,47 €/KG","img":"https://fd13-photos.leclercdrive.fr/image.ashx?id=2922170&use=l&cat=p&typeid=i","cat":309512},{"id":158784,"n":"Petit pot bébé Blédina 8 mois Légumes viande poisson - 8x200g","p":7.81,"u":"4,88 €/KG","img":"https://fd13-photos.leclercdrive.fr/image.ashx?id=2935777&use=l&cat=p&typeid=i","cat":312236},{"id":158787,"n":"Petit pot bébé Blédina 6 mois Légume viande poisson - 8x200g","p":8.29,"u":"5,18 €/KG","img":"https://fd13-photos.leclercdrive.fr/image.ashx?id=2948773&use=l&cat=p&typeid=i","cat":312236},{"id":158788,"n":"Noisette décortiquée Vahiné 125g","p":2.96,"u":"23,68 €/KG","img":"https://fd13-photos.leclercdrive.fr/image.ashx?id=2559814&use=l&cat=p&typeid=i","cat":284504},{"id":158789,"n":"Levure boulanger Vahiné x6 - 48g","p":0.93,"u":"19,38 €/KG","img":"https://fd13-photos.leclercdrive.fr/image.ashx?id=2559793&use=l&cat=p&typeid=i","cat":294686},{"id":158791,"n":"Poivre noir grain Ducros 200g - n°6","p":8.12,"u":"40,60 €/KG","img":"https://fd13-photos.leclercdrive.fr/image.ashx?id=2486599&use=l&cat=p&typeid=i","cat":284457},{"id":158797,"n":"Lait céréales Blédidej 12 mois Chocolat - 500ml","p":1.76,"u":"3,52 €/L","img":"https://fd13-photos.leclercdrive.fr/image.ashx?id=2479042&use=l&cat=p&typeid=i","cat":312226},{"id":158798,"n":"Dessert bébé végétal Blédina 6m Lait coco mangue - 4x95g","p":2.66,"u":"7,00 €/KG","img":"https://fd13-photos.leclercdrive.fr/image.ashx?id=2682929&use=l&cat=p&typeid=i","cat":312392},{"id":158803,"n":"Rotella Haribo Sachet bonbons réglisse - 300g","p":1.3,"u":"4,33 €/KG","img":"https://fd13-photos.leclercdrive.fr/image.ashx?id=2982402&use=l&cat=p&typeid=i","cat":304250},{"id":158805,"n":"Quinoa gourmand Tipiak Aux épices douces 240g","p":2.56,"u":"10,67 €/KG","img":"https://fd13-photos.leclercdrive.fr/image.ashx?id=2947054&use=l&cat=p&typeid=i","cat":284429},{"id":158806,"n":"Lait en poudre Blédilait Bébé 18 mois - 3 ans - 900g","p":10.88,"u":"12,09 €/KG","img":"https://fd13-photos.leclercdrive.fr/image.ashx?id=2458244&use=l&cat=p&typeid=i","cat":290219},{"id":158812,"n":"Nappage framboise Vahiné 155g","p":2.04,"u":"13,16 €/KG","img":"https://fd13-photos.leclercdrive.fr/image.ashx?id=2805267&use=l&cat=p&typeid=i","cat":284504},{"id":158815,"n":"Biscuits à thé Delacre Tea Time Boîte Assortiment - 500g","p":6.03,"u":"12,06 €/KG","img":"https://fd13-photos.leclercdrive.fr/image.ashx?id=2133524&use=l&cat=p&typeid=i","cat":284490},{"id":158834,"n":"Céréales Fitness Nature 475g","p":2.74,"u":"5,77 €/KG","img":"https://fd13-photos.leclercdrive.fr/image.ashx?id=2874084&use=l&cat=p&typeid=i","cat":309512},{"id":158845,"n":"Compote bébé Blédina 4-6 mois Pomme pêche - 4x130g","p":2.7,"u":"5,19 €/KG","img":"https://fd13-photos.leclercdrive.fr/image.ashx?id=2911199&use=l&cat=p&typeid=i","cat":312387},{"id":158881,"n":"AOC Bordeaux vin rouge Château Pey La Tour - 1.5L","p":13.5,"u":"9,00 €/L","img":"https://fd13-photos.leclercdrive.fr/image.ashx?id=2139037&use=l&cat=p&typeid=i","cat":289556},{"id":158891,"n":"Boisson aux fruits Jafun Tropical - 1L","p":1.19,"u":"1,19 €/L","img":"https://fd13-photos.leclercdrive.fr/image.ashx?id=2913763&use=l&cat=p&typeid=i","cat":295018},{"id":158913,"n":"Biberon Air Control Tigex Col etroit 330ml - x1","p":5.5,"img":"https://fd13-photos.leclercdrive.fr/image.ashx?id=2224319&use=l&cat=p&typeid=i","cat":284742},{"id":158920,"n":"Petit pot bébé Blédina 6 mois Semoule épinards merlu - 2x200g","p":2.45,"u":"6,13 €/KG","img":"https://fd13-photos.leclercdrive.fr/image.ashx?id=2935759&use=l&cat=p&typeid=i","cat":312236},{"id":158921,"n":"Haricots beurre Jean Nicolas Extra-fins - 280g","p":2.6,"u":"9,29 €/KG","img":"https://fd13-photos.leclercdrive.fr/image.ashx?id=2141871&use=l&cat=p&typeid=i","cat":312606},{"id":158922,"n":"Haricots beurre Jean Nicolas Extra-fins - 440g","p":2.65,"u":"6,02 €/KG","img":"https://fd13-photos.leclercdrive.fr/image.ashx?id=2137373&use=l&cat=p&typeid=i","cat":312606},{"id":158923,"n":"Haricots beurre Jean Nicolas Extra-fins - 3x110g","p":3.23,"u":"29,36 €/KG","img":"https://fd13-photos.leclercdrive.fr/image.ashx?id=2137379&use=l&cat=p&typeid=i","cat":312606},{"id":158924,"n":"Haricots verts Jean Nicolas Bio - 280g","p":3.65,"u":"13,04 €/KG","img":"https://fd13-photos.leclercdrive.fr/image.ashx?id=2141874&use=l&cat=p&typeid=i","cat":312606},{"id":158925,"n":"Haricots verts Jean Nicolas Extra-fins - 3 x 110g","p":2.5,"u":"7,58 €/KG","img":"https://fd13-photos.leclercdrive.fr/image.ashx?id=2137376&use=l&cat=p&typeid=i","cat":312606},{"id":158936,"n":"Pains au lait La Boulangère x10 - 350g","p":1.9,"u":"5,43 €/KG","img":"https://fd13-photos.leclercdrive.fr/image.ashx?id=2912437&use=l&cat=p&typeid=i","cat":293505},{"id":158949,"n":"Gaufres aux oeufs Lotus 371g","p":3.3,"u":"8,89 €/KG","img":"https://fd13-photos.leclercdrive.fr/image.ashx?id=2133849&use=l&cat=p&typeid=i","cat":294777},{"id":158966,"n":"Rainbow Pik Haribo  Sachet bonbons acidulés - 200g","p":1.63,"u":"8,15 €/KG","img":"https://fd13-photos.leclercdrive.fr/image.ashx?id=2982408&use=l&cat=p&typeid=i","cat":304250},{"id":158970,"n":"Sauce Tomacouli Panzani - 200G","p":0.65,"u":"3,25 €/KG","img":"https://fd13-photos.leclercdrive.fr/image.ashx?id=2872853&use=l&cat=p&typeid=i","cat":288384},{"id":158980,"n":"Tripe Paul et Louise Catalane - 400g","p":2.17,"u":"5,43 €/KG","img":"https://fd13-photos.leclercdrive.fr/image.ashx?id=2367574&use=l&cat=p&typeid=i","cat":284441},{"id":158982,"n":"Petit pot bébé Blédina 4-6 mois Purée de poireau - 2x130g","p":1.21,"u":"4,65 €/KG","img":"https://fd13-photos.leclercdrive.fr/image.ashx?id=2911190&use=l&cat=p&typeid=i","cat":312234},{"id":159001,"n":"Confiture 4 Saisons Orange citron pampl. - 400g","p":3.75,"u":"9,38 €/KG","img":"https://fd13-photos.leclercdrive.fr/image.ashx?id=2848980&use=l&cat=p&typeid=i","cat":284480},{"id":159008,"n":"Tartinade Hénaff Artichaut sésame thym - 90g","p":2.45,"u":"27,22 €/KG","img":"https://fd13-photos.leclercdrive.fr/image.ashx?id=2672395&use=l&cat=p&typeid=i","cat":284451},{"id":159085,"n":"Savon liquide Le Petit Olivier Fleur d'Oranger - 300ml","p":2.5,"u":"8,33 €/L","img":"https://fd13-photos.leclercdrive.fr/image.ashx?id=2683796&use=l&cat=p&typeid=i","cat":284597},{"id":159090,"n":"Savon liquide Le Petit Olivier Fleur de pêcher - 300ml","p":2.83,"u":"9,43 €/L","img":"https://fd13-photos.leclercdrive.fr/image.ashx?id=2683799&use=l&cat=p&typeid=i","cat":284597},{"id":159112,"n":"Matière grasse St Hubert Doux - 500g","p":4.7,"u":"9,40 €/KG","img":"https://fd13-photos.leclercdrive.fr/image.ashx?id=2734084&use=l&cat=p&typeid=i","cat":315229},{"id":159196,"n":"Paire de ciseaux Esquisse Rose - Bout rond 13cm x1","p":0.79,"img":"https://fd13-photos.leclercdrive.fr/image.ashx?id=2138124&use=l&cat=p&typeid=i","cat":334133},{"id":159197,"n":"Paire de ciseaux Esquisse Rouge - Bout rond 13cm x1","p":0.79,"img":"https://fd13-photos.leclercdrive.fr/image.ashx?id=2138127&use=l&cat=p&typeid=i","cat":334133},{"id":159198,"n":"Paire de ciseaux Esquisse Bleu - Bout rond 13cm x1","p":0.79,"img":"https://fd13-photos.leclercdrive.fr/image.ashx?id=2138130&use=l&cat=p&typeid=i","cat":334133},{"id":159199,"n":"Paire de ciseaux Esquisse Bleu foncé - Bout rond 13cm x1","p":0.79,"img":"https://fd13-photos.leclercdrive.fr/image.ashx?id=2138133&use=l&cat=p&typeid=i","cat":334133},{"id":159317,"n":"Pastis de Marseille Duval 45d - 2L","p":37.1,"u":"18,55 €/L","img":"https://fd13-photos.leclercdrive.fr/image.ashx?id=2873372&use=l&cat=p&typeid=i","cat":284548},{"id":159333,"n":"Sirop Moulin de Valdonne Recette Provençale - 70cl","p":3.63,"u":"5,19 €/L","img":"https://fd13-photos.leclercdrive.fr/image.ashx?id=2170616&use=l&cat=p&typeid=i","cat":295020},{"id":159343,"n":"Whisky Aerstone Land Cask 40d - 70cl","p":23.0,"pp":19.0,"u":"27,14 €/L","img":"https://fd13-photos.leclercdrive.fr/image.ashx?id=2834728&use=l&cat=p&typeid=i","cat":284547},{"id":159352,"n":"Concentré à diluer Pulco Citron Fraise - 70cl","p":2.69,"u":"3,84 €/L","img":"https://fd13-photos.leclercdrive.fr/image.ashx?id=2687782&use=l&cat=p&typeid=i","cat":295020},{"id":159355,"n":"Whisky aerstone Sea Cask 40° - 70cl","p":23.0,"pp":19.0,"u":"27,14 €/L","img":"https://fd13-photos.leclercdrive.fr/image.ashx?id=2834725&use=l&cat=p&typeid=i","cat":284547},{"id":159381,"n":"Rhum epice Lagoa 35% 70cl","p":9.99,"u":"14,27 €/L","img":"https://fd13-photos.leclercdrive.fr/image.ashx?id=2966496&use=l&cat=p&typeid=i","cat":284550},{"id":159394,"n":"Amandes émondées Vahiné 125g","p":3.88,"u":"31,04 €/KG","img":"https://fd13-photos.leclercdrive.fr/image.ashx?id=2606250&use=l&cat=p&typeid=i","cat":284357},{"id":159399,"n":"Saumon fumé ASC Mowi x4 - 130g","p":7.21,"u":"55,46 €/KG","img":"https://fd13-photos.leclercdrive.fr/image.ashx?id=3006193&use=l&cat=p&typeid=i","cat":285188},{"id":159409,"n":"Amande éffilée grillée Vahiné 100g","p":4.05,"u":"40,50 €/KG","img":"https://fd13-photos.leclercdrive.fr/image.ashx?id=2387597&use=l&cat=p&typeid=i","cat":284357},{"id":159416,"n":"Thym Ducros Grand flacon - 85g","p":3.37,"u":"39,65 €/KG","img":"https://fd13-photos.leclercdrive.fr/image.ashx?id=2486557&use=l&cat=p&typeid=i","cat":298297},{"id":159448,"n":"Boisson aux fruits Jafun Pomme Cassis Framboise - 2L","p":1.49,"u":"0,75 €/L","img":"https://fd13-photos.leclercdrive.fr/image.ashx?id=2956924&use=l&cat=p&typeid=i","cat":295018},{"id":159513,"n":"Bière aromatisée Desquiles Ginger - 50cl","p":1.39,"u":"2,78 €/L","img":"https://fd13-photos.leclercdrive.fr/image.ashx?id=2726494&use=l&cat=p&typeid=i","cat":334853},{"id":159519,"n":"Pates fusili Côté Snack Raclette - 300g","p":1.99,"u":"6,63 €/KG","img":"https://fd13-photos.leclercdrive.fr/image.ashx?id=2613291&use=l&cat=p&typeid=i","cat":334983},{"id":159520,"n":"Cordon bleu Le Gaulois Escalopes - 200g","p":2.31,"u":"11,55 €/KG","img":"https://fd13-photos.leclercdrive.fr/image.ashx?id=2637102&use=l&cat=p&typeid=i","cat":333683},{"id":159522,"n":"Cremio Box Sodebo Jambon Emmental 280g","p":2.63,"u":"9,39 €/KG","img":"https://fd13-photos.leclercdrive.fr/image.ashx?id=2860196&use=l&cat=p&typeid=i","cat":334983},{"id":159583,"n":"Galettes de sarrasin Brieuc 150g","p":3.1,"u":"20,67 €/KG","img":"https://fd13-photos.leclercdrive.fr/image.ashx?id=2672473&use=l&cat=p&typeid=i","cat":284487},{"id":159598,"n":"Terrine Forestiere 180g","p":1.98,"u":"11,00 €/KG","img":"https://fd13-photos.leclercdrive.fr/image.ashx?id=2409370&use=l&cat=p&typeid=i","cat":305149},{"id":159599,"n":"Terrine bretonne 180g","p":1.98,"u":"11,00 €/KG","img":"https://fd13-photos.leclercdrive.fr/image.ashx?id=2532687&use=l&cat=p&typeid=i","cat":305149},{"id":159627,"n":"Fromage Fol Epi  Originale 8 Tranches - 150g","p":2.17,"u":"14,47 €/KG","img":"https://fd13-photos.leclercdrive.fr/image.ashx?id=2456801&use=l&cat=p&typeid=i","cat":314028},{"id":159630,"n":"Pomme de terre Eco+ Epluchées - 1kg","p":1.95,"u":"1,95 €/KG","img":"https://fd13-photos.leclercdrive.fr/image.ashx?id=2712422&use=l&cat=p&typeid=i","cat":284352},{"id":159735,"n":"Pomme Framboise Bio Good Goût - Gourde - 120g","p":1.78,"u":"14,83 €/KG","img":"https://fd13-photos.leclercdrive.fr/image.ashx?id=2736103&use=l&cat=p&typeid=i","cat":312387},{"id":159792,"n":"Ampoule LED Standard Osram E27 7W=60 verre dépoli - x2","p":8.9,"u":"Dont 0,58 € d'éco-part.","img":"https://fd13-photos.leclercdrive.fr/image.ashx?id=2655502&use=l&cat=p&typeid=i","cat":300573},{"id":159827,"n":"Oeufs Paroles d'Eleveurs Oeufs de nos Villages x6","p":1.65,"u":"0,28 €/P","img":"https://fd13-photos.leclercdrive.fr/image.ashx?id=2142929&use=l&cat=p&typeid=i","cat":284378},{"id":159844,"n":"Ampoule Led Standard Osram E27 7W=60 verre dépoli - x2","p":8.9,"u":"Dont 0,82 € d'éco-part.","img":"https://fd13-photos.leclercdrive.fr/image.ashx?id=2655505&use=l&cat=p&typeid=i","cat":300573},{"id":159892,"n":"Petits pots bébé P'TITE RECETTE Risotto 8M+ - 2x200g","p":2.18,"u":"5,45 €/KG","img":"https://fd13-photos.leclercdrive.fr/image.ashx?id=2737132&use=l&cat=p&typeid=i","cat":312236},{"id":159897,"n":"Fromage Enfant Kiri Crème 12 portions à tartiner - 216g","p":2.86,"u":"13,24 €/KG","img":"https://fd13-photos.leclercdrive.fr/image.ashx?id=2973565&use=l&cat=p&typeid=i","cat":314030},{"id":159899,"n":"Biscuit caramel P'tit Déli Beurre salé - 120g","p":2.12,"u":"17,67 €/KG","img":"https://fd13-photos.leclercdrive.fr/image.ashx?id=2141738&use=l&cat=p&typeid=i","cat":284487},{"id":159903,"n":"Boisson aux fruits Jafun Tropical - 2L","p":1.75,"u":"0,88 €/L","img":"https://fd13-photos.leclercdrive.fr/image.ashx?id=2897835&use=l&cat=p&typeid=i","cat":295018},{"id":159945,"n":"Huile motoculture Beaux Jours 2t - 2L","p":9.49,"u":"4,75 €/L","img":"https://fd13-photos.leclercdrive.fr/image.ashx?id=2297795&use=l&cat=p&typeid=i","cat":298253},{"id":159947,"n":"Huile motoculture Beaux Jours 4t - 2L","p":7.49,"u":"3,75 €/L","img":"https://fd13-photos.leclercdrive.fr/image.ashx?id=2297798&use=l&cat=p&typeid=i","cat":298253},{"id":159951,"n":"Huile tronçonneuse Beaux Jours 5L","p":15.99,"u":"3,20 €/L","img":"https://fd13-photos.leclercdrive.fr/image.ashx?id=2297804&use=l&cat=p&typeid=i","cat":298253},{"id":159952,"n":"Chocolat noir Côte d'Or Noix de pécan & Noisettes 180g","p":4.06,"u":"22,56 €/KG","img":"https://fd13-photos.leclercdrive.fr/image.ashx?id=2145346&use=l&cat=p&typeid=i","cat":284956},{"id":159958,"n":"Huile moteur Tech 9 5W40 Diesel - 5L","p":23.5,"u":"4,70 €/L","img":"https://fd13-photos.leclercdrive.fr/image.ashx?id=2148782&use=l&cat=p&typeid=i","cat":298253},{"id":159959,"n":"Huile moteur Tech 9 5W40 Diesel - 2L","p":11.39,"u":"5,70 €/L","img":"https://fd13-photos.leclercdrive.fr/image.ashx?id=2162687&use=l&cat=p&typeid=i","cat":298253},{"id":159960,"n":"Huile moteur Tech 9 5W40 Essence - 2L","p":12.39,"u":"6,20 €/L","img":"https://fd13-photos.leclercdrive.fr/image.ashx?id=2162690&use=l&cat=p&typeid=i","cat":298253},{"id":159961,"n":"Huile moteur Tech 9 5W40 Essence - 5L","p":23.5,"u":"4,70 €/L","img":"https://fd13-photos.leclercdrive.fr/image.ashx?id=2148785&use=l&cat=p&typeid=i","cat":298253},{"id":159965,"n":"Capsules Starbucks by Nespresso  Colombia Int 7 - x18","p":6.05,"u":"59,90 €/KG","img":"https://fd13-photos.leclercdrive.fr/image.ashx?id=2668174&use=l&cat=p&typeid=i","cat":284749},{"id":159968,"n":"Chocolats Pops KitKat Noisettes - 200g","p":3.79,"u":"18,95 €/KG","img":"https://fd13-photos.leclercdrive.fr/image.ashx?id=2390251&use=l&cat=p&typeid=i","cat":304238},{"id":159969,"n":"Huile moteur Tech 9 0W30 mixte - 5L","p":46.49,"u":"9,30 €/L","img":"https://fd13-photos.leclercdrive.fr/image.ashx?id=2162696&use=l&cat=p&typeid=i","cat":298253},{"id":159975,"n":"Huile tronçonneuse Eco + 5L","p":14.88,"u":"2,98 €/L","img":"https://fd13-photos.leclercdrive.fr/image.ashx?id=2235872&use=l&cat=p&typeid=i","cat":298253},{"id":159976,"n":"Repas Enfant Poulet Et Légumes  P'tite Recette - 2x200g","p":2.14,"u":"10,70 €/KG","img":"https://fd13-photos.leclercdrive.fr/image.ashx?id=2525723&use=l&cat=p&typeid=i","cat":312236},{"id":159980,"n":"Huile moteur Tech 9 10W40 Diesel - 5L","p":18.4,"u":"3,68 €/L","img":"https://fd13-photos.leclercdrive.fr/image.ashx?id=2148767&use=l&cat=p&typeid=i","cat":298253},{"id":159981,"n":"Huile moteur Tech 9 10W40 Diesel - 2L","p":8.9,"u":"4,45 €/L","img":"https://fd13-photos.leclercdrive.fr/image.ashx?id=2193818&use=l&cat=p&typeid=i","cat":298253},{"id":159982,"n":"Huile moteur Tech 9 10W40 Essence - 2L","p":8.9,"u":"4,45 €/L","img":"https://fd13-photos.leclercdrive.fr/image.ashx?id=2162663&use=l&cat=p&typeid=i","cat":298253},{"id":159985,"n":"Huile moteur Tech 9 10W40 Essence - 5L","p":18.4,"u":"3,68 €/L","img":"https://fd13-photos.leclercdrive.fr/image.ashx?id=2148770&use=l&cat=p&typeid=i","cat":298253},{"id":159986,"n":"Huile moteur Tech 9 15W40 Diesel - 2L","p":7.99,"u":"4,00 €/L","img":"https://fd13-photos.leclercdrive.fr/image.ashx?id=2162666&use=l&cat=p&typeid=i","cat":298253},{"id":159987,"n":"Huile moteur Tech 9 15W40 Essence - 2L","p":7.99,"u":"4,00 €/L","img":"https://fd13-photos.leclercdrive.fr/image.ashx?id=2162669&use=l&cat=p&typeid=i","cat":298253},{"id":159989,"n":"Huile moteur Tech 9 15W49 Diesel - 5L","p":15.75,"u":"3,15 €/L","img":"https://fd13-photos.leclercdrive.fr/image.ashx?id=2162672&use=l&cat=p&typeid=i","cat":298253},{"id":159990,"n":"Huile moteur Tech 9 15W40 Essence - 5L","p":15.75,"u":"3,15 €/L","img":"https://fd13-photos.leclercdrive.fr/image.ashx?id=2162675&use=l&cat=p&typeid=i","cat":298253},{"id":160101,"n":"Yaourt brassé Perle de Lait Panaché - 8x125g","p":3.46,"u":"3,46 €/KG","img":"https://fd13-photos.leclercdrive.fr/image.ashx?id=2989222&use=l&cat=p&typeid=i","cat":286006},{"id":160106,"n":"Jus innocent  tutti frutti 1.5L","p":4.0,"u":"2,67 €/L","img":"https://fd13-photos.leclercdrive.fr/image.ashx?id=2907449&use=l&cat=p&typeid=i","cat":284354},{"id":160118,"n":"Yaourt grec Delta Nature 10%MG - 300g","p":3.04,"u":"10,13 €/KG","img":"https://fd13-photos.leclercdrive.fr/image.ashx?id=2528789&use=l&cat=p&typeid=i","cat":314999},{"id":160147,"n":"Yaourt gourmand Mamie Nova Citron lemon curd - 2x150g","p":1.55,"u":"5,17 €/KG","img":"https://fd13-photos.leclercdrive.fr/image.ashx?id=2144638&use=l&cat=p&typeid=i","cat":284410},{"id":160177,"n":"Madeleines Saint Michel Pépites chocolat - 700g","p":4.12,"u":"5,89 €/KG","img":"https://fd13-photos.leclercdrive.fr/image.ashx?id=2338141&use=l&cat=p&typeid=i","cat":284492},{"id":160238,"n":"Nappage Fruits rouges Vahiné 155g","p":2.52,"u":"16,26 €/KG","img":"https://fd13-photos.leclercdrive.fr/image.ashx?id=2805270&use=l&cat=p&typeid=i","cat":284504},{"id":160394,"n":"Yaourt à boire Actimel Nature - 6x100g","p":3.04,"u":"5,07 €/KG","img":"https://fd13-photos.leclercdrive.fr/image.ashx?id=2992723&use=l&cat=p&typeid=i","cat":284415},{"id":160396,"n":"Yaourt bifidus Activia céréales Granola amarante - 4x120g","p":2.36,"u":"4,92 €/KG","img":"https://fd13-photos.leclercdrive.fr/image.ashx?id=2792078&use=l&cat=p&typeid=i","cat":315000},{"id":160428,"n":"Lessive liquide fraicheur Epsil 40 lavages - 2L","p":4.6,"u":"2,30 €/L","img":"https://fd13-photos.leclercdrive.fr/image.ashx?id=2602982&use=l&cat=p&typeid=i","cat":284640},{"id":160429,"n":"Lessive liquide printemps Epsil 40 Lavages - 2L","p":4.6,"u":"2,30 €/L","img":"https://fd13-photos.leclercdrive.fr/image.ashx?id=2602988&use=l&cat=p&typeid=i","cat":284640},{"id":160430,"n":"Lessive liquide sensitive Epsil 40 lavages - 2L","p":5.99,"u":"3,00 €/L","img":"https://fd13-photos.leclercdrive.fr/image.ashx?id=2838951&use=l&cat=p&typeid=i","cat":284640},{"id":160450,"n":"Vin de France rouge Terre Métissée - 75cl","p":6.95,"u":"9,27 €/L","img":"https://fd13-photos.leclercdrive.fr/image.ashx?id=2907608&use=l&cat=p&typeid=i","cat":289556},{"id":160453,"n":"Vin rouge Italie Nero Maronne 13,5° - 75cl","p":6.5,"u":"8,67 €/L","img":"https://fd13-photos.leclercdrive.fr/image.ashx?id=2794646&use=l&cat=p&typeid=i","cat":289556},{"id":160721,"n":"Soda Breizh Cola zéro 6x1.5L","p":7.43,"u":"0,83 €/L","img":"https://fd13-photos.leclercdrive.fr/image.ashx?id=2159562&use=l&cat=p&typeid=i","cat":284530},{"id":160726,"n":"Cerise bigarreau St Mamet 240g","p":3.15,"u":"13,13 €/KG","img":"https://fd13-photos.leclercdrive.fr/image.ashx?id=2628425&use=l&cat=p&typeid=i","cat":284507},{"id":160756,"n":"Papier Toilette Humide - Aloe Vera Lotus - x80","p":3.49,"u":"0,04 €/P","img":"https://fd13-photos.leclercdrive.fr/image.ashx?id=2842927&use=l&cat=p&typeid=i","cat":284634},{"id":160765,"n":"AOP Côtes de Provence vin rosé Bernard Cordelier - 75 cl","p":3.99,"u":"5,32 €/L","img":"https://fd13-photos.leclercdrive.fr/image.ashx?id=2884204&use=l&cat=p&typeid=i","cat":289558},{"id":160820,"n":"Mozza Sticks Pickers by McCain Batonnets de mozzarella - 230g","p":3.44,"u":"14,96 €/KG","img":"https://fd13-photos.leclercdrive.fr/image.ashx?id=2920021&use=l&cat=p&typeid=i","cat":319822},{"id":160821,"n":"Onion rings Pickers by McCain 350g","p":3.42,"u":"9,77 €/KG","img":"https://fd13-photos.leclercdrive.fr/image.ashx?id=2920024&use=l&cat=p&typeid=i","cat":319822},{"id":160822,"n":"Italian Pops Pickers by McCain Bouchées tomates mozza - 230g","p":3.55,"u":"15,43 €/KG","img":"https://fd13-photos.leclercdrive.fr/image.ashx?id=2911588&use=l&cat=p&typeid=i","cat":319822},{"id":160823,"n":"Nacho cheese Pickers by McCain Triangles fromage poivron 230g","p":3.55,"u":"15,43 €/KG","img":"https://fd13-photos.leclercdrive.fr/image.ashx?id=2752227&use=l&cat=p&typeid=i","cat":319822},{"id":160992,"n":"Sandwich ciabatta Daunat Bacon Emmental - 200g","p":2.94,"u":"14,70 €/KG","img":"https://fd13-photos.leclercdrive.fr/image.ashx?id=2194993&use=l&cat=p&typeid=i","cat":333658},{"id":160993,"n":"Sandwich ciabatta Daunat Poulet rôti Gruyère IGP - 200g","p":2.94,"u":"14,70 €/KG","img":"https://fd13-photos.leclercdrive.fr/image.ashx?id=2194232&use=l&cat=p&typeid=i","cat":333658},{"id":161003,"n":"Mayonnaise Bénédicta Nature - 510g","p":2.42,"u":"4,75 €/KG","img":"https://fd13-photos.leclercdrive.fr/image.ashx?id=2548225&use=l&cat=p&typeid=i","cat":298295},{"id":161006,"n":"Mayonnaise Bénédicta Nature - 585g","p":2.92,"u":"4,99 €/KG","img":"https://fd13-photos.leclercdrive.fr/image.ashx?id=2889664&use=l&cat=p&typeid=i","cat":298295},{"id":161007,"n":"Mayonnaise Bénédicta Nature - 400g","p":2.39,"u":"5,98 €/KG","img":"https://fd13-photos.leclercdrive.fr/image.ashx?id=2548237&use=l&cat=p&typeid=i","cat":298295},{"id":161044,"n":"Mini poivrons mélange HVE Panier du Primeur - 200g","p":3.29,"u":"16,45 €/KG","img":"https://fd13-photos.leclercdrive.fr/image.ashx?id=2184371&use=l&cat=p&typeid=i","cat":284352},{"id":161070,"n":"Nappe gaufrée Homeside Turquoise - 25m","p":9.9,"u":"0,40 €/MT","img":"https://fd13-photos.leclercdrive.fr/image.ashx?id=2152705&use=l&cat=p&typeid=i","cat":334134},{"id":161082,"n":"Café capsules DOLCE GUSTO Starbucks vanilla macchiato 2x6","p":4.39,"u":"33,26 €/KG","img":"https://fd13-photos.leclercdrive.fr/image.ashx?id=2986912&use=l&cat=p&typeid=i","cat":293239},{"id":161098,"n":"Shampooing solide Bionaîa Cheveux normaux bio - 85g","p":2.99,"u":"35,18 €/KG","img":"https://fd13-photos.leclercdrive.fr/image.ashx?id=2494223&use=l&cat=p&typeid=i","cat":284606},{"id":161105,"n":"Morceaux de thon Petit Navire 2x112g","p":3.77,"u":"16,83 €/KG","img":"https://fd13-photos.leclercdrive.fr/image.ashx?id=2785130&use=l&cat=p&typeid=i","cat":303867},{"id":161123,"n":"Boisson aux fruits Jafun Fraise Framboise - 2L","p":2.12,"u":"1,06 €/L","img":"https://fd13-photos.leclercdrive.fr/image.ashx?id=2865287&use=l&cat=p&typeid=i","cat":295018},{"id":161126,"n":"Boisson aux fruits Jafun Multifruits - 2L","p":1.99,"u":"1,00 €/L","img":"https://fd13-photos.leclercdrive.fr/image.ashx?id=2897832&use=l&cat=p&typeid=i","cat":295018},{"id":161130,"n":"Boissons à base de fruit Jafun Pêche Abricot - 2L","p":1.99,"u":"1,00 €/L","img":"https://fd13-photos.leclercdrive.fr/image.ashx?id=2865293&use=l&cat=p&typeid=i","cat":295018},{"id":161131,"n":"Boisson à base de fruits Jafun Pomme Kiwi - 2L","p":2.6,"u":"1,30 €/L","img":"https://fd13-photos.leclercdrive.fr/image.ashx?id=2865299&use=l&cat=p&typeid=i","cat":295018},{"id":161135,"n":"DOC Prosecco extra-dry rosé Marque Repère - 7% vol 75 cl","p":5.49,"u":"7,32 €/L","img":"https://fd13-photos.leclercdrive.fr/image.ashx?id=2977180&use=l&cat=p&typeid=i","cat":289461},{"id":161144,"n":"Boisson à base de fruits Jafun Pomme poire - 2L","p":2.23,"u":"1,12 €/L","img":"https://fd13-photos.leclercdrive.fr/image.ashx?id=2865302&use=l&cat=p&typeid=i","cat":295018},{"id":161166,"n":"15 cierges étincelants gris Devineau 17,5cm - 1 pièce","p":1.9,"img":"https://fd13-photos.leclercdrive.fr/image.ashx?id=2155633&use=l&cat=p&typeid=i","cat":335913},{"id":161168,"n":"Beef-Stick Vitakraft Dinde - 48g","p":2.1,"u":"43,75 €/KG","img":"https://fd13-photos.leclercdrive.fr/image.ashx?id=2184323&use=l&cat=p&typeid=i","cat":294527},{"id":161173,"n":"Bougies droites 19H160 Devineau Blanc non parfumées - x10","p":2.29,"img":"https://fd13-photos.leclercdrive.fr/image.ashx?id=2177070&use=l&cat=p&typeid=i","cat":335913},{"id":161410,"n":"Pains hot dog La Fournée Dorée Brioch' x6 - 270g","p":1.91,"u":"7,07 €/KG","img":"https://fd13-photos.leclercdrive.fr/image.ashx?id=2406136&use=l&cat=p&typeid=i","cat":284985},{"id":161414,"n":"Confiture aux framboises Léonce Blanc 70% de fruits-320g","p":4.04,"u":"12,63 €/KG","img":"https://fd13-photos.leclercdrive.fr/image.ashx?id=2285660&use=l&cat=p&typeid=i","cat":284480},{"id":161415,"n":"Confiture aux abricots Léonce Blanc 70% de fruits-320g","p":3.16,"u":"9,88 €/KG","img":"https://fd13-photos.leclercdrive.fr/image.ashx?id=2181161&use=l&cat=p&typeid=i","cat":284480},{"id":161431,"n":"Lessive liquide Briochin Bicarbonate de soude - 2,27L","p":8.99,"u":"3,96 €/L","img":"https://fd13-photos.leclercdrive.fr/image.ashx?id=3000764&use=l&cat=p&typeid=i","cat":284640},{"id":161432,"n":"Lessive liquide Briochin Peaux sensibles - 2,27L","p":8.29,"u":"3,65 €/L","img":"https://fd13-photos.leclercdrive.fr/image.ashx?id=3000770&use=l&cat=p&typeid=i","cat":284640},{"id":161433,"n":"Dragibus Doypack Haribo Sachet bonbons - 220g","p":1.63,"u":"7,41 €/KG","img":"https://fd13-photos.leclercdrive.fr/image.ashx?id=2984940&use=l&cat=p&typeid=i","cat":304250},{"id":161434,"n":"Lessive détachante savon noir  50 lavages - 2,27L","p":8.42,"u":"3,71 €/L","img":"https://fd13-photos.leclercdrive.fr/image.ashx?id=3000767&use=l&cat=p&typeid=i","cat":284640},{"id":161437,"n":"Happy Cola Pik Haribo Sachet bonbons acidulés - 200g","p":2.02,"u":"10,10 €/KG","img":"https://fd13-photos.leclercdrive.fr/image.ashx?id=2984928&use=l&cat=p&typeid=i","cat":304250},{"id":161444,"n":"Déodorant Anti-Traces Grenade - Monsavon - x1","p":1.89,"img":"https://fd13-photos.leclercdrive.fr/image.ashx?id=2630847&use=l&cat=p&typeid=i","cat":284595},{"id":161483,"n":"Lait Le Petit Marseillais Hydratant désaltérant 400ml","p":4.2,"u":"10,50 €/L","img":"https://fd13-photos.leclercdrive.fr/image.ashx?id=2157175&use=l&cat=p&typeid=i","cat":325349},{"id":161526,"n":"Saucisse Knacki Herta 100% poulet x4 - 140g","p":1.33,"u":"9,50 €/KG","img":"https://fd13-photos.leclercdrive.fr/image.ashx?id=2290425&use=l&cat=p&typeid=i","cat":316012},{"id":161619,"n":"IGP pâtes Grand-Mère Coquillettes - 500g","p":1.99,"u":"3,98 €/KG","img":"https://fd13-photos.leclercdrive.fr/image.ashx?id=2191993&use=l&cat=p&typeid=i","cat":284427},{"id":161658,"n":"Gomme bulle Bic Bleu marine- x1","p":1.42,"img":"https://fd13-photos.leclercdrive.fr/image.ashx?id=2160469&use=l&cat=p&typeid=i","cat":334133},{"id":161659,"n":"Gomme bulle Bic Rose- x1","p":1.42,"img":"https://fd13-photos.leclercdrive.fr/image.ashx?id=2160472&use=l&cat=p&typeid=i","cat":334133},{"id":161708,"n":"Infusion Twinings Ayurveda Fraise Myrtille Grenade x20","p":2.49,"u":"77,81 €/KG","img":"https://fd13-photos.leclercdrive.fr/image.ashx?id=2893054&use=l&cat=p&typeid=i","cat":293234},{"id":161709,"n":"Déodorant bille Men Expert Thermic Resist - 50ml","p":2.55,"u":"51,00 €/L","img":"https://fd13-photos.leclercdrive.fr/image.ashx?id=2300518&use=l&cat=p&typeid=i","cat":284618},{"id":161736,"n":"Frites belges Belviva 1kg","p":2.97,"u":"2,97 €/KG","img":"https://fd13-photos.leclercdrive.fr/image.ashx?id=2165521&use=l&cat=p&typeid=i","cat":319791},{"id":161743,"n":"AOP Valençay vin blanc sec Les Beaux Monts - 75cl","p":6.61,"u":"8,81 €/L","img":"https://fd13-photos.leclercdrive.fr/image.ashx?id=2919859&use=l&cat=p&typeid=i","cat":289557},{"id":161766,"n":"AOP Coteaux Aix en Provence Rosé Estantdon X -75cl","p":7.5,"u":"10,00 €/L","img":"https://fd13-photos.leclercdrive.fr/image.ashx?id=2902720&use=l&cat=p&typeid=i","cat":289558},{"id":161776,"n":"AOC Mondeuse vin rouge Chevallier Bernard - 75cl","p":6.62,"u":"8,83 €/L","img":"https://fd13-photos.leclercdrive.fr/image.ashx?id=2167119&use=l&cat=p&typeid=i","cat":289556},{"id":161785,"n":"AOP Touraine Guy Allion  \"Les Perdriettes\" -75cl","p":4.96,"u":"6,61 €/L","img":"https://fd13-photos.leclercdrive.fr/image.ashx?id=2213064&use=l&cat=p&typeid=i","cat":289556},{"id":161789,"n":"AOC Bandol Rosé Château Guilhem Tournier - 75cl","p":10.95,"u":"14,60 €/L","img":"https://fd13-photos.leclercdrive.fr/image.ashx?id=2445280&use=l&cat=p&typeid=i","cat":289558},{"id":161800,"n":"Pâté de porc \"Pâté d'cochonne\" avec jambon et filet - 156g","p":3.09,"u":"19,81 €/KG","img":"https://fd13-photos.leclercdrive.fr/image.ashx?id=2161705&use=l&cat=p&typeid=i","cat":305149},{"id":161846,"n":"Sucre roux Tablier blanc En morceaux - 1kg","p":1.81,"u":"1,81 €/KG","img":"https://fd13-photos.leclercdrive.fr/image.ashx?id=3010437&use=l&cat=p&typeid=i","cat":284502},{"id":161849,"n":"Chipolatas Loussouarn Sans colorant - x6 - 300g","p":4.05,"u":"13,50 €/KG","img":"https://fd13-photos.leclercdrive.fr/image.ashx?id=2524835&use=l&cat=p&typeid=i","cat":284334},{"id":161850,"n":"Merguez Loussouarn x6 - 300g","p":5.5,"u":"18,33 €/KG","img":"https://fd13-photos.leclercdrive.fr/image.ashx?id=2524838&use=l&cat=p&typeid=i","cat":284334},{"id":161851,"n":"Salade Loussouarn Jardinière de légumes - 500g","p":4.25,"u":"8,50 €/KG","img":"https://fd13-photos.leclercdrive.fr/image.ashx?id=2212689&use=l&cat=p&typeid=i","cat":333657},{"id":161914,"n":"Boisson aux fruits Jafun Tropical light - 2L","p":1.39,"u":"0,70 €/L","img":"https://fd13-photos.leclercdrive.fr/image.ashx?id=2720184&use=l&cat=p&typeid=i","cat":295018},{"id":161915,"n":"Boisson tropical brick Jafun 6x20cl","p":2.19,"u":"1,83 €/L","img":"https://fd13-photos.leclercdrive.fr/image.ashx?id=2529617&use=l&cat=p&typeid=i","cat":295018},{"id":162161,"n":"Compotes Pom'Potes Gourdes  5 Fruits Rouges&Jaunes -12x90g","p":5.39,"u":"4,99 €/KG","img":"https://fd13-photos.leclercdrive.fr/image.ashx?id=3010945&use=l&cat=p&typeid=i","cat":284508},{"id":162163,"n":"Compotes Pom'Potes Gourdes  Pomme, Pomme Fraise - 12x90g","p":6.24,"u":"5,78 €/KG","img":"https://fd13-photos.leclercdrive.fr/image.ashx?id=3007927&use=l&cat=p&typeid=i","cat":284508},{"id":162175,"n":"Pancakes chocolat Whaou! x7 - 259g","p":2.31,"u":"8,92 €/KG","img":"https://fd13-photos.leclercdrive.fr/image.ashx?id=2740652&use=l&cat=p&typeid=i","cat":284495},{"id":162193,"n":"Pizza Dolce Sodebo Napoli  Mozza Poulet - 400g","p":4.74,"u":"11,85 €/KG","img":"https://fd13-photos.leclercdrive.fr/image.ashx?id=2865707&use=l&cat=p&typeid=i","cat":333679},{"id":162206,"n":"Yaourt aux fruits bifidus Activia poire - 6x125g","p":2.63,"u":"3,51 €/KG","img":"https://fd13-photos.leclercdrive.fr/image.ashx?id=2741844&use=l&cat=p&typeid=i","cat":315000},{"id":162220,"n":"Yaourt aux fruits bifidus  Activia fraise - 6x125g","p":2.64,"u":"3,52 €/KG","img":"https://fd13-photos.leclercdrive.fr/image.ashx?id=2741811&use=l&cat=p&typeid=i","cat":315000},{"id":162271,"n":"Tablette de chocolat noir Lindt Intense 70% - 2x200g","p":6.46,"pp":4.26,"u":"10,65 €/KG","img":"https://fd13-photos.leclercdrive.fr/image.ashx?id=2208936&use=l&cat=p&typeid=i","cat":285562},{"id":162273,"n":"Pulpe de Tomate Fine - Mutti - 2x210g","p":1.46,"u":"3,48 €/KG","img":"https://fd13-photos.leclercdrive.fr/image.ashx?id=2664238&use=l&cat=p&typeid=i","cat":288384},{"id":162274,"n":"Sauce Crudités Benedicta  Nature légère - 295g","p":1.85,"u":"6,27 €/KG","img":"https://fd13-photos.leclercdrive.fr/image.ashx?id=2755206&use=l&cat=p&typeid=i","cat":284456},{"id":162275,"n":"Sauce Pita Heinz - 230g","p":1.97,"u":"8,57 €/KG","img":"https://fd13-photos.leclercdrive.fr/image.ashx?id=2973165&use=l&cat=p&typeid=i","cat":318431},{"id":162315,"n":"Stylo-bille 4 couleurs Bic Dream Big","p":2.72,"img":"https://fd13-photos.leclercdrive.fr/image.ashx?id=2163665&use=l&cat=p&typeid=i","cat":284696},{"id":162349,"n":"Beignets de crevette L'Atelier Traiteur x6 - 140g","p":3.39,"u":"24,21 €/KG","img":"https://fd13-photos.leclercdrive.fr/image.ashx?id=2917323&use=l&cat=p&typeid=i","cat":333673},{"id":162358,"n":"Saucisson Mini Justin Bridou Bâton de Berger Noisette - 80g","p":2.9,"u":"36,25 €/KG","img":"https://fd13-photos.leclercdrive.fr/image.ashx?id=2165251&use=l&cat=p&typeid=i","cat":316006},{"id":162365,"n":"Eau minérale Plancoët 6x50cl","p":1.98,"u":"0,66 €/L","img":"https://fd13-photos.leclercdrive.fr/image.ashx?id=2553152&use=l&cat=p&typeid=i","cat":284535},{"id":162459,"n":"AOP Pécharmant  Château La Tilleraie - 75cl","p":9.41,"u":"12,55 €/L","img":"https://fd13-photos.leclercdrive.fr/image.ashx?id=2213982&use=l&cat=p&typeid=i","cat":289556},{"id":162485,"n":"Chili con carne Stephan 420g","p":3.9,"u":"9,29 €/KG","img":"https://fd13-photos.leclercdrive.fr/image.ashx?id=2757057&use=l&cat=p&typeid=i","cat":325094},{"id":162486,"n":"Torti bolognaise Stephan 420g","p":2.02,"u":"4,81 €/KG","img":"https://fd13-photos.leclercdrive.fr/image.ashx?id=2757054&use=l&cat=p&typeid=i","cat":284441},{"id":162570,"n":"Sauce apéritif Doritos Goût salsa épicée -280g","p":2.38,"u":"8,50 €/KG","img":"https://fd13-photos.leclercdrive.fr/image.ashx?id=3014473&use=l&cat=p&typeid=i","cat":284451},{"id":162571,"n":"Sauce apéritif Doritos Goût fromage -280g","p":2.74,"u":"9,79 €/KG","img":"https://fd13-photos.leclercdrive.fr/image.ashx?id=2170208&use=l&cat=p&typeid=i","cat":284451},{"id":162572,"n":"Sauce apéritif Doritos Goût sour cream -280g","p":2.5,"u":"8,93 €/KG","img":"https://fd13-photos.leclercdrive.fr/image.ashx?id=2167528&use=l&cat=p&typeid=i","cat":284451},{"id":162575,"n":"Maquereaux Petit Navire Vin blanc citron&romarin - 175g","p":2.21,"u":"13,08 €/KG","img":"https://fd13-photos.leclercdrive.fr/image.ashx?id=2523906&use=l&cat=p&typeid=i","cat":303868},{"id":162583,"n":"Thon entier MSC Saupiquet Nature - 93g","p":2.04,"u":"21,94 €/KG","img":"https://fd13-photos.leclercdrive.fr/image.ashx?id=2731546&use=l&cat=p&typeid=i","cat":303867},{"id":162588,"n":"Thon entier MSC Saupiquet Nature - 2x93g","p":3.8,"u":"20,43 €/KG","img":"https://fd13-photos.leclercdrive.fr/image.ashx?id=2860886&use=l&cat=p&typeid=i","cat":303867},{"id":162590,"n":"Thon entier MSC Saupiquet Nature - 280g","p":5.56,"u":"19,86 €/KG","img":"https://fd13-photos.leclercdrive.fr/image.ashx?id=2860883&use=l&cat=p&typeid=i","cat":303867},{"id":162596,"n":"Boisson aux fruits Jafun Orange - 2L","p":1.49,"u":"0,75 €/L","img":"https://fd13-photos.leclercdrive.fr/image.ashx?id=2897829&use=l&cat=p&typeid=i","cat":295018},{"id":162597,"n":"Lait concentré Régilait Sucré demi-écrémé - 300g","p":1.69,"u":"5,63 €/KG","img":"https://fd13-photos.leclercdrive.fr/image.ashx?id=2169956&use=l&cat=p&typeid=i","cat":293236},{"id":162613,"n":"Paëlla royale L'Atelier Traiteur - 900g","p":6.98,"u":"7,76 €/KG","img":"https://fd13-photos.leclercdrive.fr/image.ashx?id=2812611&use=l&cat=p&typeid=i","cat":333666},{"id":162614,"n":"Couscous L'Atelier Traiteur 900g","p":8.99,"u":"9,99 €/KG","img":"https://fd13-photos.leclercdrive.fr/image.ashx?id=2812614&use=l&cat=p&typeid=i","cat":333666},{"id":162777,"n":"Compote Andros Pommes/Pêches - 730g","p":2.09,"u":"2,86 €/KG","img":"https://fd13-photos.leclercdrive.fr/image.ashx?id=2395559&use=l&cat=p&typeid=i","cat":284508},{"id":162823,"n":"Bière blonde La Bête 8° - 6x25cl","p":8.03,"pp":5.3,"u":"3,53 €/L","img":"https://fd13-photos.leclercdrive.fr/image.ashx?id=3011245&use=l&cat=p&typeid=i","cat":334872},{"id":162853,"n":"Vin de France Merlot rouge Cuvée Jean-Baptiste - 3L","p":8.68,"u":"2,89 €/L","img":"https://fd13-photos.leclercdrive.fr/image.ashx?id=2971568&use=l&cat=p&typeid=i","cat":289556},{"id":162902,"n":"Aveze Gentiane Cherry Rocher - 100cl","p":7.47,"u":"7,47 €/L","img":"https://fd13-photos.leclercdrive.fr/image.ashx?id=2505115&use=l&cat=p&typeid=i","cat":286032},{"id":163021,"n":"Biscuits Knoppers Lait / Noisettes - 6x25g","p":2.01,"u":"13,40 €/KG","img":"https://fd13-photos.leclercdrive.fr/image.ashx?id=2659151&use=l&cat=p&typeid=i","cat":284488},{"id":163126,"n":"Farine pizza Francine 1kg","p":1.68,"u":"1,68 €/KG","img":"https://fd13-photos.leclercdrive.fr/image.ashx?id=2173154&use=l&cat=p&typeid=i","cat":284503},{"id":163127,"n":"Thon entier nature MSC Saupiquet - 2x140g","p":4.91,"u":"17,54 €/KG","img":"https://fd13-photos.leclercdrive.fr/image.ashx?id=2860871&use=l&cat=p&typeid=i","cat":303867},{"id":163129,"n":"Petits pains grillés Krisprolls Complet - 425g","p":3.05,"u":"7,18 €/KG","img":"https://fd13-photos.leclercdrive.fr/image.ashx?id=2793716&use=l&cat=p&typeid=i","cat":284479},{"id":163132,"n":"Boisson orange Jafun Brique - 6x20cl","p":2.5,"u":"2,08 €/L","img":"https://fd13-photos.leclercdrive.fr/image.ashx?id=2992579&use=l&cat=p&typeid=i","cat":284524},{"id":163133,"n":"Bière ambrée Kwak 8.4% - 75cl","p":4.6,"u":"6,13 €/L","img":"https://fd13-photos.leclercdrive.fr/image.ashx?id=2948423&use=l&cat=p&typeid=i","cat":334872},{"id":163143,"n":"Dragibus Soft Haribo Sachet bonbons - 300g","p":1.35,"u":"4,50 €/KG","img":"https://fd13-photos.leclercdrive.fr/image.ashx?id=2806123&use=l&cat=p&typeid=i","cat":304250},{"id":163145,"n":"Dragibus Original Haribo Multipack bonbons - 250g","p":1.74,"u":"6,96 €/KG","img":"https://fd13-photos.leclercdrive.fr/image.ashx?id=2984943&use=l&cat=p&typeid=i","cat":304250},{"id":163147,"n":"Bonbons Haribo Dragolo - 750g","p":4.3,"u":"5,73 €/KG","img":"https://fd13-photos.leclercdrive.fr/image.ashx?id=2803586&use=l&cat=p&typeid=i","cat":304250},{"id":163162,"n":"Amandine aux poires La Laitière 4x85g","p":2.82,"u":"8,29 €/KG","img":"https://fd13-photos.leclercdrive.fr/image.ashx?id=2683640&use=l&cat=p&typeid=i","cat":284419},{"id":163317,"n":"Assiettes plates Homeside 23cm blanc sans film PE - x50","p":2.69,"u":"0,05 €/P","img":"https://fd13-photos.leclercdrive.fr/image.ashx?id=2177415&use=l&cat=p&typeid=i","cat":334134},{"id":163319,"n":"Assiettes plates Homeside 23cm rouge sans film PE - x20","p":3.15,"u":"0,16 €/P","img":"https://fd13-photos.leclercdrive.fr/image.ashx?id=2177406&use=l&cat=p&typeid=i","cat":334134},{"id":163323,"n":"Assiettes plates Homeside 23cm turquoise sans film PE-x20","p":3.15,"u":"0,16 €/P","img":"https://fd13-photos.leclercdrive.fr/image.ashx?id=2177409&use=l&cat=p&typeid=i","cat":334134},{"id":163324,"n":"Assiettes plates Homeside 23 cm grise sans film PE - x20","p":3.15,"u":"0,16 €/P","img":"https://fd13-photos.leclercdrive.fr/image.ashx?id=2177391&use=l&cat=p&typeid=i","cat":334134},{"id":163325,"n":"Assiettes plates Homeside Rose clair 23 cm - x20","p":3.15,"u":"0,16 €/P","img":"https://fd13-photos.leclercdrive.fr/image.ashx?id=2928345&use=l&cat=p&typeid=i","cat":334134},{"id":163326,"n":"Assiettes plates Homeside 23 cm noir sans film PE - x20","p":3.15,"u":"0,16 €/P","img":"https://fd13-photos.leclercdrive.fr/image.ashx?id=2177397&use=l&cat=p&typeid=i","cat":334134},{"id":163328,"n":"Aassiettes plates Homeside 23 cm anis sans film PE - x20","p":3.15,"u":"0,16 €/P","img":"https://fd13-photos.leclercdrive.fr/image.ashx?id=2177385&use=l&cat=p&typeid=i","cat":334134},{"id":163329,"n":"Assiettes plates Homeside 23 cm jaune sans film PE - x20","p":3.15,"u":"0,16 €/P","img":"https://fd13-photos.leclercdrive.fr/image.ashx?id=2177394&use=l&cat=p&typeid=i","cat":334134},{"id":163331,"n":"Assiettes plates Homeside Bleue 23cm  sans film PE - x20","p":3.15,"u":"0,16 €/P","img":"https://fd13-photos.leclercdrive.fr/image.ashx?id=2927893&use=l&cat=p&typeid=i","cat":334134},{"id":163333,"n":"Assiettes plates Homeside 23 cm Bleu nuit sans film - x20","p":3.15,"img":"https://fd13-photos.leclercdrive.fr/image.ashx?id=2742321&use=l&cat=p&typeid=i","cat":334134},{"id":163342,"n":"Gobelets 25cl Homeside Gris - x12","p":1.5,"u":"0,13 €/P","img":"https://fd13-photos.leclercdrive.fr/image.ashx?id=2708961&use=l&cat=p&typeid=i","cat":334134},{"id":163350,"n":"Gobelets 25cl Homeside Chaud/froid - 25","p":1.9,"u":"0,08 €/P","img":"https://fd13-photos.leclercdrive.fr/image.ashx?id=2177355&use=l&cat=p&typeid=i","cat":334134},{"id":163354,"n":"Gobelets 20cl Eco+ Blanc - x50","p":1.79,"u":"0,04 €/P","img":"https://fd13-photos.leclercdrive.fr/image.ashx?id=2176608&use=l&cat=p&typeid=i","cat":334134},{"id":163361,"n":"Gobelets 25cl Homeside Rouge - x12","p":1.5,"u":"0,13 €/P","img":"https://fd13-photos.leclercdrive.fr/image.ashx?id=2708982&use=l&cat=p&typeid=i","cat":334134},{"id":163362,"n":"Gobelets double paroi Homeside 10cl Carton kraft - x10","p":1.4,"u":"0,14 €/P","img":"https://fd13-photos.leclercdrive.fr/image.ashx?id=2181584&use=l&cat=p&typeid=i","cat":334134},{"id":163363,"n":"Gobelets double paroi Homeside 25cl Carton kraft - x10","p":1.8,"u":"0,18 €/P","img":"https://fd13-photos.leclercdrive.fr/image.ashx?id=2484774&use=l&cat=p&typeid=i","cat":334134},{"id":163370,"n":"Thon entier Petit Navire MSC Nature - 3x112g","p":8.38,"u":"24,94 €/KG","img":"https://fd13-photos.leclercdrive.fr/image.ashx?id=2521921&use=l&cat=p&typeid=i","cat":303867},{"id":163380,"n":"Saumon Atlantique Bio Fumé Petit Navire - 2 Tranches - 60g","p":4.76,"u":"79,33 €/KG","img":"https://fd13-photos.leclercdrive.fr/image.ashx?id=2819436&use=l&cat=p&typeid=i","cat":285188},{"id":163413,"n":"Brossettes Efiseptyl Clean Expert 0.7mm - 1 pièce","p":3.5,"img":"https://fd13-photos.leclercdrive.fr/image.ashx?id=2928402&use=l&cat=p&typeid=i","cat":285159},{"id":163414,"n":"Brossettes Efiseptyl Clean Expert 0.9mm - 1 pièce","p":3.5,"img":"https://fd13-photos.leclercdrive.fr/image.ashx?id=2928405&use=l&cat=p&typeid=i","cat":285159},{"id":163420,"n":"Smarties Mini Bonbons Chocolats 21 boites - 315g","p":3.85,"u":"12,22 €/KG","img":"https://fd13-photos.leclercdrive.fr/image.ashx?id=2740862&use=l&cat=p&typeid=i","cat":304238},{"id":163428,"n":"Crayon à sourcils Maybelline  Duo crayon et poudre","p":9.48,"img":"https://fd13-photos.leclercdrive.fr/image.ashx?id=2377787&use=l&cat=p&typeid=i","cat":287029},{"id":163436,"n":"Ampoule H4 +50% de luminosité - x1","p":4.3,"img":"https://fd13-photos.leclercdrive.fr/image.ashx?id=2665883&use=l&cat=p&typeid=i","cat":300573},{"id":163438,"n":"Ampoules H4 + 50% de luminosité - x2","p":5.99,"u":"3,00 €/P","img":"https://fd13-photos.leclercdrive.fr/image.ashx?id=2283613&use=l&cat=p&typeid=i","cat":300573},{"id":163476,"n":"Petit pot bébé Bledina 6 mois purée Carottes Choux fleurs","p":2.04,"u":"5,10 €/KG","img":"https://fd13-photos.leclercdrive.fr/image.ashx?id=2909509&use=l&cat=p&typeid=i","cat":312235},{"id":163480,"n":"Pois chiches Cassegrain  - 2x265g","p":3.59,"u":"6,77 €/KG","img":"https://fd13-photos.leclercdrive.fr/image.ashx?id=2974294&use=l&cat=p&typeid=i","cat":312609},{"id":163521,"n":"Petit pot bébé Blédina 4-6 mois Épinards - 2x130g","p":1.56,"u":"6,00 €/KG","img":"https://fd13-photos.leclercdrive.fr/image.ashx?id=2986167&use=l&cat=p&typeid=i","cat":312234},{"id":163525,"n":"Petit pot bébé Blédina 6 mois Haricot carotte veau - 2x200g","p":2.22,"u":"5,55 €/KG","img":"https://fd13-photos.leclercdrive.fr/image.ashx?id=2935756&use=l&cat=p&typeid=i","cat":312236},{"id":163526,"n":"Petit pot bébé bledina 6 mois  Purée légumes agneau - 2x200g","p":2.24,"u":"5,60 €/KG","img":"https://fd13-photos.leclercdrive.fr/image.ashx?id=2976770&use=l&cat=p&typeid=i","cat":312236},{"id":163529,"n":"Compote bébé Blédina 4-6 mois Pomme - 2x130g","p":1.46,"u":"5,62 €/KG","img":"https://fd13-photos.leclercdrive.fr/image.ashx?id=2911211&use=l&cat=p&typeid=i","cat":312387},{"id":163533,"n":"Isey Skyr Crème brûlée - 400g","p":2.95,"u":"7,38 €/KG","img":"https://fd13-photos.leclercdrive.fr/image.ashx?id=2598627&use=l&cat=p&typeid=i","cat":315000},{"id":163543,"n":"Isey Skyr Vanille - 400g","p":2.45,"u":"6,13 €/KG","img":"https://fd13-photos.leclercdrive.fr/image.ashx?id=2598609&use=l&cat=p&typeid=i","cat":315000},{"id":163612,"n":"Rasoirs Bic Hybrid 5 Flex Rechargeables - x2","p":6.67,"u":"3,34 €/P","img":"https://fd13-photos.leclercdrive.fr/image.ashx?id=2771744&use=l&cat=p&typeid=i","cat":284616},{"id":163613,"n":"Mozzarella fromage râpé  Les Croisés - 150g","p":1.39,"u":"9,27 €/KG","img":"https://fd13-photos.leclercdrive.fr/image.ashx?id=2178848&use=l&cat=p&typeid=i","cat":314035},{"id":163620,"n":"Vinaigre de cidre Bio  50cl","p":2.19,"u":"4,38 €/L","img":"https://fd13-photos.leclercdrive.fr/image.ashx?id=2179104&use=l&cat=p&typeid=i","cat":298543},{"id":163706,"n":"Poisson Pané Cabillaud MSC Façon Fish & Chips x4 - 400g","p":6.81,"u":"17,03 €/KG","img":"https://fd13-photos.leclercdrive.fr/image.ashx?id=2985351&use=l&cat=p&typeid=i","cat":319788},{"id":163709,"n":"Fromage à tartiner Madame Loïk Fouetté Nature - 460g","p":4.15,"u":"9,02 €/KG","img":"https://fd13-photos.leclercdrive.fr/image.ashx?id=2967801&use=l&cat=p&typeid=i","cat":314029},{"id":163749,"n":"Mousseline Purina Gourmet Boeuf nappé de sauce - 4x57g","p":2.97,"u":"13,03 €/KG","img":"https://fd13-photos.leclercdrive.fr/image.ashx?id=2861773&use=l&cat=p&typeid=i","cat":285286},{"id":163750,"n":"Mousseline Purina Gourmet Poulet nappé de sauce - 4x57g","p":3.07,"u":"13,46 €/KG","img":"https://fd13-photos.leclercdrive.fr/image.ashx?id=2864197&use=l&cat=p&typeid=i","cat":285286},{"id":163768,"n":"Emmental rapé Bio  Paysan Breton - 140g","p":2.34,"u":"16,71 €/KG","img":"https://fd13-photos.leclercdrive.fr/image.ashx?id=2960177&use=l&cat=p&typeid=i","cat":314035},{"id":163793,"n":"Gobelets 25cl Jaune - x12","p":1.5,"u":"0,13 €/P","img":"https://fd13-photos.leclercdrive.fr/image.ashx?id=2708964&use=l&cat=p&typeid=i","cat":334134},{"id":163820,"n":"Croquette chien Physyo Pet Food Sans céréales - adulte - 2kg","p":8.45,"u":"4,23 €/KG","img":"https://fd13-photos.leclercdrive.fr/image.ashx?id=2687038&use=l&cat=p&typeid=i","cat":284672},{"id":163843,"n":"Bière Ch'ti Signature Triple - 8.5%vol 75cl","p":4.37,"u":"5,83 €/L","img":"https://fd13-photos.leclercdrive.fr/image.ashx?id=2560945&use=l&cat=p&typeid=i","cat":334872},{"id":163914,"n":"Vinaigre de ménage Briochin 750ml + 33% offert","p":2.51,"u":"2,52 €/L","img":"https://fd13-photos.leclercdrive.fr/image.ashx?id=2902043&use=l&cat=p&typeid=i","cat":325365},{"id":163927,"n":"Miel de France Lune de Miel Liquide - 250g","p":3.51,"u":"14,04 €/KG","img":"https://fd13-photos.leclercdrive.fr/image.ashx?id=2693527&use=l&cat=p&typeid=i","cat":287643},{"id":163928,"n":"Miel de France Lune de Miel Crémeux- 250g","p":3.67,"u":"14,68 €/KG","img":"https://fd13-photos.leclercdrive.fr/image.ashx?id=2338766&use=l&cat=p&typeid=i","cat":287643},{"id":164221,"n":"AOP Champagne Chanoine Frères Brut Blanc de Blancs - 75cl","p":26.88,"u":"35,84 €/L","img":"https://fd13-photos.leclercdrive.fr/image.ashx?id=2675469&use=l&cat=p&typeid=i","cat":284542},{"id":164271,"n":"Café grains Méo  Excellence - 1kg","p":18.95,"u":"18,95 €/KG","img":"https://fd13-photos.leclercdrive.fr/image.ashx?id=2601521&use=l&cat=p&typeid=i","cat":293237},{"id":164315,"n":"AOP Chinon rouge Bio Eclosion - 75cl","p":10.0,"u":"13,33 €/L","img":"https://fd13-photos.leclercdrive.fr/image.ashx?id=2185701&use=l&cat=p&typeid=i","cat":289556},{"id":164367,"n":"Pizza Turini 4 fromages - 200g","p":1.31,"u":"6,55 €/KG","img":"https://fd13-photos.leclercdrive.fr/image.ashx?id=2839941&use=l&cat=p&typeid=i","cat":333679},{"id":164388,"n":"AOP Côtes de Bourg rouge Chateau du Bosquet - 1.5L","p":14.93,"u":"9,95 €/L","img":"https://fd13-photos.leclercdrive.fr/image.ashx?id=2313945&use=l&cat=p&typeid=i","cat":289556},{"id":164394,"n":"Compotes Pom'Potes Gourdes  Pomme Poire Banane - 32x90g","p":12.89,"u":"4,48 €/KG","img":"https://fd13-photos.leclercdrive.fr/image.ashx?id=3010936&use=l&cat=p&typeid=i","cat":284508},{"id":164417,"n":"Macédoine de légumes Menu Fraîcheur - 500g","p":2.49,"u":"4,98 €/KG","img":"https://fd13-photos.leclercdrive.fr/image.ashx?id=2816603&use=l&cat=p&typeid=i","cat":333657},{"id":164448,"n":"Yaourt à la Grecque Yaos Coco - 4x125g + 2 offert","p":2.08,"u":"4,16 €/KG","img":"https://fd13-photos.leclercdrive.fr/image.ashx?id=2817314&use=l&cat=p&typeid=i","cat":314999},{"id":164449,"n":"Yaourt à la Grecque Yaos Citron - 4x125g + 2 offerts","p":2.08,"u":"2,77 €/KG","img":"https://fd13-photos.leclercdrive.fr/image.ashx?id=2561631&use=l&cat=p&typeid=i","cat":314999},{"id":164541,"n":"Maïs Bonduelle Sans Résidu De Pesticides 285g","p":0.92,"u":"3,23 €/KG","img":"https://fd13-photos.leclercdrive.fr/image.ashx?id=2972892&use=l&cat=p&typeid=i","cat":312611},{"id":164567,"n":"Eau nettoyante Cadum Bébé  Douceur - 750ml","p":3.33,"u":"4,44 €/L","img":"https://fd13-photos.leclercdrive.fr/image.ashx?id=2278451&use=l&cat=p&typeid=i","cat":284741},{"id":164569,"n":"Gel nettoyant Cadum Bébé  Corps et Cheveux - 750ml","p":3.33,"u":"4,44 €/L","img":"https://fd13-photos.leclercdrive.fr/image.ashx?id=2377799&use=l&cat=p&typeid=i","cat":284740},{"id":164570,"n":"Gel Douche Sans Savon Cadum Huile d'Amandes Douces - 750ml","p":3.23,"u":"4,31 €/L","img":"https://fd13-photos.leclercdrive.fr/image.ashx?id=2352870&use=l&cat=p&typeid=i","cat":284594},{"id":164581,"n":"Démaquillant Maybelline  Lotion fraîcheur yeux - 150ml","p":2.47,"u":"16,47 €/L","img":"https://fd13-photos.leclercdrive.fr/image.ashx?id=2505657&use=l&cat=p&typeid=i","cat":284603},{"id":164583,"n":"Gel Lavant enfant Cadum Corps & cheveux - 750ml","p":4.25,"u":"5,67 €/L","img":"https://fd13-photos.leclercdrive.fr/image.ashx?id=2839496&use=l&cat=p&typeid=i","cat":284594},{"id":164584,"n":"Crème Douche surgras Cadum Beurre de Karité - 750ml","p":3.23,"u":"4,31 €/L","img":"https://fd13-photos.leclercdrive.fr/image.ashx?id=2395020&use=l&cat=p&typeid=i","cat":284594},{"id":164598,"n":"40 sacs congélation Alfapac avec lien Moyen modèle","p":2.28,"u":"0,06 €/P","img":"https://fd13-photos.leclercdrive.fr/image.ashx?id=2918700&use=l&cat=p&typeid=i","cat":334134},{"id":164601,"n":"Muscat de Rivesaltes AOC 15,5%","p":4.67,"u":"6,23 €/L","img":"https://fd13-photos.leclercdrive.fr/image.ashx?id=2974717&use=l&cat=p&typeid=i","cat":284913},{"id":164602,"n":"Lessive liquide fraîcheur ECO+ 40 lavages - 2L","p":2.16,"u":"1,08 €/L","img":"https://fd13-photos.leclercdrive.fr/image.ashx?id=2597988&use=l&cat=p&typeid=i","cat":284640},{"id":164603,"n":"Lessive liquide fleurie Epsil 25 lavages - 1,25L","p":3.91,"u":"3,13 €/L","img":"https://fd13-photos.leclercdrive.fr/image.ashx?id=2603000&use=l&cat=p&typeid=i","cat":284640},{"id":164604,"n":"Lessive liquide fraîcheur Epsil 25 lavages - 1,25L","p":3.33,"u":"2,66 €/L","img":"https://fd13-photos.leclercdrive.fr/image.ashx?id=2602994&use=l&cat=p&typeid=i","cat":284640},{"id":164605,"n":"Blended whisky ECO+ 40% - 1L","p":15.44,"u":"15,44 €/L","img":"https://fd13-photos.leclercdrive.fr/image.ashx?id=2907147&use=l&cat=p&typeid=i","cat":284547},{"id":164606,"n":"Rhum blanc DOM 40° - 70cl","p":9.11,"u":"13,01 €/L","img":"https://fd13-photos.leclercdrive.fr/image.ashx?id=2188772&use=l&cat=p&typeid=i","cat":284550},{"id":164607,"n":"Blended whisky Eco+ 40% - 70cl","p":10.92,"u":"15,60 €/L","img":"https://fd13-photos.leclercdrive.fr/image.ashx?id=2907150&use=l&cat=p&typeid=i","cat":284547},{"id":164636,"n":"Mix de graines complètes bio Happy Bio - 250g","p":4.27,"u":"17,08 €/KG","img":"https://fd13-photos.leclercdrive.fr/image.ashx?id=2971005&use=l&cat=p&typeid=i","cat":284429},{"id":164640,"n":"Granulés de bois Din+ - 15kg Il était une fois dans l'ouest","p":4.85,"u":"0,32 €/KG","img":"https://fd13-photos.leclercdrive.fr/image.ashx?id=2192712&use=l&cat=p&typeid=i","cat":300577},{"id":164647,"n":"IGP Côte de Gascogne rosé 3L","p":12.95,"u":"4,32 €/L","img":"https://fd13-photos.leclercdrive.fr/image.ashx?id=2205664&use=l&cat=p&typeid=i","cat":289558},{"id":164656,"n":"Jus de Citron Jardin Bio Etic bio -1L","p":5.67,"u":"5,67 €/L","img":"https://fd13-photos.leclercdrive.fr/image.ashx?id=3002102&use=l&cat=p&typeid=i","cat":288383},{"id":164752,"n":"Pastis breton Ty Jaune  45% - 1L","p":24.06,"u":"24,06 €/L","img":"https://fd13-photos.leclercdrive.fr/image.ashx?id=2190530&use=l&cat=p&typeid=i","cat":284548},{"id":164815,"n":"12 vitamines + 9 minéraux  Juvamine - 30 comprimés","p":4.67,"u":"0,16 €/P","img":"https://fd13-photos.leclercdrive.fr/image.ashx?id=2675951&use=l&cat=p&typeid=i","cat":313217},{"id":164872,"n":"Saumon fumé Mowi Ecosse ASC - 120g","p":7.21,"u":"60,08 €/KG","img":"https://fd13-photos.leclercdrive.fr/image.ashx?id=2651975&use=l&cat=p&typeid=i","cat":285188},{"id":165037,"n":"Recharge pour diffuseur Glade Lavandin & Santal - 17.5ml","p":6.37,"u":"353,89 €/L","img":"https://fd13-photos.leclercdrive.fr/image.ashx?id=2661448&use=l&cat=p&typeid=i","cat":311629},{"id":165038,"n":"Recharge pour diffuseur Glade Orange & Néroli - 17.5ml","p":6.32,"u":"351,11 €/L","img":"https://fd13-photos.leclercdrive.fr/image.ashx?id=2673869&use=l&cat=p&typeid=i","cat":311629},{"id":165040,"n":"Diffuseur Glade avec bâtonnets Orange & Néroli - 80ml","p":7.27,"u":"90,88 €/L","img":"https://fd13-photos.leclercdrive.fr/image.ashx?id=2867710&use=l&cat=p&typeid=i","cat":311627},{"id":165041,"n":"Diffuseur Glade avec bâtonnets Bergamote & Citronnelle - 80ml","p":8.49,"img":"https://fd13-photos.leclercdrive.fr/image.ashx?id=2867181&use=l&cat=p&typeid=i","cat":311627},{"id":165062,"n":"Gel Lubrifiant Intime Cherry Arome Cerise Durex 100ml","p":9.7,"u":"97,00 €/L","img":"https://fd13-photos.leclercdrive.fr/image.ashx?id=2960696&use=l&cat=p&typeid=i","cat":285160},{"id":165063,"n":"Gel Lubrifiant Intime Hot Durex Effet Chauffant Base Eau 100ml","p":9.73,"u":"97,30 €/L","img":"https://fd13-photos.leclercdrive.fr/image.ashx?id=2785487&use=l&cat=p&typeid=i","cat":285160},{"id":165064,"n":"Lessive poudre Eco + 60 lavages - 3kg","p":4.81,"u":"1,60 €/KG","img":"https://fd13-photos.leclercdrive.fr/image.ashx?id=2638524&use=l&cat=p&typeid=i","cat":284642},{"id":165065,"n":"Huile moteur Tech 9 2T 100 Synhèse - 2L","p":9.99,"u":"5,00 €/L","img":"https://fd13-photos.leclercdrive.fr/image.ashx?id=2193821&use=l&cat=p&typeid=i","cat":298253},{"id":165129,"n":"Joker Bonne Mine Orange Carotte Citron - 0,9L","p":2.65,"u":"2,94 €/L","img":"https://fd13-photos.leclercdrive.fr/image.ashx?id=2944690&use=l&cat=p&typeid=i","cat":284917},{"id":165131,"n":"Crème de cassis d'Anjou  Giffard 16% - 50cl","p":5.5,"pp":4.95,"u":"9,90 €/L","img":"https://fd13-photos.leclercdrive.fr/image.ashx?id=2219150&use=l&cat=p&typeid=i","cat":286032},{"id":165134,"n":"Crème de mûre Giffard 16% - 50cl","p":5.5,"pp":4.95,"u":"9,90 €/L","img":"https://fd13-photos.leclercdrive.fr/image.ashx?id=2219660&use=l&cat=p&typeid=i","cat":286032},{"id":165138,"n":"Crème de fleur de sureau  Giffard 16% - 50cl","p":5.5,"pp":4.95,"u":"9,90 €/L","img":"https://fd13-photos.leclercdrive.fr/image.ashx?id=2219165&use=l&cat=p&typeid=i","cat":286032},{"id":165140,"n":"Joker Défense Orange Kiwi Banane - 0,9L","p":2.45,"u":"2,72 €/L","img":"https://fd13-photos.leclercdrive.fr/image.ashx?id=3008149&use=l&cat=p&typeid=i","cat":284917},{"id":165156,"n":"Jus MultiFruits Désucré Jafaden - 1L","p":1.69,"u":"1,69 €/L","img":"https://fd13-photos.leclercdrive.fr/image.ashx?id=2497971&use=l&cat=p&typeid=i","cat":284917},{"id":165193,"n":"Croquette chat Perfect Fit  Natural Vitality poisson - 1kg","p":7.11,"u":"7,11 €/KG","img":"https://fd13-photos.leclercdrive.fr/image.ashx?id=2195068&use=l&cat=p&typeid=i","cat":284680},{"id":165194,"n":"Croquettes Pour Chat Perfect Fit - 1kg","p":7.04,"u":"7,04 €/KG","img":"https://fd13-photos.leclercdrive.fr/image.ashx?id=2195071&use=l&cat=p&typeid=i","cat":284680},{"id":165198,"n":"Pate à tartiner Bonne Maman Noisette et cacao - 250g","p":3.25,"u":"13,00 €/KG","img":"https://fd13-photos.leclercdrive.fr/image.ashx?id=2891103&use=l&cat=p&typeid=i","cat":284481},{"id":165199,"n":"Pate à tartiner Bonne Maman Noisette et cacao - 360g","p":3.38,"u":"9,39 €/KG","img":"https://fd13-photos.leclercdrive.fr/image.ashx?id=2891106&use=l&cat=p&typeid=i","cat":284481},{"id":165200,"n":"Pate à tartiner Bonne Maman Noisette et cacao - 580g","p":5.86,"u":"10,10 €/KG","img":"https://fd13-photos.leclercdrive.fr/image.ashx?id=2891109&use=l&cat=p&typeid=i","cat":284481},{"id":165255,"n":"Merguez de boeuf La Nouvelle Agriculture x6 - 330g","p":6.64,"u":"20,12 €/KG","img":"https://fd13-photos.leclercdrive.fr/image.ashx?id=2194975&use=l&cat=p&typeid=i","cat":284334},{"id":165605,"n":"Tenders de poulet Coté Croc  - 600g","p":6.89,"u":"11,48 €/KG","img":"https://fd13-photos.leclercdrive.fr/image.ashx?id=2974819&use=l&cat=p&typeid=i","cat":319780},{"id":165618,"n":"BIB Les cailloux rouge 5L","p":19.5,"u":"3,90 €/L","img":"https://fd13-photos.leclercdrive.fr/image.ashx?id=2973216&use=l&cat=p&typeid=i","cat":289556},{"id":165619,"n":"BIB Les cailloux rosé 5L","p":19.5,"u":"3,90 €/L","img":"https://fd13-photos.leclercdrive.fr/image.ashx?id=2979956&use=l&cat=p&typeid=i","cat":289558},{"id":165620,"n":"BIB Les 4 coins Chardonnay 3L","p":12.9,"u":"4,30 €/L","img":"https://fd13-photos.leclercdrive.fr/image.ashx?id=2973213&use=l&cat=p&typeid=i","cat":289557},{"id":165621,"n":"BIB Les 4 coins Merlot rouge 3L","p":12.9,"u":"4,30 €/L","img":"https://fd13-photos.leclercdrive.fr/image.ashx?id=2979959&use=l&cat=p&typeid=i","cat":289556},{"id":165622,"n":"BIB Les 4 coins Cabernet Sauvignon - 3L","p":12.9,"u":"4,30 €/L","img":"https://fd13-photos.leclercdrive.fr/image.ashx?id=2973219&use=l&cat=p&typeid=i","cat":289556},{"id":165623,"n":"BIB Les 4 coins Sauvignon Blanc - 3L","p":12.9,"u":"4,30 €/L","img":"https://fd13-photos.leclercdrive.fr/image.ashx?id=2973222&use=l&cat=p&typeid=i","cat":289557},{"id":165655,"n":"Diffuseur Glade Aromatherapy Lavandin & Santal - 17.5ml","p":20.82,"u":"Dont 0,02 € d'éco-part.","img":"https://fd13-photos.leclercdrive.fr/image.ashx?id=2498446&use=l&cat=p&typeid=i","cat":311629},{"id":165656,"n":"Diffuseur Glade avec bâtonnets Lavandin & Santal - 80ml","p":7.99,"u":"99,88 €/L","img":"https://fd13-photos.leclercdrive.fr/image.ashx?id=2266083&use=l&cat=p&typeid=i","cat":311627},{"id":165661,"n":"Brosse à dent Dentamyl Tête rechargeable souple - x1","p":1.17,"img":"https://fd13-photos.leclercdrive.fr/image.ashx?id=2198432&use=l&cat=p&typeid=i","cat":284614},{"id":165665,"n":"Confitures aux Myrtilles 70% 320g","p":3.84,"u":"12,00 €/KG","img":"https://fd13-photos.leclercdrive.fr/image.ashx?id=2285663&use=l&cat=p&typeid=i","cat":284480},{"id":165667,"n":"Brosse à dent Dentamyl Tête rechargeable médium - x1","p":1.17,"img":"https://fd13-photos.leclercdrive.fr/image.ashx?id=2198532&use=l&cat=p&typeid=i","cat":284614},{"id":165668,"n":"Brosse à dent Dentamyl Tête rechargeable dure - x1","p":1.17,"img":"https://fd13-photos.leclercdrive.fr/image.ashx?id=2791012&use=l&cat=p&typeid=i","cat":284614},{"id":165669,"n":"Tête de recharge Dentamyl Brosse à dent souple - x3","p":1.0,"u":"0,33 €/P","img":"https://fd13-photos.leclercdrive.fr/image.ashx?id=2791015&use=l&cat=p&typeid=i","cat":284614},{"id":165670,"n":"Tête de recharge Dentamyl Brosse à dent médium - x3","p":1.0,"u":"0,33 €/P","img":"https://fd13-photos.leclercdrive.fr/image.ashx?id=2791018&use=l&cat=p&typeid=i","cat":284614},{"id":165671,"n":"Tête de recharge Dentamyl Brosse à dent dure - x3","p":1.0,"u":"0,33 €/P","img":"https://fd13-photos.leclercdrive.fr/image.ashx?id=2791021&use=l&cat=p&typeid=i","cat":284614},{"id":165681,"n":"Tablette de chocolat noir bio Grain de Sail Caramel  - 100g","p":3.24,"u":"32,40 €/KG","img":"https://fd13-photos.leclercdrive.fr/image.ashx?id=2400388&use=l&cat=p&typeid=i","cat":284956},{"id":165699,"n":"Chocolats à la liqueur Abtey Extra fins x17 - 240g","p":4.35,"u":"18,13 €/KG","img":"https://fd13-photos.leclercdrive.fr/image.ashx?id=2870263&use=l&cat=p&typeid=i","cat":327601},{"id":165725,"n":"Marrons glacés L'Artisan Provençal x8 - 145g","p":13.59,"u":"93,72 €/KG","img":"https://fd13-photos.leclercdrive.fr/image.ashx?id=2390245&use=l&cat=p&typeid=i","cat":327603},{"id":165726,"n":"Madeleine Bonne Maman Framboise x10 - 300g","p":3.15,"u":"10,50 €/KG","img":"https://fd13-photos.leclercdrive.fr/image.ashx?id=2936251&use=l&cat=p&typeid=i","cat":284492},{"id":165735,"n":"Chocolats fruits de mer The Belgian x20 - 250g","p":4.95,"u":"19,80 €/KG","img":"https://fd13-photos.leclercdrive.fr/image.ashx?id=2841559&use=l&cat=p&typeid=i","cat":327595},{"id":165769,"n":"After Eight Chocolat Noël Saveur fraise - 400g","p":5.95,"u":"14,88 €/KG","img":"https://fd13-photos.leclercdrive.fr/image.ashx?id=2451489&use=l&cat=p&typeid=i","cat":327595},{"id":165775,"n":"Madeleines Ker Cadélac Vanille de Madagascar - 600g","p":3.49,"u":"5,82 €/KG","img":"https://fd13-photos.leclercdrive.fr/image.ashx?id=2558568&use=l&cat=p&typeid=i","cat":284492},{"id":165801,"n":"Sauce bolognaise Eco+ 420g","p":1.13,"u":"2,69 €/KG","img":"https://fd13-photos.leclercdrive.fr/image.ashx?id=2634845&use=l&cat=p&typeid=i","cat":287599},{"id":165857,"n":"Chariot + caisse enregistreuse Dès 18 mois","p":14.5,"img":"https://fd13-photos.leclercdrive.fr/image.ashx?id=2673175&use=l&cat=p&typeid=i","cat":334380},{"id":165858,"n":"Lynx Edition spéciale Educa Dès 6 ans","p":18.5,"img":"https://fd13-photos.leclercdrive.fr/image.ashx?id=2515221&use=l&cat=p&typeid=i","cat":334378},{"id":165910,"n":"Môts Mêlés Junior-Goliath Dès 5 ans","p":19.8,"img":"https://fd13-photos.leclercdrive.fr/image.ashx?id=2512066&use=l&cat=p&typeid=i","cat":334378},{"id":165980,"n":"Horloge éducative en bois Kidway - Dès 3 ans","p":6.9,"img":"https://fd13-photos.leclercdrive.fr/image.ashx?id=2222497&use=l&cat=p&typeid=i","cat":334379},{"id":165981,"n":"Puzzle 8 pièces ferme Kidway Dès 2 ans","p":6.9,"img":"https://fd13-photos.leclercdrive.fr/image.ashx?id=2222467&use=l&cat=p&typeid=i","cat":334378},{"id":165982,"n":"Poupée Manon 80 cm Kidway Poupée blonde - Dès 3 ans","p":24.9,"img":"https://fd13-photos.leclercdrive.fr/image.ashx?id=2211281&use=l&cat=p&typeid=i","cat":334379},{"id":165985,"n":"200 bûchettes de construction Kidway - Dès 3 ans","p":9.95,"img":"https://fd13-photos.leclercdrive.fr/image.ashx?id=2222503&use=l&cat=p&typeid=i","cat":334380},{"id":165986,"n":"Cuisine en bois Kidway Avec accessoires - Dès 3 ans","p":39.9,"u":"Dont 0,41 € d'éco-part.","img":"https://fd13-photos.leclercdrive.fr/image.ashx?id=2222494&use=l&cat=p&typeid=i","cat":334380},{"id":166031,"n":"Xoomy maxi avec rouleau Ravensburger - Dès 6 ans","p":28.8,"u":"Dont 0,02 € d'éco-part.","img":"https://fd13-photos.leclercdrive.fr/image.ashx?id=2937640&use=l&cat=p&typeid=i","cat":334381},{"id":166034,"n":"Miam Miaou Ravensburger Dès 3 ans","p":21.9,"img":"https://fd13-photos.leclercdrive.fr/image.ashx?id=2937658&use=l&cat=p&typeid=i","cat":334378},{"id":166035,"n":"Labyrinthe Pat Patrouille Ravensburger, Dès 4 ans","p":15.59,"img":"https://fd13-photos.leclercdrive.fr/image.ashx?id=2937652&use=l&cat=p&typeid=i","cat":334378},{"id":166078,"n":"Megasketcher facile à effacer Ardoise fille  - Dès 3 ans","p":19.8,"img":"https://fd13-photos.leclercdrive.fr/image.ashx?id=2509754&use=l&cat=p&typeid=i","cat":334381},{"id":166170,"n":"Patrouilleur pat patrouille Dès 3 ans","p":59.9,"u":"Dont 0,22 € d'éco-part.","img":"https://fd13-photos.leclercdrive.fr/image.ashx?id=2222410&use=l&cat=p&typeid=i","cat":334382},{"id":166172,"n":"Piano touches magiques Dès 6 mois","p":19.5,"u":"Dont 0,22 € d'éco-part.","img":"https://fd13-photos.leclercdrive.fr/image.ashx?id=2222377&use=l&cat=p&typeid=i","cat":334379},{"id":166173,"n":"Ninon ourson calins et chansons Dès 6 mois","p":14.9,"u":"Dont 0,22 € d'éco-part.","img":"https://fd13-photos.leclercdrive.fr/image.ashx?id=2222353&use=l&cat=p&typeid=i","cat":334379},{"id":166179,"n":"Gaston ourson calins et chanson Dès 6 mois","p":14.9,"u":"Dont 0,22 € d'éco-part.","img":"https://fd13-photos.leclercdrive.fr/image.ashx?id=2222350&use=l&cat=p&typeid=i","cat":334379},{"id":166184,"n":"Éléphanteau - Vtech 1,2,3 suis-moi -Dès 9 mois","p":29.9,"u":"Dont 0,22 € d'éco-part.","img":"https://fd13-photos.leclercdrive.fr/image.ashx?id=2222455&use=l&cat=p&typeid=i","cat":334379},{"id":166194,"n":"Tambour touches magiques Dès 6 mois","p":19.5,"u":"Dont 0,22 € d'éco-part.","img":"https://fd13-photos.leclercdrive.fr/image.ashx?id=2222383&use=l&cat=p&typeid=i","cat":334379},{"id":166244,"n":"After Eight Chocolat Noël Saveur mojito - 400g","p":5.91,"u":"14,78 €/KG","img":"https://fd13-photos.leclercdrive.fr/image.ashx?id=2908327&use=l&cat=p&typeid=i","cat":327595},{"id":166299,"n":"Filet de colin d'Alaska Findus MSC x4 - 400g","p":4.56,"u":"11,40 €/KG","img":"https://fd13-photos.leclercdrive.fr/image.ashx?id=2735323&use=l&cat=p&typeid=i","cat":319786},{"id":166304,"n":"Croquettes poisson pané Findus MSC Ail Fines Herbes x6 - 300g","p":2.91,"u":"9,70 €/KG","img":"https://fd13-photos.leclercdrive.fr/image.ashx?id=3008752&use=l&cat=p&typeid=i","cat":319788},{"id":166377,"n":"Lessive eco-recharge Uni Vert Fleur x30 lavages - 1,05L","p":4.12,"u":"3,92 €/L","img":"https://fd13-photos.leclercdrive.fr/image.ashx?id=2838942&use=l&cat=p&typeid=i","cat":284640},{"id":166390,"n":"AOC Fitou Vin rouge Expression de Schistes - 75cl","p":9.25,"u":"12,33 €/L","img":"https://fd13-photos.leclercdrive.fr/image.ashx?id=3011377&use=l&cat=p&typeid=i","cat":289556},{"id":166401,"n":"Terra Argenta Malbec rouge 75cl","p":4.95,"u":"6,60 €/L","img":"https://fd13-photos.leclercdrive.fr/image.ashx?id=2973021&use=l&cat=p&typeid=i","cat":289556},{"id":166403,"n":"Lessive eco-recharge Uni Vert Aloe x30 lavages - 1.05L","p":4.12,"u":"3,92 €/L","img":"https://fd13-photos.leclercdrive.fr/image.ashx?id=2669780&use=l&cat=p&typeid=i","cat":284640},{"id":166404,"n":"Lessive eco-recharge Uni Vert  Aloe Vera x42 lavages - 1.5L","p":5.91,"u":"3,94 €/L","img":"https://fd13-photos.leclercdrive.fr/image.ashx?id=2955056&use=l&cat=p&typeid=i","cat":284640},{"id":166457,"n":"Masque reconstructeur Elsève Full Resist - 680ml","p":10.49,"u":"15,43 €/L","img":"https://fd13-photos.leclercdrive.fr/image.ashx?id=2520491&use=l&cat=p&typeid=i","cat":284608},{"id":166460,"n":"Shampoing solide Ultra Doux Cheveux fragiles à secs - 60g","p":3.92,"u":"65,33 €/KG","img":"https://fd13-photos.leclercdrive.fr/image.ashx?id=2647095&use=l&cat=p&typeid=i","cat":284606},{"id":166485,"n":"Muesli aux fruits bio Happy Bio 375g","p":3.33,"u":"8,88 €/KG","img":"https://fd13-photos.leclercdrive.fr/image.ashx?id=2945520&use=l&cat=p&typeid=i","cat":309512},{"id":166486,"n":"Nectar Fruits du Verger Jafaden Sans sucre ajouté - 1L","p":1.59,"u":"1,59 €/L","img":"https://fd13-photos.leclercdrive.fr/image.ashx?id=2919658&use=l&cat=p&typeid=i","cat":284521},{"id":166488,"n":"Huile de coco désodorisée Bio Jardin Bio - 430ml","p":5.88,"u":"13,67 €/L","img":"https://fd13-photos.leclercdrive.fr/image.ashx?id=2811152&use=l&cat=p&typeid=i","cat":284453},{"id":166521,"n":"Vinaigre d'alcool blanc 14° Saas Melfor - 1L","p":1.31,"u":"1,31 €/L","img":"https://fd13-photos.leclercdrive.fr/image.ashx?id=2221389&use=l&cat=p&typeid=i","cat":325365},{"id":166598,"n":"Sauce spaghetti bio Jardin Bio 510g","p":3.46,"u":"6,78 €/KG","img":"https://fd13-photos.leclercdrive.fr/image.ashx?id=2811164&use=l&cat=p&typeid=i","cat":288384},{"id":166601,"n":"Compote bio Jardin Bio Pomme banane - 680g","p":3.3,"u":"4,85 €/KG","img":"https://fd13-photos.leclercdrive.fr/image.ashx?id=2918307&use=l&cat=p&typeid=i","cat":284508},{"id":166602,"n":"Compote bio Jardin Bio Pomme fraise - 680g","p":3.51,"u":"5,16 €/KG","img":"https://fd13-photos.leclercdrive.fr/image.ashx?id=2918835&use=l&cat=p&typeid=i","cat":284508},{"id":166674,"n":"Confiture Douceur du Verger Fraise - 750g","p":2.15,"u":"2,87 €/KG","img":"https://fd13-photos.leclercdrive.fr/image.ashx?id=2965545&use=l&cat=p&typeid=i","cat":284480},{"id":166675,"n":"Confiture Douceur du Verger Abricot - 370g","p":1.27,"u":"3,43 €/KG","img":"https://fd13-photos.leclercdrive.fr/image.ashx?id=2965572&use=l&cat=p&typeid=i","cat":284480},{"id":166686,"n":"Yaourt protéiné Hipro  Coco 0%mg - 2x160g","p":2.2,"u":"6,88 €/KG","img":"https://fd13-photos.leclercdrive.fr/image.ashx?id=2807423&use=l&cat=p&typeid=i","cat":315000},{"id":166687,"n":"Yaourt protéiné Hipro 0%mg  Banane beurre cacahuète -2x160g","p":2.63,"u":"8,22 €/KG","img":"https://fd13-photos.leclercdrive.fr/image.ashx?id=2807426&use=l&cat=p&typeid=i","cat":315000},{"id":166701,"n":"Riz au lait Bonne Maman Vanille naturelle - 8x100g","p":2.79,"u":"3,49 €/KG","img":"https://fd13-photos.leclercdrive.fr/image.ashx?id=2370828&use=l&cat=p&typeid=i","cat":284418},{"id":166702,"n":"Semoule au lait Bonne Maman Vanille naturelle - 8x100g","p":2.79,"u":"3,49 €/KG","img":"https://fd13-photos.leclercdrive.fr/image.ashx?id=2924284&use=l&cat=p&typeid=i","cat":284418},{"id":166737,"n":"Boisson énergisante Rockstar Original sans sucres - 50cl","p":1.49,"u":"2,98 €/L","img":"https://fd13-photos.leclercdrive.fr/image.ashx?id=2210329&use=l&cat=p&typeid=i","cat":284533},{"id":166740,"n":"Boisson énergisante Rockstar Original - 50cl","p":1.38,"u":"2,76 €/L","img":"https://fd13-photos.leclercdrive.fr/image.ashx?id=2689109&use=l&cat=p&typeid=i","cat":284533},{"id":166750,"n":"Lessive concentrée Epsil Printemps x28 - 980ml","p":3.29,"u":"3,36 €/L","img":"https://fd13-photos.leclercdrive.fr/image.ashx?id=2450155&use=l&cat=p&typeid=i","cat":284640},{"id":166751,"n":"Lessive en poudre Epsil 10 lavages - 500g","p":2.69,"u":"5,38 €/KG","img":"https://fd13-photos.leclercdrive.fr/image.ashx?id=2450158&use=l&cat=p&typeid=i","cat":284642},{"id":166752,"n":"Lessive tri-dose Orient Epsil x20 - 490ml","p":4.49,"u":"9,16 €/L","img":"https://fd13-photos.leclercdrive.fr/image.ashx?id=2450116&use=l&cat=p&typeid=i","cat":284641},{"id":166753,"n":"Apéritif Apérol Spritz 12.5% vol - 1L","p":15.99,"u":"15,99 €/L","img":"https://fd13-photos.leclercdrive.fr/image.ashx?id=2957287&use=l&cat=p&typeid=i","cat":286032},{"id":166755,"n":"Corned Beef Tulip 340g","p":4.08,"u":"12,00 €/KG","img":"https://fd13-photos.leclercdrive.fr/image.ashx?id=2465595&use=l&cat=p&typeid=i","cat":305149},{"id":166756,"n":"Blanc de poulet Fleury Michon Sans nitrite x4 - 130g","p":1.82,"u":"14,00 €/KG","img":"https://fd13-photos.leclercdrive.fr/image.ashx?id=2954833&use=l&cat=p&typeid=i","cat":316010},{"id":166757,"n":"Filet de poulet rôti Fleury Michon sans nitrite x6 - 160g","p":2.65,"u":"16,56 €/KG","img":"https://fd13-photos.leclercdrive.fr/image.ashx?id=2954830&use=l&cat=p&typeid=i","cat":316010},{"id":166759,"n":"Filet poulet rôti Fleury Michon  sans nitrite x4 - 116g","p":1.99,"u":"17,16 €/KG","img":"https://fd13-photos.leclercdrive.fr/image.ashx?id=2955173&use=l&cat=p&typeid=i","cat":316010},{"id":166819,"n":"Sucre en poudre Tablier Blanc 1kg","p":1.53,"u":"1,53 €/KG","img":"https://fd13-photos.leclercdrive.fr/image.ashx?id=3010434&use=l&cat=p&typeid=i","cat":284502},{"id":166828,"n":"Blanc de poulet Fleury Michon Sans nitrite x6 - 195g","p":3.49,"u":"17,90 €/KG","img":"https://fd13-photos.leclercdrive.fr/image.ashx?id=2962848&use=l&cat=p&typeid=i","cat":316010},{"id":166831,"n":"Mini batonnet surimi Pêche MSC Océan Avec mayonnaise - 210g","p":1.9,"u":"9,05 €/KG","img":"https://fd13-photos.leclercdrive.fr/image.ashx?id=2212039&use=l&cat=p&typeid=i","cat":285189},{"id":166876,"n":"Lessive bi-doses Xeor Fraîcheur x30","p":5.24,"u":"7,13 €/L","img":"https://fd13-photos.leclercdrive.fr/image.ashx?id=2838945&use=l&cat=p&typeid=i","cat":284641},{"id":166878,"n":"Lessive bi-doses Xeor Savon de Marseille x30","p":5.24,"u":"7,13 €/L","img":"https://fd13-photos.leclercdrive.fr/image.ashx?id=2450128&use=l&cat=p&typeid=i","cat":284641},{"id":166893,"n":"Bonbons Trolli Pop eye 75g","p":1.87,"u":"24,93 €/KG","img":"https://fd13-photos.leclercdrive.fr/image.ashx?id=2854015&use=l&cat=p&typeid=i","cat":304250},{"id":166984,"n":"Le Fromage Fouetté Madame Loïk Au lait de vache & chèvre 150g","p":1.9,"u":"12,67 €/KG","img":"https://fd13-photos.leclercdrive.fr/image.ashx?id=2986359&use=l&cat=p&typeid=i","cat":314029},{"id":167011,"n":"Pur jus de clémentine Jafaden 90cl","p":2.15,"u":"2,39 €/L","img":"https://fd13-photos.leclercdrive.fr/image.ashx?id=2723162&use=l&cat=p&typeid=i","cat":285435},{"id":167019,"n":"Steak haché Charal À la tomate - 250g","p":5.45,"u":"21,80 €/KG","img":"https://fd13-photos.leclercdrive.fr/image.ashx?id=2214852&use=l&cat=p&typeid=i","cat":284332},{"id":167045,"n":"Chiffonnade de jambon cru Montorsi - 70g","p":3.85,"u":"55,00 €/KG","img":"https://fd13-photos.leclercdrive.fr/image.ashx?id=2215356&use=l&cat=p&typeid=i","cat":316007},{"id":167148,"n":"Calendrier de l'Avent Kinder Chalet du Père Noël - 234g","p":11.13,"u":"47,56 €/KG","img":"https://fd13-photos.leclercdrive.fr/image.ashx?id=2402484&use=l&cat=p&typeid=i","cat":336112},{"id":167166,"n":"Mug de Noël Fizzy Mme Princesse +100g de chocolat","p":5.04,"u":"50,40 €/KG","img":"https://fd13-photos.leclercdrive.fr/image.ashx?id=2983673&use=l&cat=p&typeid=i","cat":327789},{"id":167171,"n":"Sucette guimauve Xmas Fizzy  Père Noel - 35g","p":1.1,"u":"31,43 €/KG","img":"https://fd13-photos.leclercdrive.fr/image.ashx?id=2305166&use=l&cat=p&typeid=i","cat":327592},{"id":167177,"n":"Praliné crème The belgian 200g","p":7.49,"pp":4.94,"u":"24,70 €/KG","img":"https://fd13-photos.leclercdrive.fr/image.ashx?id=2214141&use=l&cat=p&typeid=i","cat":327595},{"id":167178,"n":"Praliné tiramisu The belgian 200g","p":7.49,"pp":4.94,"u":"24,70 €/KG","img":"https://fd13-photos.leclercdrive.fr/image.ashx?id=2214144&use=l&cat=p&typeid=i","cat":327595},{"id":167179,"n":"Truffles original The belgian Truffles original - 200g","p":3.95,"u":"19,75 €/KG","img":"https://fd13-photos.leclercdrive.fr/image.ashx?id=2306456&use=l&cat=p&typeid=i","cat":327600},{"id":167180,"n":"Truffles praliné The belgian Truffles praliné  - 200g","p":3.95,"u":"19,75 €/KG","img":"https://fd13-photos.leclercdrive.fr/image.ashx?id=2214138&use=l&cat=p&typeid=i","cat":327600},{"id":167216,"n":"Calendrier de l'avent Milka Traineau de Noel - 200g","p":5.47,"u":"27,35 €/KG","img":"https://fd13-photos.leclercdrive.fr/image.ashx?id=2431212&use=l&cat=p&typeid=i","cat":327590},{"id":167220,"n":"Calendrier de l'Avent Smarties chocolat Noël - 223g","p":10.95,"img":"https://fd13-photos.leclercdrive.fr/image.ashx?id=2960081&use=l&cat=p&typeid=i","cat":336112},{"id":167222,"n":"Calendrier de l'Avent Galak Chocolat Noël - 196,8g","p":10.95,"u":"55,58 €/KG","img":"https://fd13-photos.leclercdrive.fr/image.ashx?id=2902382&use=l&cat=p&typeid=i","cat":336112},{"id":167238,"n":"Escargots noir et lait Revillon Papillotes Noir Lait - 370g","p":8.61,"u":"23,27 €/KG","img":"https://fd13-photos.leclercdrive.fr/image.ashx?id=2661205&use=l&cat=p&typeid=i","cat":327597},{"id":167239,"n":"Festif Truffes Revillon Noir 70% - 370g","p":9.67,"u":"26,14 €/KG","img":"https://fd13-photos.leclercdrive.fr/image.ashx?id=2661199&use=l&cat=p&typeid=i","cat":327597},{"id":167240,"n":"Festif rochers Revillon Noir 70% & lait - 370g","p":9.67,"u":"26,14 €/KG","img":"https://fd13-photos.leclercdrive.fr/image.ashx?id=2661661&use=l&cat=p&typeid=i","cat":327597},{"id":167241,"n":"Festif Malakoffs Revillon Noir 70% & lait - 370g","p":9.67,"u":"26,14 €/KG","img":"https://fd13-photos.leclercdrive.fr/image.ashx?id=2661202&use=l&cat=p&typeid=i","cat":327597},{"id":167242,"n":"Nougats noir et lait  Revillon Noir 70% & lait - 300g","p":9.67,"u":"32,23 €/KG","img":"https://fd13-photos.leclercdrive.fr/image.ashx?id=2661658&use=l&cat=p&typeid=i","cat":327597},{"id":167243,"n":"Papillotes Révillon Noir 70% Féerique- 360g","p":8.61,"u":"23,92 €/KG","img":"https://fd13-photos.leclercdrive.fr/image.ashx?id=2863272&use=l&cat=p&typeid=i","cat":327597},{"id":167245,"n":"Papillotes Révillon Blanc Féerique - 360g","p":9.67,"u":"26,86 €/KG","img":"https://fd13-photos.leclercdrive.fr/image.ashx?id=2409124&use=l&cat=p&typeid=i","cat":327597},{"id":167246,"n":"Papillotes Revillon Noir Lait Féerique - 360g","p":8.61,"u":"23,92 €/KG","img":"https://fd13-photos.leclercdrive.fr/image.ashx?id=2863275&use=l&cat=p&typeid=i","cat":327597},{"id":167248,"n":"Papillote Révillon Noir Lait et Blanc Féerique - 360g","p":8.61,"u":"23,92 €/KG","img":"https://fd13-photos.leclercdrive.fr/image.ashx?id=2863121&use=l&cat=p&typeid=i","cat":327597},{"id":167267,"n":"Sucette noel/renne/ourson Rohan 35g","p":1.41,"u":"40,29 €/KG","img":"https://fd13-photos.leclercdrive.fr/image.ashx?id=2213685&use=l&cat=p&typeid=i","cat":327592},{"id":167272,"n":"Sachet mix Pingouins Rohan 150g","p":3.15,"u":"21,00 €/KG","img":"https://fd13-photos.leclercdrive.fr/image.ashx?id=2484924&use=l&cat=p&typeid=i","cat":327592},{"id":167273,"n":"Sach ourson/bonh de neige Rohan 150g","p":3.81,"u":"25,40 €/KG","img":"https://fd13-photos.leclercdrive.fr/image.ashx?id=2484921&use=l&cat=p&typeid=i","cat":327592},{"id":167306,"n":"Soupe Déshydratée Oignon KNORR 4 portions - 94g","p":1.34,"u":"14,26 €/KG","img":"https://fd13-photos.leclercdrive.fr/image.ashx?id=2780088&use=l&cat=p&typeid=i","cat":284463},{"id":167338,"n":"Croustilles Star Belin Salé - 90g","p":1.52,"u":"16,89 €/KG","img":"https://fd13-photos.leclercdrive.fr/image.ashx?id=3002222&use=l&cat=p&typeid=i","cat":284449},{"id":167362,"n":"Chips Tuiles Pringles Sel et Vinaigre - 165g","p":1.99,"u":"12,06 €/KG","img":"https://fd13-photos.leclercdrive.fr/image.ashx?id=2661742&use=l&cat=p&typeid=i","cat":287899},{"id":167375,"n":"Pois chiches d'aucy Bien Cultivés - 250g","p":2.0,"u":"8,00 €/KG","img":"https://fd13-photos.leclercdrive.fr/image.ashx?id=2800764&use=l&cat=p&typeid=i","cat":312609},{"id":167378,"n":"Haricots verts d'aucy  Bien Cultivés - 58cl","p":2.27,"u":"3,91 €/L","img":"https://fd13-photos.leclercdrive.fr/image.ashx?id=2800770&use=l&cat=p&typeid=i","cat":312606},{"id":167379,"n":"Haricots beurre d'aucy  Bien Cultivés - 58cl","p":3.04,"u":"5,24 €/L","img":"https://fd13-photos.leclercdrive.fr/image.ashx?id=2216359&use=l&cat=p&typeid=i","cat":312606},{"id":167381,"n":"Petits pois d'aucy  Bien Cultivés - 250g","p":2.06,"u":"8,24 €/KG","img":"https://fd13-photos.leclercdrive.fr/image.ashx?id=2216353&use=l&cat=p&typeid=i","cat":312607},{"id":167382,"n":"Pois carottes d'aucy  Bien Cultivés - 250g","p":1.99,"u":"7,96 €/KG","img":"https://fd13-photos.leclercdrive.fr/image.ashx?id=2835259&use=l&cat=p&typeid=i","cat":312607},{"id":167389,"n":"Pur jus d'orange Jafaden Sans pulpe - 90cl","p":2.15,"u":"2,39 €/L","img":"https://fd13-photos.leclercdrive.fr/image.ashx?id=2723159&use=l&cat=p&typeid=i","cat":285435},{"id":167390,"n":"Pur jus de pamplemousse Jafaden Avec pulpe - 90cl","p":1.88,"u":"2,09 €/L","img":"https://fd13-photos.leclercdrive.fr/image.ashx?id=2819639&use=l&cat=p&typeid=i","cat":285435},{"id":167391,"n":"Jus de pomme Jafaden 90cl","p":1.91,"u":"2,12 €/L","img":"https://fd13-photos.leclercdrive.fr/image.ashx?id=2723171&use=l&cat=p&typeid=i","cat":285435},{"id":167392,"n":"Jus d'ananas Jafaden 90cl","p":2.49,"u":"2,77 €/L","img":"https://fd13-photos.leclercdrive.fr/image.ashx?id=2819642&use=l&cat=p&typeid=i","cat":285435},{"id":167393,"n":"Boisson au jus de citron Jafaden - 90cl","p":1.88,"u":"2,09 €/L","img":"https://fd13-photos.leclercdrive.fr/image.ashx?id=2723177&use=l&cat=p&typeid=i","cat":285435},{"id":167397,"n":"Pur jus d'orange Jafaden Avec pulpe - 90cl","p":2.29,"u":"2,54 €/L","img":"https://fd13-photos.leclercdrive.fr/image.ashx?id=2723156&use=l&cat=p&typeid=i","cat":285435},{"id":167399,"n":"Mini cheese burgers Côté Croc x10 - 155g","p":6.64,"u":"42,84 €/KG","img":"https://fd13-photos.leclercdrive.fr/image.ashx?id=2898266&use=l&cat=p&typeid=i","cat":319774},{"id":167410,"n":"Assortiment Chocolats Hamlet \"Classic\" - 250g","p":7.52,"u":"30,08 €/KG","img":"https://fd13-photos.leclercdrive.fr/image.ashx?id=2872126&use=l&cat=p&typeid=i","cat":327595},{"id":167416,"n":"Gel douche Le Petit Marseillais Noix de coco - 250ml","p":1.49,"u":"5,96 €/L","img":"https://fd13-photos.leclercdrive.fr/image.ashx?id=2681856&use=l&cat=p&typeid=i","cat":284594},{"id":167417,"n":"Compote bébé Blédina 6 mois  Aux fruits - 8x130g","p":5.17,"u":"4,97 €/KG","img":"https://fd13-photos.leclercdrive.fr/image.ashx?id=2215957&use=l&cat=p&typeid=i","cat":312388},{"id":167420,"n":"Compote bébé Blédina 6 mois  Pomme mangue - 4x130g","p":2.78,"u":"5,35 €/KG","img":"https://fd13-photos.leclercdrive.fr/image.ashx?id=2901656&use=l&cat=p&typeid=i","cat":312387},{"id":167454,"n":"Crok fondant noisette moins 30%  sucres Terres et Céréales-375g","p":4.73,"u":"12,61 €/KG","img":"https://fd13-photos.leclercdrive.fr/image.ashx?id=2672296&use=l&cat=p&typeid=i","cat":309513},{"id":167494,"n":"Choucroute IGP garnie d'Alsace Stoeffler - 700g","p":7.28,"u":"10,40 €/KG","img":"https://fd13-photos.leclercdrive.fr/image.ashx?id=2574110&use=l&cat=p&typeid=i","cat":333666},{"id":167529,"n":"Lait bébé en poudre Gallia Calisma 1er âge 0-6 mois 830g","p":15.93,"u":"19,19 €/KG","img":"https://fd13-photos.leclercdrive.fr/image.ashx?id=2456201&use=l&cat=p&typeid=i","cat":284726},{"id":167530,"n":"Lait bébé en poudre Gallia Calisma 2e âge 6-12 mois 830g","p":15.4,"u":"18,55 €/KG","img":"https://fd13-photos.leclercdrive.fr/image.ashx?id=2479730&use=l&cat=p&typeid=i","cat":284727},{"id":167531,"n":"Lait bébé poudre Gallia Relais Calisma  1er âge 0-6 mois 830g","p":19.42,"u":"23,40 €/KG","img":"https://fd13-photos.leclercdrive.fr/image.ashx?id=2462460&use=l&cat=p&typeid=i","cat":284726},{"id":167532,"n":"Lait bébé poudre Gallia Relais Calisma 2e âge 6-12 mois 830g","p":18.11,"u":"21,82 €/KG","img":"https://fd13-photos.leclercdrive.fr/image.ashx?id=2911217&use=l&cat=p&typeid=i","cat":284727},{"id":167533,"n":"Tagliatelle Lustucru Selection  360g","p":1.44,"u":"4,00 €/KG","img":"https://fd13-photos.leclercdrive.fr/image.ashx?id=2885351&use=l&cat=p&typeid=i","cat":333682},{"id":167534,"n":"Tagliatelle Lustucru Selection  Maxi 600g","p":2.36,"u":"3,93 €/KG","img":"https://fd13-photos.leclercdrive.fr/image.ashx?id=2792399&use=l&cat=p&typeid=i","cat":333682},{"id":167535,"n":"Fettucini Lustucru Selection  350g","p":1.92,"u":"5,49 €/KG","img":"https://fd13-photos.leclercdrive.fr/image.ashx?id=2792402&use=l&cat=p&typeid=i","cat":333682},{"id":167549,"n":"Découpe de canard  La Nouvelle Agriculture - 200g","p":6.7,"u":"33,50 €/KG","img":"https://fd13-photos.leclercdrive.fr/image.ashx?id=2364285&use=l&cat=p&typeid=i","cat":284339},{"id":167558,"n":"Filet de poulet jaune  Plein Champ Loué x2 - 280g","p":6.25,"u":"22,32 €/KG","img":"https://fd13-photos.leclercdrive.fr/image.ashx?id=2561694&use=l&cat=p&typeid=i","cat":284336},{"id":167612,"n":"Lessive Epsil Perfect Tri Doses Pure fraîcheur x20 - 490ml","p":4.99,"u":"10,18 €/L","img":"https://fd13-photos.leclercdrive.fr/image.ashx?id=2450122&use=l&cat=p&typeid=i","cat":284641},{"id":167656,"n":"Whisky Glenfiddich 43%vol. 14 ans - Etui - 70cl","p":41.25,"u":"58,93 €/L","img":"https://fd13-photos.leclercdrive.fr/image.ashx?id=2491745&use=l&cat=p&typeid=i","cat":284547},{"id":167783,"n":"Tarte en Or feuilletée Herta Sans huile de palme - 230g","p":1.41,"u":"6,13 €/KG","img":"https://fd13-photos.leclercdrive.fr/image.ashx?id=2907938&use=l&cat=p&typeid=i","cat":333681},{"id":167868,"n":"Couscous parfumé Tipiak Aux épices du monde - 4x65g","p":2.07,"u":"7,96 €/KG","img":"https://fd13-photos.leclercdrive.fr/image.ashx?id=2846694&use=l&cat=p&typeid=i","cat":284429},{"id":167921,"n":"Bottle Mix Lutti 300g","p":2.49,"u":"8,30 €/KG","img":"https://fd13-photos.leclercdrive.fr/image.ashx?id=2524068&use=l&cat=p&typeid=i","cat":304250},{"id":167922,"n":"Sodiafizz Lutti 300g","p":2.49,"u":"8,30 €/KG","img":"https://fd13-photos.leclercdrive.fr/image.ashx?id=2857033&use=l&cat=p&typeid=i","cat":304250},{"id":167923,"n":"Mini bottle Mix Lutti 300g","p":2.49,"u":"8,30 €/KG","img":"https://fd13-photos.leclercdrive.fr/image.ashx?id=2524071&use=l&cat=p&typeid=i","cat":304250},{"id":167926,"n":"Bonbons Krema Red'Dingue 580g","p":4.15,"u":"7,16 €/KG","img":"https://fd13-photos.leclercdrive.fr/image.ashx?id=2735536&use=l&cat=p&typeid=i","cat":304250},{"id":168035,"n":"Papier toilette Renova Pure douceur - x40","p":14.93,"img":"https://fd13-photos.leclercdrive.fr/image.ashx?id=2225720&use=l&cat=p&typeid=i","cat":284634},{"id":168043,"n":"Liqueur de menthe Get Essentiel 17,9° - 70cl","p":13.32,"u":"19,03 €/L","img":"https://fd13-photos.leclercdrive.fr/image.ashx?id=2858267&use=l&cat=p&typeid=i","cat":286032},{"id":168065,"n":"Eau aromatisée Cristaline Citron - 1.5L","p":0.61,"u":"0,41 €/L","img":"https://fd13-photos.leclercdrive.fr/image.ashx?id=2817542&use=l&cat=p&typeid=i","cat":284537},{"id":168093,"n":"Bière aromatisée GrimbergenRoug Rouge 5,5° - 12x25cl","p":9.98,"u":"3,33 €/L","img":"https://fd13-photos.leclercdrive.fr/image.ashx?id=2873324&use=l&cat=p&typeid=i","cat":334878},{"id":168097,"n":"Purée fruit bébé Blédina 6 mois Pomme pêche fraise - 4x100g","p":2.04,"u":"5,10 €/KG","img":"https://fd13-photos.leclercdrive.fr/image.ashx?id=2983027&use=l&cat=p&typeid=i","cat":312388},{"id":168151,"n":"Biscuit bébé Blédina 15 mois  Céréales pépites chocolat -168g","p":3.09,"u":"18,39 €/KG","img":"https://fd13-photos.leclercdrive.fr/image.ashx?id=2892421&use=l&cat=p&typeid=i","cat":312227},{"id":168154,"n":"Repas bébé Blédichef 12 mois Pdt céleri saumon -230g","p":2.29,"u":"9,96 €/KG","img":"https://fd13-photos.leclercdrive.fr/image.ashx?id=2223238&use=l&cat=p&typeid=i","cat":312237},{"id":168169,"n":"Ferments Lactiques Tablier Blanc - 8g","p":2.42,"u":"302,50 €/KG","img":"https://fd13-photos.leclercdrive.fr/image.ashx?id=2900355&use=l&cat=p&typeid=i","cat":284504},{"id":168205,"n":"Foie gras de canard Jean Larnaudie - 170g","p":28.1,"u":"165,29 €/KG","img":"https://fd13-photos.leclercdrive.fr/image.ashx?id=2915823&use=l&cat=p&typeid=i","cat":316008},{"id":168207,"n":"Foie gras de canard Jean Larnaudie - 170g","p":32.86,"u":"193,29 €/KG","img":"https://fd13-photos.leclercdrive.fr/image.ashx?id=2228594&use=l&cat=p&typeid=i","cat":316008},{"id":168237,"n":"Coquille St Jacques Mareval Au Vieil Armagnac - 280g","p":9.61,"u":"34,32 €/KG","img":"https://fd13-photos.leclercdrive.fr/image.ashx?id=2228864&use=l&cat=p&typeid=i","cat":319787},{"id":168248,"n":"Mini Gaufrettes Knoppers Lait Noisettes - 200g","p":2.79,"u":"13,95 €/KG","img":"https://fd13-photos.leclercdrive.fr/image.ashx?id=2457425&use=l&cat=p&typeid=i","cat":284488},{"id":168301,"n":"Skyr Yoplait  Nature 0%Mg - 850g","p":3.21,"u":"3,78 €/KG","img":"https://fd13-photos.leclercdrive.fr/image.ashx?id=2884444&use=l&cat=p&typeid=i","cat":315000},{"id":168307,"n":"Poulet émincé Isla Délice Spécial Kebab's - 400g","p":5.75,"u":"14,38 €/KG","img":"https://fd13-photos.leclercdrive.fr/image.ashx?id=2226457&use=l&cat=p&typeid=i","cat":319780},{"id":168308,"n":"Crème dessert végétal Sojasun Noisette Amande - 4x100g","p":1.62,"u":"16,20 €/KG","img":"https://fd13-photos.leclercdrive.fr/image.ashx?id=2355689&use=l&cat=p&typeid=i","cat":316071},{"id":168372,"n":"Mascara L'Oréal Paris Volume  Millions de cils baume Noir","p":12.0,"pp":7.92,"img":"https://fd13-photos.leclercdrive.fr/image.ashx?id=2418420&use=l&cat=p&typeid=i","cat":287029},{"id":168391,"n":"Jus de pomme désucré Jafaden 1L","p":1.39,"u":"1,39 €/L","img":"https://fd13-photos.leclercdrive.fr/image.ashx?id=2227035&use=l&cat=p&typeid=i","cat":284522},{"id":168563,"n":"Litière chats Tranquille Végétale Tofu recyclé - 4L","p":8.41,"u":"2,10 €/L","img":"https://fd13-photos.leclercdrive.fr/image.ashx?id=2330347&use=l&cat=p&typeid=i","cat":284683},{"id":168569,"n":"Boulettes au bœuf Charal x30 - 900g","p":8.78,"u":"9,76 €/KG","img":"https://fd13-photos.leclercdrive.fr/image.ashx?id=2901845&use=l&cat=p&typeid=i","cat":319779},{"id":168652,"n":"Calendrier de l'Avent Kinder Ferrero Sélection - 295g","p":13.42,"u":"45,49 €/KG","img":"https://fd13-photos.leclercdrive.fr/image.ashx?id=2940525&use=l&cat=p&typeid=i","cat":336112},{"id":168656,"n":"Schoko-bons white Kinder Chocolat - 300g","p":6.62,"u":"22,07 €/KG","img":"https://fd13-photos.leclercdrive.fr/image.ashx?id=2918071&use=l&cat=p&typeid=i","cat":327592},{"id":168676,"n":"Compotes Pom'Potes Gourdes  Multivariétés Inédits - 20x90g","p":8.34,"u":"4,63 €/KG","img":"https://fd13-photos.leclercdrive.fr/image.ashx?id=2870179&use=l&cat=p&typeid=i","cat":284508},{"id":168725,"n":"Riz au lait La Laitière Nature - 4x115g","p":1.78,"u":"3,87 €/KG","img":"https://fd13-photos.leclercdrive.fr/image.ashx?id=2642201&use=l&cat=p&typeid=i","cat":284418},{"id":168841,"n":"Galettes de blé noir  x6 - 390g","p":3.7,"u":"9,49 €/KG","img":"https://fd13-photos.leclercdrive.fr/image.ashx?id=2233925&use=l&cat=p&typeid=i","cat":333672},{"id":168868,"n":"Essuie-tout Uni Vert 2 = 4 rouleaux","p":2.72,"u":"1,36 €/P","img":"https://fd13-photos.leclercdrive.fr/image.ashx?id=2333715&use=l&cat=p&typeid=i","cat":284635},{"id":168871,"n":"Mouchoirs Boîte 3 plis Univert Mouchoir papier non blanchi x80","p":1.26,"u":"0,02 €/P","img":"https://fd13-photos.leclercdrive.fr/image.ashx?id=2571941&use=l&cat=p&typeid=i","cat":284638},{"id":168945,"n":"AOC Graves L'Orangerie de Rahoul - 75cl","p":8.5,"pp":5.95,"u":"7,93 €/L","img":"https://fd13-photos.leclercdrive.fr/image.ashx?id=2880339&use=l&cat=p&typeid=i","cat":289556},{"id":168982,"n":"Tartinable de thon piquant Delicemer - 120g","p":1.99,"u":"16,58 €/KG","img":"https://fd13-photos.leclercdrive.fr/image.ashx?id=2594518&use=l&cat=p&typeid=i","cat":285191},{"id":168984,"n":"Cocktail de crevettes surimi Mandarine Delicemer - 120g","p":1.99,"u":"16,58 €/KG","img":"https://fd13-photos.leclercdrive.fr/image.ashx?id=2237226&use=l&cat=p&typeid=i","cat":285191},{"id":168986,"n":"Tartinable saumon fumé hoki Delicemer - 120g","p":2.7,"u":"22,50 €/KG","img":"https://fd13-photos.leclercdrive.fr/image.ashx?id=2594506&use=l&cat=p&typeid=i","cat":285191},{"id":168990,"n":"Burgers Eco+ x10 - 1kg","p":6.53,"u":"6,53 €/KG","img":"https://fd13-photos.leclercdrive.fr/image.ashx?id=2966523&use=l&cat=p&typeid=i","cat":319778},{"id":168993,"n":"Viande hachée Eco+  800g","p":8.82,"u":"11,03 €/KG","img":"https://fd13-photos.leclercdrive.fr/image.ashx?id=2966526&use=l&cat=p&typeid=i","cat":319779},{"id":168994,"n":"Yaourt Enfant Petits Filous Tubs Aromatisés - x15","p":3.17,"u":"5,71 €/KG","img":"https://fd13-photos.leclercdrive.fr/image.ashx?id=2811038&use=l&cat=p&typeid=i","cat":284415},{"id":168995,"n":"Yaourt brassé Perle de Lait Vanille - 4x125g","p":1.97,"u":"3,94 €/KG","img":"https://fd13-photos.leclercdrive.fr/image.ashx?id=2939715&use=l&cat=p&typeid=i","cat":314999},{"id":169003,"n":"Yaourt brassé Perle de Lait Nature - 4x125g","p":1.87,"u":"3,74 €/KG","img":"https://fd13-photos.leclercdrive.fr/image.ashx?id=2939706&use=l&cat=p&typeid=i","cat":314999},{"id":169006,"n":"Cocktail de fruits de mer Eco+ Précuit - 500g","p":3.74,"u":"7,48 €/KG","img":"https://fd13-photos.leclercdrive.fr/image.ashx?id=2800219&use=l&cat=p&typeid=i","cat":319787},{"id":169072,"n":"Yaourt brassé Perle de Lait Citron  - 4x125g","p":2.01,"u":"4,19 €/P","img":"https://fd13-photos.leclercdrive.fr/image.ashx?id=2939712&use=l&cat=p&typeid=i","cat":314999},{"id":169118,"n":"Beurre de cacahuète Bio Whole Earth - 340g","p":4.27,"u":"12,56 €/KG","img":"https://fd13-photos.leclercdrive.fr/image.ashx?id=2237313&use=l&cat=p&typeid=i","cat":284481},{"id":169130,"n":"Monster Munch Goût Cheddar - 85g","p":1.14,"u":"13,41 €/KG","img":"https://fd13-photos.leclercdrive.fr/image.ashx?id=2971610&use=l&cat=p&typeid=i","cat":284449},{"id":169216,"n":"Yaourt brassé Perle de Lait Coco - 4x125g","p":2.01,"u":"4,02 €/KG","img":"https://fd13-photos.leclercdrive.fr/image.ashx?id=2939709&use=l&cat=p&typeid=i","cat":286006},{"id":169218,"n":"Yaourt brassé Perle de Lait Nature - 8x125g","p":3.26,"u":"3,26 €/KG","img":"https://fd13-photos.leclercdrive.fr/image.ashx?id=2989225&use=l&cat=p&typeid=i","cat":284409},{"id":169229,"n":"Coffret 36 florentins Chatillon 300g","p":10.99,"u":"36,63 €/KG","img":"https://fd13-photos.leclercdrive.fr/image.ashx?id=2361912&use=l&cat=p&typeid=i","cat":284489},{"id":169298,"n":"Velouté Carottes Française Knorr - 1L","p":2.99,"u":"2,99 €/L","img":"https://fd13-photos.leclercdrive.fr/image.ashx?id=2395811&use=l&cat=p&typeid=i","cat":284463},{"id":169342,"n":"Lardons fumés Herta 200g","p":2.07,"u":"10,35 €/KG","img":"https://fd13-photos.leclercdrive.fr/image.ashx?id=2939307&use=l&cat=p&typeid=i","cat":316011},{"id":169344,"n":"Lardons fumés Herta Sans nitrite - 2x75g","p":1.85,"u":"12,33 €/KG","img":"https://fd13-photos.leclercdrive.fr/image.ashx?id=2731369&use=l&cat=p&typeid=i","cat":316011},{"id":169345,"n":"Lardons nature Herta 200g","p":2.16,"u":"10,80 €/KG","img":"https://fd13-photos.leclercdrive.fr/image.ashx?id=2731357&use=l&cat=p&typeid=i","cat":316011},{"id":169346,"n":"Allumettes fumées Herta Sans nitrite - 2x75g","p":1.88,"u":"12,53 €/KG","img":"https://fd13-photos.leclercdrive.fr/image.ashx?id=2868903&use=l&cat=p&typeid=i","cat":316011},{"id":169347,"n":"Allumettes nature Herta Sans nitrite - 2x75g","p":1.92,"u":"12,80 €/KG","img":"https://fd13-photos.leclercdrive.fr/image.ashx?id=2868906&use=l&cat=p&typeid=i","cat":316011},{"id":169349,"n":"Lardons fumés Herta -25% sel - 150g","p":1.7,"u":"11,33 €/KG","img":"https://fd13-photos.leclercdrive.fr/image.ashx?id=2731360&use=l&cat=p&typeid=i","cat":316011},{"id":169351,"n":"Allumettes fumées Herta 200g","p":1.94,"u":"9,70 €/KG","img":"https://fd13-photos.leclercdrive.fr/image.ashx?id=2817458&use=l&cat=p&typeid=i","cat":316011},{"id":169353,"n":"Pâte feuilletée Herta Tarte en Or - 230g","p":0.94,"u":"4,09 €/KG","img":"https://fd13-photos.leclercdrive.fr/image.ashx?id=2918658&use=l&cat=p&typeid=i","cat":333681},{"id":169354,"n":"Pâte brisée Herta Tarte en Or - 230g","p":1.04,"u":"4,52 €/KG","img":"https://fd13-photos.leclercdrive.fr/image.ashx?id=2739189&use=l&cat=p&typeid=i","cat":333681},{"id":169365,"n":"Pâte feuilletée rectangulaire  Herta Tarte en Or - 230g","p":0.99,"u":"4,30 €/KG","img":"https://fd13-photos.leclercdrive.fr/image.ashx?id=2721697&use=l&cat=p&typeid=i","cat":333681},{"id":169367,"n":"Pâte feuilletée Herta Tarte en Or -30%MG - 230g","p":1.37,"u":"5,96 €/KG","img":"https://fd13-photos.leclercdrive.fr/image.ashx?id=2814524&use=l&cat=p&typeid=i","cat":333681},{"id":169405,"n":"Brioches à la crème patissière Aux pépites de chocolat x6-300g","p":1.78,"u":"5,93 €/KG","img":"https://fd13-photos.leclercdrive.fr/image.ashx?id=2964715&use=l&cat=p&typeid=i","cat":284478},{"id":169428,"n":"Tendres Effilés en Gelée  Felix Selection mixte - 4x85g","p":1.71,"u":"5,03 €/KG","img":"https://fd13-photos.leclercdrive.fr/image.ashx?id=2973312&use=l&cat=p&typeid=i","cat":285286},{"id":169429,"n":"Tendres Effilés en Gelée Felix Selection poissons 12x85g","p":4.62,"u":"4,53 €/KG","img":"https://fd13-photos.leclercdrive.fr/image.ashx?id=2995439&use=l&cat=p&typeid=i","cat":285286},{"id":169430,"n":"Tendres Effilés en Gelée Felix Selection campagne 12x85g","p":4.82,"u":"4,73 €/KG","img":"https://fd13-photos.leclercdrive.fr/image.ashx?id=2957668&use=l&cat=p&typeid=i","cat":285286},{"id":169432,"n":"Tendres Effilés en Gelée Felix Selection mixte - 24x85g","p":8.8,"u":"4,31 €/KG","img":"https://fd13-photos.leclercdrive.fr/image.ashx?id=2869651&use=l&cat=p&typeid=i","cat":285286},{"id":169435,"n":"Délicieux Duos en Gelée Felix Selection mixte 24x85g","p":10.05,"u":"4,93 €/KG","img":"https://fd13-photos.leclercdrive.fr/image.ashx?id=2861779&use=l&cat=p&typeid=i","cat":285286},{"id":169436,"n":"Tendres Effilés en Gelée Felix Selection Mixte - 24x85g","p":9.82,"u":"4,81 €/KG","img":"https://fd13-photos.leclercdrive.fr/image.ashx?id=2957677&use=l&cat=p&typeid=i","cat":285286},{"id":169438,"n":"Délicieux Duos en Gelée Felix Sélection mixte - 24x85g","p":9.69,"u":"4,75 €/KG","img":"https://fd13-photos.leclercdrive.fr/image.ashx?id=2972074&use=l&cat=p&typeid=i","cat":285286},{"id":169443,"n":"Tendres Effilés Gelée 44x85g","p":16.24,"u":"4,34 €/KG","img":"https://fd13-photos.leclercdrive.fr/image.ashx?id=2957674&use=l&cat=p&typeid=i","cat":285286},{"id":169445,"n":"Duos en gelée Felix Selection campagne - 44x85g","p":16.08,"u":"4,30 €/KG","img":"https://fd13-photos.leclercdrive.fr/image.ashx?id=2976857&use=l&cat=p&typeid=i","cat":285286},{"id":169447,"n":"Emincés En Gelée Felix Selection mixte - 12x85g","p":3.98,"u":"3,90 €/KG","img":"https://fd13-photos.leclercdrive.fr/image.ashx?id=2869657&use=l&cat=p&typeid=i","cat":285286},{"id":169448,"n":"Emincés En Gelée  Felix Volaille légumes - 12x85g","p":3.93,"u":"3,85 €/KG","img":"https://fd13-photos.leclercdrive.fr/image.ashx?id=2909212&use=l&cat=p&typeid=i","cat":285286},{"id":169454,"n":"FELIX Sensations En Gelée Felix Selection de la campagne 12x85g","p":4.3,"u":"4,22 €/KG","img":"https://fd13-photos.leclercdrive.fr/image.ashx?id=2986909&use=l&cat=p&typeid=i","cat":285286},{"id":169455,"n":"Sensations en gelée Felix 12x85g","p":5.42,"u":"5,31 €/KG","img":"https://fd13-photos.leclercdrive.fr/image.ashx?id=2957278&use=l&cat=p&typeid=i","cat":285286},{"id":169457,"n":"Sensation en gelée Felix Sélection mixte - 24x85g","p":8.95,"u":"4,39 €/KG","img":"https://fd13-photos.leclercdrive.fr/image.ashx?id=2378435&use=l&cat=p&typeid=i","cat":285286},{"id":170561,"n":"Friandises chien Tous mes Amis Sticks au Boeuf - 3x11g","p":0.5,"u":"15,15 €/KG","img":"https://fd13-photos.leclercdrive.fr/image.ashx?id=2302265&use=l&cat=p&typeid=i","cat":294527},{"id":170571,"n":"Barres KINDER BUENO White  Chocolat Blanc x3 - 117g","p":3.05,"u":"26,07 €/KG","img":"https://fd13-photos.leclercdrive.fr/image.ashx?id=2792981&use=l&cat=p&typeid=i","cat":284498},{"id":170778,"n":"Bloc de foie gras Jean Larnaudie - 230g","p":25.98,"u":"112,96 €/KG","img":"https://fd13-photos.leclercdrive.fr/image.ashx?id=2915811&use=l&cat=p&typeid=i","cat":316008},{"id":170828,"n":"Chips Tortilla Old El Paso Chili - 185g","p":2.39,"u":"12,92 €/KG","img":"https://fd13-photos.leclercdrive.fr/image.ashx?id=2444525&use=l&cat=p&typeid=i","cat":288993},{"id":170900,"n":"Emmental râpé Paysan Breton Spécial pizza - 200g","p":2.89,"u":"14,45 €/KG","img":"https://fd13-photos.leclercdrive.fr/image.ashx?id=2774556&use=l&cat=p&typeid=i","cat":314035},{"id":170936,"n":"Havana club Especial rhum ambré 37.5%vol - 1L","p":23.9,"u":"23,90 €/L","img":"https://fd13-photos.leclercdrive.fr/image.ashx?id=2945814&use=l&cat=p&typeid=i","cat":284550},{"id":170957,"n":"Confiture Douceur du Verger Abricot - 750g","p":2.49,"u":"3,32 €/KG","img":"https://fd13-photos.leclercdrive.fr/image.ashx?id=2965581&use=l&cat=p&typeid=i","cat":284480},{"id":171004,"n":"Ramen nouilles Tanoshi Soja Caramel - 360g","p":2.23,"u":"6,19 €/KG","img":"https://fd13-photos.leclercdrive.fr/image.ashx?id=2922971&use=l&cat=p&typeid=i","cat":288992},{"id":171012,"n":"Café Moulu San Marco Intenso n°9 - 2x250g","p":10.49,"u":"20,98 €/KG","img":"https://fd13-photos.leclercdrive.fr/image.ashx?id=2646044&use=l&cat=p&typeid=i","cat":284750},{"id":171020,"n":"Infusion Bio La Tisanière Brûle Graisse Citron 20 Sachets","p":2.86,"u":"95,33 €/KG","img":"https://fd13-photos.leclercdrive.fr/image.ashx?id=2476290&use=l&cat=p&typeid=i","cat":293234},{"id":171068,"n":"Gel douche So Bio Etic Fleur d'oranger bio - 450ml","p":5.43,"u":"12,07 €/L","img":"https://fd13-photos.leclercdrive.fr/image.ashx?id=2794487&use=l&cat=p&typeid=i","cat":284594},{"id":171105,"n":"Foie gras de canard Delpeyrat Barquette 360g","p":42.47,"u":"117,97 €/KG","img":"https://fd13-photos.leclercdrive.fr/image.ashx?id=2901710&use=l&cat=p&typeid=i","cat":316008},{"id":171107,"n":"Bloc de foie gras Delpeyrat 30% morceaux Barquette 450g","p":42.47,"u":"94,38 €/KG","img":"https://fd13-photos.leclercdrive.fr/image.ashx?id=2730556&use=l&cat=p&typeid=i","cat":316008},{"id":171108,"n":"Bloc de foie gras Delpeyrat Barquette 540g","p":42.49,"u":"78,69 €/KG","img":"https://fd13-photos.leclercdrive.fr/image.ashx?id=2904691&use=l&cat=p&typeid=i","cat":316008},{"id":171131,"n":"Pétillant D'artigny Sans Alcool - 75cl","p":6.22,"u":"8,29 €/L","img":"https://fd13-photos.leclercdrive.fr/image.ashx?id=2854312&use=l&cat=p&typeid=i","cat":289460},{"id":171187,"n":"Barres glacées Snickers  Caramel & Cacahuètes x12 - 547g","p":5.88,"u":"10,75 €/KG","img":"https://fd13-photos.leclercdrive.fr/image.ashx?id=2295505&use=l&cat=p&typeid=i","cat":284264},{"id":171188,"n":"Glace Barre Glacée Snickers  Caramel & Cacahuètes x6 - 274g","p":2.55,"u":"9,31 €/KG","img":"https://fd13-photos.leclercdrive.fr/image.ashx?id=2295508&use=l&cat=p&typeid=i","cat":284264},{"id":171191,"n":"Barre glacée Mars  Caramel x6 - 240g","p":2.5,"img":"https://fd13-photos.leclercdrive.fr/image.ashx?id=2295924&use=l&cat=p&typeid=i","cat":284264},{"id":171409,"n":"Sac poubelle Elembal 50L - x40","p":5.99,"u":"0,15 €/P","img":"https://fd13-photos.leclercdrive.fr/image.ashx?id=2793311&use=l&cat=p&typeid=i","cat":285168},{"id":171471,"n":"Mug de Noël Fizzy Mme Fabuleuse +100g de chocolat","p":5.04,"u":"50,40 €/KG","img":"https://fd13-photos.leclercdrive.fr/image.ashx?id=2983667&use=l&cat=p&typeid=i","cat":327789},{"id":171477,"n":"Mug de Noël Fizzy Mr Parfait  +100g de chocolat","p":5.04,"u":"50,40 €/KG","img":"https://fd13-photos.leclercdrive.fr/image.ashx?id=2983670&use=l&cat=p&typeid=i","cat":327789},{"id":171653,"n":"Cognac Fine Island île de Ré - Camus - 40° 70cl","p":45.9,"u":"65,57 €/L","img":"https://fd13-photos.leclercdrive.fr/image.ashx?id=2609716&use=l&cat=p&typeid=i","cat":286032},{"id":171719,"n":"Lessive Epsil Perfect Tri-Doses Fleurie x20 - 490ml","p":4.49,"u":"9,16 €/L","img":"https://fd13-photos.leclercdrive.fr/image.ashx?id=2450119&use=l&cat=p&typeid=i","cat":284641},{"id":171789,"n":"Escargots de Bourgogne au Chablis Escal x12 - 89 g","p":8.17,"pp":5.39,"u":"60,56 €/KG","img":"https://fd13-photos.leclercdrive.fr/image.ashx?id=2255553&use=l&cat=p&typeid=i","cat":319775},{"id":171836,"n":"Céréales Trésor Kellogg's Chocolat au lait - 620g","p":4.39,"u":"7,08 €/KG","img":"https://fd13-photos.leclercdrive.fr/image.ashx?id=2598334&use=l&cat=p&typeid=i","cat":309513},{"id":171839,"n":"Yaourts Light & Free Aux fruits rouges 0% - 8x125g","p":3.29,"u":"3,29 €/KG","img":"https://fd13-photos.leclercdrive.fr/image.ashx?id=3008014&use=l&cat=p&typeid=i","cat":315000},{"id":171846,"n":"Skyr vanille Délisse 450g","p":1.98,"u":"4,40 €/KG","img":"https://fd13-photos.leclercdrive.fr/image.ashx?id=2992585&use=l&cat=p&typeid=i","cat":315000},{"id":172078,"n":"Choucroute Garnie du Jour Stoeffler - 350g","p":3.98,"u":"11,37 €/KG","img":"https://fd13-photos.leclercdrive.fr/image.ashx?id=2257937&use=l&cat=p&typeid=i","cat":333665},{"id":172510,"n":"Morilles et champignons à la Crème Magda - 300g","p":3.98,"pp":2.63,"u":"8,77 €/KG","img":"https://fd13-photos.leclercdrive.fr/image.ashx?id=2790027&use=l&cat=p&typeid=i","cat":319823},{"id":172584,"n":"Fromage blanc 0%MG Light & Free Fraise - 4x120g","p":2.17,"u":"4,52 €/KG","img":"https://fd13-photos.leclercdrive.fr/image.ashx?id=3007999&use=l&cat=p&typeid=i","cat":315000},{"id":172585,"n":"Fromage blanc 0%MG Light & Free Pêche - 4x120g","p":2.42,"u":"5,04 €/KG","img":"https://fd13-photos.leclercdrive.fr/image.ashx?id=3008002&use=l&cat=p&typeid=i","cat":315000},{"id":172588,"n":"Fromage blanc 0%MG Light & Free Nature - 8x100g","p":2.95,"u":"3,69 €/KG","img":"https://fd13-photos.leclercdrive.fr/image.ashx?id=3008008&use=l&cat=p&typeid=i","cat":315000},{"id":172592,"n":"Fromage blanc 0%MG Light & Free Vanille - 4x120g","p":2.03,"u":"4,23 €/KG","img":"https://fd13-photos.leclercdrive.fr/image.ashx?id=3008005&use=l&cat=p&typeid=i","cat":315000},{"id":172595,"n":"Mousse fromage blanc Light&Free Fraise et pêche 0%mg - 4x120g","p":1.84,"u":"4,00 €/KG","img":"https://fd13-photos.leclercdrive.fr/image.ashx?id=3008020&use=l&cat=p&typeid=i","cat":315000},{"id":172597,"n":"Yaourt aux fruits Light&Free Fraise 0%MG- 4x125g","p":1.77,"u":"3,54 €/KG","img":"https://fd13-photos.leclercdrive.fr/image.ashx?id=3010987&use=l&cat=p&typeid=i","cat":315000},{"id":172598,"n":"Yaourt aux fruits Light&free Cerise 0%MG - 4x125g","p":1.53,"u":"3,06 €/KG","img":"https://fd13-photos.leclercdrive.fr/image.ashx?id=2741682&use=l&cat=p&typeid=i","cat":315000},{"id":172715,"n":"Allumettes fumées Herta -25% sel - 2x75g","p":1.78,"u":"11,87 €/KG","img":"https://fd13-photos.leclercdrive.fr/image.ashx?id=2731363&use=l&cat=p&typeid=i","cat":316011},{"id":172718,"n":"Lessive en poudre Xeor Savon de Marseille x50 - 2.5kg","p":5.99,"u":"2,40 €/KG","img":"https://fd13-photos.leclercdrive.fr/image.ashx?id=2450161&use=l&cat=p&typeid=i","cat":284642},{"id":172725,"n":"Eau aromatisée San Pellegrino Limonata - 6x33cl","p":4.01,"u":"2,03 €/L","img":"https://fd13-photos.leclercdrive.fr/image.ashx?id=2525816&use=l&cat=p&typeid=i","cat":284536},{"id":172727,"n":"Eau aromatisée San Pellegrino Melograno e arancia - 6x33cl","p":4.05,"u":"2,05 €/L","img":"https://fd13-photos.leclercdrive.fr/image.ashx?id=2551555&use=l&cat=p&typeid=i","cat":284536},{"id":172731,"n":"Tablette chocolat Milka Chocolat au lait - 3x100g","p":4.23,"u":"14,10 €/KG","img":"https://fd13-photos.leclercdrive.fr/image.ashx?id=3009137&use=l&cat=p&typeid=i","cat":284497},{"id":172740,"n":"Farine à Pizza Mon Fournil T00 - 1kg","p":1.81,"u":"1,81 €/KG","img":"https://fd13-photos.leclercdrive.fr/image.ashx?id=2341660&use=l&cat=p&typeid=i","cat":284503},{"id":172977,"n":"Serviettes Hygiéniques Always Platinum Secure Night T4 - x14","p":4.25,"u":"0,30 €/P","img":"https://fd13-photos.leclercdrive.fr/image.ashx?id=2884111&use=l&cat=p&typeid=i","cat":284624},{"id":173065,"n":"Rhum Original \"Bumbu\" - 40% - 70cl","p":38.75,"u":"55,36 €/L","img":"https://fd13-photos.leclercdrive.fr/image.ashx?id=2307116&use=l&cat=p&typeid=i","cat":284550},{"id":173329,"n":"Soupe liquide Liebig  Poissons - Brique 1L","p":3.27,"u":"3,27 €/L","img":"https://fd13-photos.leclercdrive.fr/image.ashx?id=2647468&use=l&cat=p&typeid=i","cat":287366},{"id":173332,"n":"Soupe liquide Liebig poireaux Saint jacques - Brique 1L","p":4.41,"u":"4,41 €/L","img":"https://fd13-photos.leclercdrive.fr/image.ashx?id=2472195&use=l&cat=p&typeid=i","cat":284462},{"id":173333,"n":"Soupe liquide Liebig  Poireaux saint jacques - 2x30cl","p":4.13,"u":"6,88 €/L","img":"https://fd13-photos.leclercdrive.fr/image.ashx?id=2472198&use=l&cat=p&typeid=i","cat":284462},{"id":173381,"n":"Cubis vin Rosé Le Tonnelier Origine U.E - 10L","p":15.9,"u":"1,59 €/L","img":"https://fd13-photos.leclercdrive.fr/image.ashx?id=2266002&use=l&cat=p&typeid=i","cat":289558},{"id":173392,"n":"Chips Bret's au sel de Guérande - 250g","p":2.57,"u":"10,28 €/KG","img":"https://fd13-photos.leclercdrive.fr/image.ashx?id=2282619&use=l&cat=p&typeid=i","cat":284447},{"id":173443,"n":"Beurre demi-sel Tendrissime Président - 225g","p":2.93,"u":"13,02 €/KG","img":"https://fd13-photos.leclercdrive.fr/image.ashx?id=2887677&use=l&cat=p&typeid=i","cat":284379},{"id":173559,"n":"Black Spiced Rivière du Mât 35%vol. - 70cl","p":18.3,"u":"26,14 €/L","img":"https://fd13-photos.leclercdrive.fr/image.ashx?id=2731303&use=l&cat=p&typeid=i","cat":284551},{"id":173608,"n":"Lessive Bébé Persavon Abricot Bio - x30 - 1,5l","p":5.2,"u":"3,47 €/L","img":"https://fd13-photos.leclercdrive.fr/image.ashx?id=2997061&use=l&cat=p&typeid=i","cat":284640},{"id":174145,"n":"Confiture Douceur du Verger Cerises - 370 g","p":1.27,"u":"3,43 €/KG","img":"https://fd13-photos.leclercdrive.fr/image.ashx?id=2965599&use=l&cat=p&typeid=i","cat":284480},{"id":174147,"n":"Confiture Douceur du Verger Châtaignes/vanille - 370g","p":1.74,"u":"4,70 €/KG","img":"https://fd13-photos.leclercdrive.fr/image.ashx?id=2284017&use=l&cat=p&typeid=i","cat":284480},{"id":174148,"n":"Confiture Douceur du Verger Pêches - 370 g","p":1.59,"u":"4,30 €/KG","img":"https://fd13-photos.leclercdrive.fr/image.ashx?id=2965602&use=l&cat=p&typeid=i","cat":284480},{"id":174149,"n":"Confiture Douceur du Verger Fraises - 370 g","p":1.12,"u":"3,03 €/KG","img":"https://fd13-photos.leclercdrive.fr/image.ashx?id=2965539&use=l&cat=p&typeid=i","cat":284480},{"id":174150,"n":"Confiture Douceur du Verger Framboises - 370 g","p":1.99,"u":"5,38 €/KG","img":"https://fd13-photos.leclercdrive.fr/image.ashx?id=2965575&use=l&cat=p&typeid=i","cat":284480},{"id":174151,"n":"Confiture Douceur du Verger 4 fruits rouges - 370 g","p":1.18,"u":"3,19 €/KG","img":"https://fd13-photos.leclercdrive.fr/image.ashx?id=2965551&use=l&cat=p&typeid=i","cat":284480},{"id":174152,"n":"Sauce Tomate Provençale Panzani - 210G","p":1.27,"u":"6,05 €/KG","img":"https://fd13-photos.leclercdrive.fr/image.ashx?id=2880691&use=l&cat=p&typeid=i","cat":299047},{"id":174153,"n":"Sauce tomates cuisinées Panzani 210g","p":1.18,"u":"5,62 €/KG","img":"https://fd13-photos.leclercdrive.fr/image.ashx?id=2880688&use=l&cat=p&typeid=i","cat":299047},{"id":174154,"n":"Sauce Tomate Basilic Panzani - 210G","p":1.23,"u":"5,86 €/KG","img":"https://fd13-photos.leclercdrive.fr/image.ashx?id=2881290&use=l&cat=p&typeid=i","cat":288384},{"id":174155,"n":"Sauce tomate Panzani Provençale - 425g","p":1.4,"u":"3,29 €/KG","img":"https://fd13-photos.leclercdrive.fr/image.ashx?id=2742866&use=l&cat=p&typeid=i","cat":288384},{"id":174156,"n":"Sauce tomates cuisinées Panzani 425g","p":1.6,"u":"3,76 €/KG","img":"https://fd13-photos.leclercdrive.fr/image.ashx?id=2977276&use=l&cat=p&typeid=i","cat":288384},{"id":174157,"n":"Sauce Tomate Basilic Panzani - 400G","p":1.87,"u":"4,68 €/KG","img":"https://fd13-photos.leclercdrive.fr/image.ashx?id=2968088&use=l&cat=p&typeid=i","cat":288384},{"id":174158,"n":"Sauce Tomate Provençale Panzani - 650G","p":2.25,"u":"3,46 €/KG","img":"https://fd13-photos.leclercdrive.fr/image.ashx?id=2977942&use=l&cat=p&typeid=i","cat":299047},{"id":174159,"n":"Sauce Tomate Basilic Panzani - 650G","p":2.45,"u":"3,77 €/KG","img":"https://fd13-photos.leclercdrive.fr/image.ashx?id=2977945&use=l&cat=p&typeid=i","cat":288384},{"id":174160,"n":"Sauce tomates fraîches Panzani 3x190g","p":2.37,"u":"4,16 €/KG","img":"https://fd13-photos.leclercdrive.fr/image.ashx?id=2835274&use=l&cat=p&typeid=i","cat":288384},{"id":174191,"n":"Mini saucisses de Morteau NRT IGP - 2x120g","p":5.24,"u":"21,83 €/KG","img":"https://fd13-photos.leclercdrive.fr/image.ashx?id=2991506&use=l&cat=p&typeid=i","cat":316012},{"id":174196,"n":"Viande hachée 15% MG Férial 1kg","p":12.79,"u":"12,79 €/KG","img":"https://fd13-photos.leclercdrive.fr/image.ashx?id=2630094&use=l&cat=p&typeid=i","cat":284332},{"id":174204,"n":"Margarine Oméga 3 Fruit d'Or Sans huile de palme - 225g","p":1.95,"u":"8,67 €/KG","img":"https://fd13-photos.leclercdrive.fr/image.ashx?id=2887332&use=l&cat=p&typeid=i","cat":315229},{"id":174228,"n":"Sucre Extra Fin Saint Louis  650g","p":1.58,"u":"2,43 €/KG","img":"https://fd13-photos.leclercdrive.fr/image.ashx?id=2504317&use=l&cat=p&typeid=i","cat":284502},{"id":174398,"n":"Eponges grattantes Eco + x6","p":0.96,"u":"0,16 €/P","img":"https://fd13-photos.leclercdrive.fr/image.ashx?id=2761295&use=l&cat=p&typeid=i","cat":284667},{"id":174476,"n":"Brownies Saint Michel Chocolat blanc 240g","p":2.81,"u":"11,71 €/KG","img":"https://fd13-photos.leclercdrive.fr/image.ashx?id=2949949&use=l&cat=p&typeid=i","cat":294776},{"id":174477,"n":"Brownies Saint Michel Chocolat blanc pocket x8 - 240g","p":2.3,"u":"9,58 €/KG","img":"https://fd13-photos.leclercdrive.fr/image.ashx?id=2949952&use=l&cat=p&typeid=i","cat":294776},{"id":174503,"n":"Serviette de toilette Tissaia Perle - 50x100cm","p":5.45,"img":"https://fd13-photos.leclercdrive.fr/image.ashx?id=2272006&use=l&cat=p&typeid=i","cat":286694},{"id":174506,"n":"Drap de bain Tissaia Perle - 90x150cm","p":16.95,"img":"https://fd13-photos.leclercdrive.fr/image.ashx?id=2272003&use=l&cat=p&typeid=i","cat":286694},{"id":174510,"n":"Drap de douche Tissaia Perle - 68x140cm","p":12.85,"img":"https://fd13-photos.leclercdrive.fr/image.ashx?id=2219533&use=l&cat=p&typeid=i","cat":286694},{"id":174517,"n":"Pur jus multifruits Jafaden 90cl","p":1.7,"u":"1,89 €/L","img":"https://fd13-photos.leclercdrive.fr/image.ashx?id=2723153&use=l&cat=p&typeid=i","cat":285435},{"id":174519,"n":"Délice gelée Vitakraft Assortiment - 6x85g","p":4.99,"u":"9,78 €/KG","img":"https://fd13-photos.leclercdrive.fr/image.ashx?id=2283303&use=l&cat=p&typeid=i","cat":285286},{"id":174521,"n":"Délice gelée Vitakraft Viande et Poisson - 6x85g","p":4.99,"u":"9,78 €/KG","img":"https://fd13-photos.leclercdrive.fr/image.ashx?id=2283306&use=l&cat=p&typeid=i","cat":285286},{"id":174523,"n":"Délice sauce Vitakraft  Volaille et Boeuf - 6x85g","p":4.99,"u":"9,78 €/KG","img":"https://fd13-photos.leclercdrive.fr/image.ashx?id=2283291&use=l&cat=p&typeid=i","cat":285286},{"id":174524,"n":"Délice sauce Vitakraft Poisson - 6x85g","p":4.99,"u":"9,78 €/KG","img":"https://fd13-photos.leclercdrive.fr/image.ashx?id=2283294&use=l&cat=p&typeid=i","cat":285286},{"id":174565,"n":"Fruits au sirop St Mamet Pêche Poire Ananas - 475g","p":3.26,"u":"6,86 €/KG","img":"https://fd13-photos.leclercdrive.fr/image.ashx?id=2412438&use=l&cat=p&typeid=i","cat":284507},{"id":174574,"n":"Crayon de couleur  Bic Intensity x12","p":4.75,"u":"0,40 €/P","img":"https://fd13-photos.leclercdrive.fr/image.ashx?id=2272268&use=l&cat=p&typeid=i","cat":284696},{"id":174658,"n":"Eau gazeuse Plancoët Fines Bulles - 6x50 cl","p":2.32,"u":"0,77 €/L","img":"https://fd13-photos.leclercdrive.fr/image.ashx?id=2574284&use=l&cat=p&typeid=i","cat":284536},{"id":174674,"n":"Cidre doux quadrette Kerisac Pur jus - 2%vol. - 4x25cl","p":3.97,"u":"3,97 €/L","img":"https://fd13-photos.leclercdrive.fr/image.ashx?id=2873922&use=l&cat=p&typeid=i","cat":334880},{"id":174675,"n":"Cidre brut quadrette Kerisac Pur Jus - 4.5%vol. - 4x25cl","p":3.97,"u":"3,97 €/L","img":"https://fd13-photos.leclercdrive.fr/image.ashx?id=2873925&use=l&cat=p&typeid=i","cat":334880},{"id":174709,"n":"Confiture Douceur du Verger 4 fruits rouges - 750 g","p":2.49,"u":"3,32 €/KG","img":"https://fd13-photos.leclercdrive.fr/image.ashx?id=2965557&use=l&cat=p&typeid=i","cat":284480},{"id":174710,"n":"Confiture Douceur du Verger Mirabelles - 370g","p":1.59,"u":"4,30 €/KG","img":"https://fd13-photos.leclercdrive.fr/image.ashx?id=2965560&use=l&cat=p&typeid=i","cat":284480},{"id":174712,"n":"Confiture Douceur du Verger Figues - 370g","p":1.57,"u":"4,24 €/KG","img":"https://fd13-photos.leclercdrive.fr/image.ashx?id=2965587&use=l&cat=p&typeid=i","cat":284480},{"id":174714,"n":"Confiture Douceur du Verger Mûres - 370g","p":1.99,"u":"5,38 €/KG","img":"https://fd13-photos.leclercdrive.fr/image.ashx?id=2970587&use=l&cat=p&typeid=i","cat":284480},{"id":174815,"n":"Confiture Douceur du Verger Myrtilles - 370g","p":1.72,"u":"4,65 €/KG","img":"https://fd13-photos.leclercdrive.fr/image.ashx?id=2965590&use=l&cat=p&typeid=i","cat":284480},{"id":174817,"n":"Gelée Douceur du Verger Mûres - 370g","p":1.99,"u":"5,38 €/KG","img":"https://fd13-photos.leclercdrive.fr/image.ashx?id=2965578&use=l&cat=p&typeid=i","cat":284480},{"id":174875,"n":"Gelée douceur du Verger Groseilles - 370g","p":1.29,"u":"3,49 €/KG","img":"https://fd13-photos.leclercdrive.fr/image.ashx?id=2965563&use=l&cat=p&typeid=i","cat":284480},{"id":174881,"n":"Carottes râpées Bonduelle Au Citron de Sicile - 320g","p":1.41,"u":"4,41 €/KG","img":"https://fd13-photos.leclercdrive.fr/image.ashx?id=2894194&use=l&cat=p&typeid=i","cat":333657},{"id":174882,"n":"Carottes râpées Bonduelle Au citron de Sicile - 500g","p":2.24,"u":"4,48 €/KG","img":"https://fd13-photos.leclercdrive.fr/image.ashx?id=2904706&use=l&cat=p&typeid=i","cat":333657},{"id":174884,"n":"Céleri remoulade Bonduelle Au Fromage blanc - 320g","p":1.69,"u":"5,28 €/KG","img":"https://fd13-photos.leclercdrive.fr/image.ashx?id=2904709&use=l&cat=p&typeid=i","cat":333657},{"id":174885,"n":"Céleri rémoulade Bonduelle Au Fromage blanc - 500g","p":2.46,"u":"4,92 €/KG","img":"https://fd13-photos.leclercdrive.fr/image.ashx?id=3004819&use=l&cat=p&typeid=i","cat":333657},{"id":174887,"n":"Concombre Bonduelle Au Fromage blanc - 320g","p":1.98,"u":"6,19 €/KG","img":"https://fd13-photos.leclercdrive.fr/image.ashx?id=2905309&use=l&cat=p&typeid=i","cat":333657},{"id":174888,"n":"Betteraves Bonduelle Moutarde à l'ancienne - 320g","p":2.06,"u":"6,44 €/KG","img":"https://fd13-photos.leclercdrive.fr/image.ashx?id=2894200&use=l&cat=p&typeid=i","cat":333657},{"id":174915,"n":"Roll-on bio So Bio Etic SOS maux de tête - 5ml","p":5.46,"img":"https://fd13-photos.leclercdrive.fr/image.ashx?id=2849064&use=l&cat=p&typeid=i","cat":284630},{"id":174932,"n":"Poisson Pané Findus Croustibat Colin d'Alaska MSC x18 - 540g","p":4.01,"u":"7,43 €/KG","img":"https://fd13-photos.leclercdrive.fr/image.ashx?id=2653774&use=l&cat=p&typeid=i","cat":319788},{"id":174935,"n":"Lingettes jetables sols Carolin Au savon de Marseille - x15","p":2.69,"u":"0,18 €/P","img":"https://fd13-photos.leclercdrive.fr/image.ashx?id=2652407&use=l&cat=p&typeid=i","cat":325358},{"id":174939,"n":"Sacs-poubelle recyclés Alfapac à lien large 160L - x10","p":7.64,"u":"0,76 €/P","img":"https://fd13-photos.leclercdrive.fr/image.ashx?id=2509415&use=l&cat=p&typeid=i","cat":285168},{"id":174941,"n":"Fromage blanc Engagé Soutenons Nos Agriculteurs 1kg","p":2.09,"u":"2,09 €/KG","img":"https://fd13-photos.leclercdrive.fr/image.ashx?id=2297292&use=l&cat=p&typeid=i","cat":284409},{"id":174954,"n":"Crème liquide UHT 3x20cl Soutenons Nos Agriculteurs","p":3.49,"u":"5,82 €/L","img":"https://fd13-photos.leclercdrive.fr/image.ashx?id=2291414&use=l&cat=p&typeid=i","cat":284381},{"id":174997,"n":"Jambon supérieur 2 tranches Soutenons Nos Agriculteurs 70g","p":1.71,"u":"24,43 €/KG","img":"https://fd13-photos.leclercdrive.fr/image.ashx?id=2437518&use=l&cat=p&typeid=i","cat":316009},{"id":174998,"n":"Jambon supérieur 6 tranches Soutenons Nos Agriculteurs 210g","p":3.89,"u":"18,52 €/KG","img":"https://fd13-photos.leclercdrive.fr/image.ashx?id=2943710&use=l&cat=p&typeid=i","cat":316009},{"id":174999,"n":"Jambon superieur 4 tranches Soutenons Nos Agriculteurs 140g","p":2.76,"u":"19,71 €/KG","img":"https://fd13-photos.leclercdrive.fr/image.ashx?id=2943707&use=l&cat=p&typeid=i","cat":316009},{"id":175058,"n":"Pois chiches Bonduelle Cuits Dans Très Peu De Jus 265g","p":1.24,"u":"4,68 €/KG","img":"https://fd13-photos.leclercdrive.fr/image.ashx?id=2926272&use=l&cat=p&typeid=i","cat":312609},{"id":175062,"n":"Yaourt à la grecque YAOS Nature lit de cerises 4x125g","p":3.04,"u":"6,08 €/KG","img":"https://fd13-photos.leclercdrive.fr/image.ashx?id=2614951&use=l&cat=p&typeid=i","cat":284410},{"id":175094,"n":"Brossettes Interdentaire - x5 Réutilisables - RICQLES","p":4.56,"u":"0,91 €/P","img":"https://fd13-photos.leclercdrive.fr/image.ashx?id=2675948&use=l&cat=p&typeid=i","cat":285159},{"id":175122,"n":"Crème Douche Nourrissante Cadum Surgras Coco - 750ml","p":4.03,"u":"5,37 €/L","img":"https://fd13-photos.leclercdrive.fr/image.ashx?id=2393284&use=l&cat=p&typeid=i","cat":284594},{"id":175125,"n":"Sauce Deluxe AMORA 250ml","p":1.8,"u":"7,20 €/L","img":"https://fd13-photos.leclercdrive.fr/image.ashx?id=3009266&use=l&cat=p&typeid=i","cat":318431},{"id":175189,"n":"Limonade Breizh Lim' 6x33cl","p":4.35,"u":"2,20 €/L","img":"https://fd13-photos.leclercdrive.fr/image.ashx?id=2332501&use=l&cat=p&typeid=i","cat":284531},{"id":175192,"n":"Thé glacé Breizh Thé 6x33cl","p":4.2,"u":"2,12 €/L","img":"https://fd13-photos.leclercdrive.fr/image.ashx?id=2282616&use=l&cat=p&typeid=i","cat":295019},{"id":175241,"n":"Lomo Navidul  80g","p":4.03,"u":"50,38 €/KG","img":"https://fd13-photos.leclercdrive.fr/image.ashx?id=2283111&use=l&cat=p&typeid=i","cat":316007},{"id":175242,"n":"Chorizo Navidul 80g","p":3.73,"u":"46,63 €/KG","img":"https://fd13-photos.leclercdrive.fr/image.ashx?id=2283114&use=l&cat=p&typeid=i","cat":316007},{"id":175283,"n":"Pommes de terre Eco+ 1.5kg","p":0.99,"u":"0,66 €/KG","img":"https://fd13-photos.leclercdrive.fr/image.ashx?id=2282349&use=l&cat=p&typeid=i","cat":284352},{"id":175303,"n":"Skyr Siggi's  Citron - 2x140g","p":2.13,"u":"7,61 €/KG","img":"https://fd13-photos.leclercdrive.fr/image.ashx?id=2673082&use=l&cat=p&typeid=i","cat":315000},{"id":175368,"n":"Bière Dremmwel 0°0 Bio - 6x25cl","p":5.04,"u":"3,36 €/L","img":"https://fd13-photos.leclercdrive.fr/image.ashx?id=2790129&use=l&cat=p&typeid=i","cat":334877},{"id":175369,"n":"Bière Dremmwel blanche Bio - 6x25cl","p":5.69,"u":"3,79 €/L","img":"https://fd13-photos.leclercdrive.fr/image.ashx?id=2678101&use=l&cat=p&typeid=i","cat":334878},{"id":175371,"n":"Bière blonde Britt Aber Ale - 6x25cl","p":5.98,"u":"3,99 €/L","img":"https://fd13-photos.leclercdrive.fr/image.ashx?id=2506083&use=l&cat=p&typeid=i","cat":334873},{"id":175471,"n":"Bouquets garnis Pot au feu Lamprien Provence x5 - 15g","p":2.39,"u":"159,33 €/KG","img":"https://fd13-photos.leclercdrive.fr/image.ashx?id=2896258&use=l&cat=p&typeid=i","cat":293607},{"id":175525,"n":"Steak hachée pur bœuf 15%MG  Les Éleveurs de Bretagne - 800g","p":12.75,"u":"15,94 €/KG","img":"https://fd13-photos.leclercdrive.fr/image.ashx?id=2403444&use=l&cat=p&typeid=i","cat":284332},{"id":175560,"n":"Sérum nutrition Vitanove 100ml","p":3.99,"u":"39,90 €/L","img":"https://fd13-photos.leclercdrive.fr/image.ashx?id=2691441&use=l&cat=p&typeid=i","cat":284608},{"id":175564,"n":"Gel Douche Le Petit Marseillais  Haute tolerance aloevera 400ml","p":2.46,"u":"6,15 €/L","img":"https://fd13-photos.leclercdrive.fr/image.ashx?id=2677429&use=l&cat=p&typeid=i","cat":284594},{"id":175572,"n":"Thé noir Earl Grey Bio Village Bio - x20 - 36g","p":1.09,"u":"30,28 €/KG","img":"https://fd13-photos.leclercdrive.fr/image.ashx?id=2897913&use=l&cat=p&typeid=i","cat":293233},{"id":175574,"n":"Sauce bolognaise Panzani Extra riche - 400g","p":2.63,"u":"6,58 €/KG","img":"https://fd13-photos.leclercdrive.fr/image.ashx?id=2887527&use=l&cat=p&typeid=i","cat":299047},{"id":175576,"n":"Sachet fraicheur chat Sheba Filets au poulet et thon - 60g","p":1.09,"u":"18,17 €/KG","img":"https://fd13-photos.leclercdrive.fr/image.ashx?id=2292464&use=l&cat=p&typeid=i","cat":285286},{"id":175578,"n":"Sachet fraicheur chat Sheba Filets aux crevettes - 60g","p":1.1,"u":"18,33 €/KG","img":"https://fd13-photos.leclercdrive.fr/image.ashx?id=2292467&use=l&cat=p&typeid=i","cat":285286},{"id":175579,"n":"Pur jus Bio Village Bio Pomme  - 1L","p":2.14,"u":"2,14 €/L","img":"https://fd13-photos.leclercdrive.fr/image.ashx?id=2285081&use=l&cat=p&typeid=i","cat":284522},{"id":175582,"n":"Sachet fraicheur chat Sheba Soupe filets de poulet - 4x40g","p":2.95,"u":"18,44 €/KG","img":"https://fd13-photos.leclercdrive.fr/image.ashx?id=2292590&use=l&cat=p&typeid=i","cat":285286},{"id":175585,"n":"Sachet fraicheur chat Sheba Soupe filets de thon - 4x40g","p":2.94,"u":"18,38 €/KG","img":"https://fd13-photos.leclercdrive.fr/image.ashx?id=2292593&use=l&cat=p&typeid=i","cat":285286},{"id":175586,"n":"Lentilles vertes Vivien Paille 1kg","p":3.6,"pp":2.38,"u":"2,38 €/KG","img":"https://fd13-photos.leclercdrive.fr/image.ashx?id=2285093&use=l&cat=p&typeid=i","cat":284430},{"id":175610,"n":"2 tétines Air Control Tigex Base étroite silicone +12mois","p":3.0,"img":"https://fd13-photos.leclercdrive.fr/image.ashx?id=2286714&use=l&cat=p&typeid=i","cat":284743},{"id":175611,"n":"Tasse Smart'360° 250ml Tigex","p":9.5,"img":"https://fd13-photos.leclercdrive.fr/image.ashx?id=2286705&use=l&cat=p&typeid=i","cat":284742},{"id":175615,"n":"5 Slips filet extensible Tigex","p":8.5,"img":"https://fd13-photos.leclercdrive.fr/image.ashx?id=2689829&use=l&cat=p&typeid=i","cat":289435},{"id":175713,"n":"Bière \"La Goudale\" Rubis - 6x25cl","p":5.3,"u":"3,53 €/L","img":"https://fd13-photos.leclercdrive.fr/image.ashx?id=2778245&use=l&cat=p&typeid=i","cat":334878},{"id":175760,"n":"Biscuit Caprice Chocolat Praliné - 115g","p":1.73,"u":"15,04 €/KG","img":"https://fd13-photos.leclercdrive.fr/image.ashx?id=2484999&use=l&cat=p&typeid=i","cat":284488},{"id":175764,"n":"Chocolat blanc Novi Aux noisettes - 130g","p":3.19,"u":"24,54 €/KG","img":"https://fd13-photos.leclercdrive.fr/image.ashx?id=2294519&use=l&cat=p&typeid=i","cat":284957},{"id":175765,"n":"Chocolat au lait Lindt Création Praliné Feuillantine - 110g","p":3.45,"u":"31,36 €/KG","img":"https://fd13-photos.leclercdrive.fr/image.ashx?id=2287394&use=l&cat=p&typeid=i","cat":284497},{"id":175790,"n":"Sachet fraicheur chat Sheba Filets au poulet - 60g","p":1.11,"u":"18,50 €/KG","img":"https://fd13-photos.leclercdrive.fr/image.ashx?id=2287523&use=l&cat=p&typeid=i","cat":285286},{"id":175797,"n":"Gelée aux 3 viandes Mon Petit Purina Gourmet - 6x50g","p":2.55,"u":"8,50 €/KG","img":"https://fd13-photos.leclercdrive.fr/image.ashx?id=2899683&use=l&cat=p&typeid=i","cat":285286},{"id":175932,"n":"Miel de montagne L'Apiculteur Crémeux - 1kg","p":13.24,"u":"13,24 €/KG","img":"https://fd13-photos.leclercdrive.fr/image.ashx?id=2310920&use=l&cat=p&typeid=i","cat":287643},{"id":175933,"n":"Pain de mie La Boulangère Avoine et graines - 500g","p":2.02,"u":"4,04 €/KG","img":"https://fd13-photos.leclercdrive.fr/image.ashx?id=2912431&use=l&cat=p&typeid=i","cat":325068},{"id":175945,"n":"Bonbon Scoubidou play Lutti 180g","p":1.66,"u":"9,22 €/KG","img":"https://fd13-photos.leclercdrive.fr/image.ashx?id=2346837&use=l&cat=p&typeid=i","cat":304250},{"id":175954,"n":"Sauce Bolognaise Panzani Extra riche - 200g","p":1.7,"u":"8,50 €/KG","img":"https://fd13-photos.leclercdrive.fr/image.ashx?id=2918574&use=l&cat=p&typeid=i","cat":287599},{"id":175990,"n":"Sachets repas Gourmet Purina Perle Duo à la viande - 4x85g","p":2.28,"u":"6,71 €/KG","img":"https://fd13-photos.leclercdrive.fr/image.ashx?id=2901121&use=l&cat=p&typeid=i","cat":285286},{"id":175999,"n":"Barquette chien Cesar Terrine veau et carottes - 300g","p":1.53,"u":"5,10 €/KG","img":"https://fd13-photos.leclercdrive.fr/image.ashx?id=2289249&use=l&cat=p&typeid=i","cat":284673},{"id":176027,"n":"Frites Classiques McCain Just Au Four - 700g","p":2.57,"u":"3,67 €/KG","img":"https://fd13-photos.leclercdrive.fr/image.ashx?id=2997340&use=l&cat=p&typeid=i","cat":319791},{"id":176029,"n":"Frites Classiques McCain Just Au Four - 1,69kg","p":5.12,"u":"3,03 €/KG","img":"https://fd13-photos.leclercdrive.fr/image.ashx?id=2771319&use=l&cat=p&typeid=i","cat":319791},{"id":176030,"n":"Frites Allumettes McCain Just Au Four - 700g","p":2.62,"u":"3,74 €/KG","img":"https://fd13-photos.leclercdrive.fr/image.ashx?id=2772491&use=l&cat=p&typeid=i","cat":319791},{"id":176031,"n":"Frites Allumettes McCain Just Au Four - 1,69kg","p":5.43,"u":"3,21 €/KG","img":"https://fd13-photos.leclercdrive.fr/image.ashx?id=2997343&use=l&cat=p&typeid=i","cat":319791},{"id":176033,"n":"Frites Steakhouse McCain Just Au Four - 700g","p":2.77,"u":"3,96 €/KG","img":"https://fd13-photos.leclercdrive.fr/image.ashx?id=2737921&use=l&cat=p&typeid=i","cat":319791},{"id":176034,"n":"Frites Express McCain Just Au Four - 600g","p":3.05,"u":"5,08 €/KG","img":"https://fd13-photos.leclercdrive.fr/image.ashx?id=2997337&use=l&cat=p&typeid=i","cat":319791},{"id":176036,"n":"Frites friteuse McCain Tradition - 1,080kg","p":2.8,"u":"2,59 €/KG","img":"https://fd13-photos.leclercdrive.fr/image.ashx?id=2737930&use=l&cat=p&typeid=i","cat":319791},{"id":176038,"n":"Frites friteuse McCain Tradition - 2,66kg","p":6.01,"u":"2,26 €/KG","img":"https://fd13-photos.leclercdrive.fr/image.ashx?id=2737927&use=l&cat=p&typeid=i","cat":319791},{"id":176040,"n":"Frites friteuse McCain Golden Allumette - 1,080kg","p":3.1,"u":"2,87 €/KG","img":"https://fd13-photos.leclercdrive.fr/image.ashx?id=2737939&use=l&cat=p&typeid=i","cat":319791},{"id":176043,"n":"La Frite Belge McCain 1.080kg","p":3.1,"u":"2,87 €/KG","img":"https://fd13-photos.leclercdrive.fr/image.ashx?id=2737942&use=l&cat=p&typeid=i","cat":319791},{"id":176203,"n":"Bonbons sans sucre Ricola Citron Mélisse - 70g","p":2.71,"u":"38,71 €/KG","img":"https://fd13-photos.leclercdrive.fr/image.ashx?id=2647850&use=l&cat=p&typeid=i","cat":304256},{"id":176238,"n":"Le rapé de Chèvre Soignon 150g","p":2.89,"u":"19,27 €/KG","img":"https://fd13-photos.leclercdrive.fr/image.ashx?id=2773694&use=l&cat=p&typeid=i","cat":314035},{"id":176239,"n":"Gnocchi Lustucru Selection  390g","p":1.73,"u":"4,44 €/KG","img":"https://fd13-photos.leclercdrive.fr/image.ashx?id=2965999&use=l&cat=p&typeid=i","cat":333682},{"id":176295,"n":"Bonbons Ricola  Eucalyptus - 70g","p":1.7,"u":"24,29 €/KG","img":"https://fd13-photos.leclercdrive.fr/image.ashx?id=2647853&use=l&cat=p&typeid=i","cat":304252},{"id":176299,"n":"Biscottes Cracotte LU Fibre - 250g","p":2.17,"u":"8,68 €/KG","img":"https://fd13-photos.leclercdrive.fr/image.ashx?id=2871154&use=l&cat=p&typeid=i","cat":284479},{"id":176384,"n":"Soin Cheveux Magique Elsève Dream Long Embellisseur - 200ml","p":7.65,"u":"38,25 €/L","img":"https://fd13-photos.leclercdrive.fr/image.ashx?id=2439308&use=l&cat=p&typeid=i","cat":284608},{"id":176387,"n":"Masque Hydra-Régénérant Elsève Hyaluron Repulp - 310ml","p":5.23,"u":"16,87 €/L","img":"https://fd13-photos.leclercdrive.fr/image.ashx?id=2865878&use=l&cat=p&typeid=i","cat":284608},{"id":176391,"n":"Sérum Hydra-Texturisant Elsève Cheveux Déshydratés - 150ml","p":9.9,"u":"66,00 €/L","img":"https://fd13-photos.leclercdrive.fr/image.ashx?id=2870677&use=l&cat=p&typeid=i","cat":284608},{"id":176400,"n":"Gnocchi à poeler Lustucru  Lot de 2 + 1 offert - 900g","p":3.19,"u":"3,54 €/KG","img":"https://fd13-photos.leclercdrive.fr/image.ashx?id=2446671&use=l&cat=p&typeid=i","cat":333682},{"id":176436,"n":"Mini BN Cœur de Lait 175g","p":1.79,"u":"10,23 €/KG","img":"https://fd13-photos.leclercdrive.fr/image.ashx?id=2730484&use=l&cat=p&typeid=i","cat":284489},{"id":176534,"n":"Beurre bio Bio Village Doux  - 82% MG - 250g","p":2.85,"u":"11,40 €/KG","img":"https://fd13-photos.leclercdrive.fr/image.ashx?id=2294366&use=l&cat=p&typeid=i","cat":284379},{"id":176535,"n":"Beurre bio Bio Village  Demi-sel - 80% MG - 250g","p":2.99,"u":"11,96 €/KG","img":"https://fd13-photos.leclercdrive.fr/image.ashx?id=2961719&use=l&cat=p&typeid=i","cat":284379},{"id":176614,"n":"Compotes Pom'Potes Gourdes  Explorateurs Les Incas - 12x90g","p":5.83,"u":"5,40 €/KG","img":"https://fd13-photos.leclercdrive.fr/image.ashx?id=2900740&use=l&cat=p&typeid=i","cat":284508},{"id":176615,"n":"Compotes Pom'Potes Gourdes  Battle Multivariétés - 12x90g","p":5.59,"u":"5,18 €/KG","img":"https://fd13-photos.leclercdrive.fr/image.ashx?id=2919745&use=l&cat=p&typeid=i","cat":284508},{"id":176617,"n":"Granulés de bois premium Il était une fois - 15kg","p":4.69,"u":"0,31 €/KG","img":"https://fd13-photos.leclercdrive.fr/image.ashx?id=2192712&use=l&cat=p&typeid=i","cat":300577},{"id":176618,"n":"Whisky breton Bio  Armorik - 70cl - 40°","p":23.5,"pp":21.0,"u":"30,00 €/L","img":"https://fd13-photos.leclercdrive.fr/image.ashx?id=2304509&use=l&cat=p&typeid=i","cat":284547},{"id":176621,"n":"Crêpes Bretonnes Even Chocolat noisettes x6 - 180g","p":2.06,"u":"11,44 €/KG","img":"https://fd13-photos.leclercdrive.fr/image.ashx?id=2298625&use=l&cat=p&typeid=i","cat":284494},{"id":176624,"n":"Chocolat noir Lindt Création Pâte d'Amande - 110g","p":3.43,"u":"31,18 €/KG","img":"https://fd13-photos.leclercdrive.fr/image.ashx?id=2295813&use=l&cat=p&typeid=i","cat":284956},{"id":176677,"n":"Sablés noisettes chocolat Bonne Maman - 150g","p":2.01,"u":"13,40 €/KG","img":"https://fd13-photos.leclercdrive.fr/image.ashx?id=2984386&use=l&cat=p&typeid=i","cat":284488},{"id":176684,"n":"Chocolat Nestlé l'Atelier Caramel, amande, noisette 170g","p":3.53,"u":"20,76 €/KG","img":"https://fd13-photos.leclercdrive.fr/image.ashx?id=2663072&use=l&cat=p&typeid=i","cat":284497},{"id":176755,"n":"Lessive en poudre Uni Vert 1,25kg","p":3.89,"u":"3,11 €/KG","img":"https://fd13-photos.leclercdrive.fr/image.ashx?id=2450107&use=l&cat=p&typeid=i","cat":284642},{"id":176823,"n":"Moussaka au boeuf Fleury Michon 300g","p":3.02,"u":"10,07 €/KG","img":"https://fd13-photos.leclercdrive.fr/image.ashx?id=3003236&use=l&cat=p&typeid=i","cat":333665},{"id":176846,"n":"Knacki Original Herta x6 - 210g","p":1.55,"u":"7,38 €/KG","img":"https://fd13-photos.leclercdrive.fr/image.ashx?id=2299070&use=l&cat=p&typeid=i","cat":316012},{"id":176847,"n":"Knacki Original Herta x10 - 350g","p":1.75,"u":"5,00 €/KG","img":"https://fd13-photos.leclercdrive.fr/image.ashx?id=2304111&use=l&cat=p&typeid=i","cat":316012},{"id":176848,"n":"Knacki Original Herta Sans nitrite x6 - 210g","p":2.36,"u":"11,24 €/KG","img":"https://fd13-photos.leclercdrive.fr/image.ashx?id=2299073&use=l&cat=p&typeid=i","cat":316012},{"id":176884,"n":"Riz parfumé Taureau Ailé  Le Kamâlis - 2x500g","p":2.97,"u":"2,97 €/KG","img":"https://fd13-photos.leclercdrive.fr/image.ashx?id=2503674&use=l&cat=p&typeid=i","cat":284428},{"id":176929,"n":"Burger Moelleux Férial x2 - 220g","p":2.89,"u":"13,14 €/KG","img":"https://fd13-photos.leclercdrive.fr/image.ashx?id=2888407&use=l&cat=p&typeid=i","cat":284332},{"id":176930,"n":"Burger Moelleux Férial x4 - 440g","p":5.19,"u":"11,80 €/KG","img":"https://fd13-photos.leclercdrive.fr/image.ashx?id=2888410&use=l&cat=p&typeid=i","cat":284332},{"id":176940,"n":"Cuisse de canard 275g","p":3.75,"u":"13,64 €/KG","img":"https://fd13-photos.leclercdrive.fr/image.ashx?id=2415332&use=l&cat=p&typeid=i","cat":284339},{"id":176942,"n":"Filet de canard x1 - 325g","p":7.85,"u":"24,15 €/KG","img":"https://fd13-photos.leclercdrive.fr/image.ashx?id=2381063&use=l&cat=p&typeid=i","cat":284339},{"id":176968,"n":"yaourt aux fruits bifidus activia myrtille - 6x125g","p":2.63,"u":"3,51 €/KG","img":"https://fd13-photos.leclercdrive.fr/image.ashx?id=2741835&use=l&cat=p&typeid=i","cat":315000},{"id":176970,"n":"yaourt aux fruits bifidus activia abricot - 6x125g","p":2.63,"u":"3,51 €/KG","img":"https://fd13-photos.leclercdrive.fr/image.ashx?id=2741820&use=l&cat=p&typeid=i","cat":315000},{"id":176974,"n":"Tablette de chocolat noir Lindt Corsé 70% - 100g","p":2.66,"u":"26,60 €/KG","img":"https://fd13-photos.leclercdrive.fr/image.ashx?id=2299696&use=l&cat=p&typeid=i","cat":284956},{"id":177003,"n":"Tiramisu au spéculoos Equador 2x100g","p":2.25,"u":"11,25 €/KG","img":"https://fd13-photos.leclercdrive.fr/image.ashx?id=2566691&use=l&cat=p&typeid=i","cat":284419},{"id":177005,"n":"Tiramisu à la Framboise Equador 2x100g","p":2.45,"u":"12,25 €/KG","img":"https://fd13-photos.leclercdrive.fr/image.ashx?id=2566697&use=l&cat=p&typeid=i","cat":284419},{"id":177070,"n":"Pâte d'argile verte Le petit olivier - 300 g","p":3.92,"u":"13,07 €/KG","img":"https://fd13-photos.leclercdrive.fr/image.ashx?id=2305610&use=l&cat=p&typeid=i","cat":325346},{"id":177071,"n":"Shampooing Monoï et Karité Lovéa - 25 cl","p":3.62,"u":"14,48 €/L","img":"https://fd13-photos.leclercdrive.fr/image.ashx?id=2305502&use=l&cat=p&typeid=i","cat":284606},{"id":177111,"n":"Pralines Raffaello Noix de coco amandes x26 - 260g","p":6.5,"u":"25,00 €/KG","img":"https://fd13-photos.leclercdrive.fr/image.ashx?id=2964030&use=l&cat=p&typeid=i","cat":327595},{"id":177112,"n":"Moulage chocolat Kinder Pain d'épice - 35g","p":1.62,"u":"46,29 €/KG","img":"https://fd13-photos.leclercdrive.fr/image.ashx?id=2619291&use=l&cat=p&typeid=i","cat":327592},{"id":177216,"n":"Bière blanche sans alcool 1664 0,0° - 6x25cl","p":5.12,"u":"3,41 €/L","img":"https://fd13-photos.leclercdrive.fr/image.ashx?id=2907890&use=l&cat=p&typeid=i","cat":334877},{"id":177221,"n":"Cônes Extrême Nestlé Sorbets Citrons x6 - 426g","p":4.04,"u":"9,48 €/KG","img":"https://fd13-photos.leclercdrive.fr/image.ashx?id=2346320&use=l&cat=p&typeid=i","cat":284264},{"id":177237,"n":"Sorbet Plein Fruit L'Angélys Poire - 500g","p":5.33,"u":"10,66 €/KG","img":"https://fd13-photos.leclercdrive.fr/image.ashx?id=2963637&use=l&cat=p&typeid=i","cat":284263},{"id":177238,"n":"Sorbet Plein Fruit L'Angélys Noix de coco - 500g","p":5.89,"u":"11,78 €/KG","img":"https://fd13-photos.leclercdrive.fr/image.ashx?id=2963640&use=l&cat=p&typeid=i","cat":284263},{"id":177246,"n":"Pizza Crust Sodebo Mythic  Bœuf Cheddar - 600g","p":6.45,"u":"10,75 €/KG","img":"https://fd13-photos.leclercdrive.fr/image.ashx?id=3011200&use=l&cat=p&typeid=i","cat":333679},{"id":177247,"n":"Pizza Crust Sodebo Spicy Chorizo Poivrons - 600g","p":5.85,"u":"9,75 €/KG","img":"https://fd13-photos.leclercdrive.fr/image.ashx?id=2346912&use=l&cat=p&typeid=i","cat":333679},{"id":177275,"n":"La Bûche de Chèvre Soignon Nature - 150g","p":2.0,"u":"13,33 €/KG","img":"https://fd13-photos.leclercdrive.fr/image.ashx?id=2995322&use=l&cat=p&typeid=i","cat":314031},{"id":177276,"n":"La bûche de Chèvre Soignon Cendrée - 150g","p":2.1,"u":"14,00 €/KG","img":"https://fd13-photos.leclercdrive.fr/image.ashx?id=2995319&use=l&cat=p&typeid=i","cat":314031},{"id":177319,"n":"Boulgour Tipiak 450g","p":1.93,"u":"4,29 €/KG","img":"https://fd13-photos.leclercdrive.fr/image.ashx?id=2766445&use=l&cat=p&typeid=i","cat":284429},{"id":177326,"n":"Polenta Onctueuse  Tipiak - 400g","p":1.51,"u":"3,78 €/KG","img":"https://fd13-photos.leclercdrive.fr/image.ashx?id=2795818&use=l&cat=p&typeid=i","cat":284431},{"id":177366,"n":"Feuille de chêne verte  Bonduelle - 175g","p":2.14,"u":"12,23 €/KG","img":"https://fd13-photos.leclercdrive.fr/image.ashx?id=2894203&use=l&cat=p&typeid=i","cat":284353},{"id":177369,"n":"Feuille de chêne rouge Bonduelle - 125g","p":1.59,"u":"12,72 €/KG","img":"https://fd13-photos.leclercdrive.fr/image.ashx?id=2939268&use=l&cat=p&typeid=i","cat":284353},{"id":177375,"n":"Chouchen Melmor 75cl","p":7.74,"u":"10,32 €/L","img":"https://fd13-photos.leclercdrive.fr/image.ashx?id=2338880&use=l&cat=p&typeid=i","cat":284913},{"id":177381,"n":"Bière blonde Ch'ti 6.8% vol. - 75cl","p":3.18,"u":"4,24 €/L","img":"https://fd13-photos.leclercdrive.fr/image.ashx?id=2840169&use=l&cat=p&typeid=i","cat":334852},{"id":177431,"n":"Sirop Carambar Caramel - 75cl","p":3.5,"u":"4,67 €/L","img":"https://fd13-photos.leclercdrive.fr/image.ashx?id=2388550&use=l&cat=p&typeid=i","cat":295020},{"id":177432,"n":"Sirop Carambar Cola - 75cl","p":3.5,"u":"4,67 €/L","img":"https://fd13-photos.leclercdrive.fr/image.ashx?id=2445139&use=l&cat=p&typeid=i","cat":295020},{"id":177434,"n":"Sirop Carambar Fraise - 75cl","p":3.5,"u":"4,67 €/L","img":"https://fd13-photos.leclercdrive.fr/image.ashx?id=2398913&use=l&cat=p&typeid=i","cat":295020},{"id":177456,"n":"Délice sauce Vitakraft Viande Poisson - 12x85g","p":6.9,"u":"6,76 €/KG","img":"https://fd13-photos.leclercdrive.fr/image.ashx?id=2308174&use=l&cat=p&typeid=i","cat":285286},{"id":177650,"n":"Jambon Le Fumé Fleury Michon Sans nitrite x4 - 140g","p":2.74,"u":"19,57 €/KG","img":"https://fd13-photos.leclercdrive.fr/image.ashx?id=2923948&use=l&cat=p&typeid=i","cat":316009},{"id":177652,"n":"Jambon Label Rouge Fleury Michon sans nitrite x4- 160g","p":3.51,"u":"21,94 €/KG","img":"https://fd13-photos.leclercdrive.fr/image.ashx?id=2923957&use=l&cat=p&typeid=i","cat":316009},{"id":177655,"n":"Blanc de poulet Fleury Michon Doré au Four x6 - 190g","p":1.86,"u":"9,79 €/KG","img":"https://fd13-photos.leclercdrive.fr/image.ashx?id=3004972&use=l&cat=p&typeid=i","cat":316010},{"id":177657,"n":"Blanc de dinde Fleury Michon Doré au Four x4 - 160g","p":2.31,"u":"14,44 €/KG","img":"https://fd13-photos.leclercdrive.fr/image.ashx?id=2816868&use=l&cat=p&typeid=i","cat":316010},{"id":177670,"n":"Crème fraîche entière Yoplait 30%MG - 450g","p":2.01,"u":"4,47 €/KG","img":"https://fd13-photos.leclercdrive.fr/image.ashx?id=2811044&use=l&cat=p&typeid=i","cat":284381},{"id":177676,"n":"Skyr Yoplait  Nature 0%MG - 8x100G","p":3.23,"u":"4,04 €/KG","img":"https://fd13-photos.leclercdrive.fr/image.ashx?id=2884450&use=l&cat=p&typeid=i","cat":315000},{"id":177677,"n":"Skyr Yoplait  Lit Fruits Rouges 0%MG - 8x100G","p":3.23,"u":"4,04 €/KG","img":"https://fd13-photos.leclercdrive.fr/image.ashx?id=2884453&use=l&cat=p&typeid=i","cat":315000},{"id":177698,"n":"Knacki Original Herta Sans nitrite x4 - 140g","p":1.98,"u":"14,14 €/KG","img":"https://fd13-photos.leclercdrive.fr/image.ashx?id=2309423&use=l&cat=p&typeid=i","cat":316012},{"id":177704,"n":"Knacki Original Herta 100% Porc - 210g","p":2.27,"u":"10,81 €/KG","img":"https://fd13-photos.leclercdrive.fr/image.ashx?id=2309417&use=l&cat=p&typeid=i","cat":316012},{"id":177719,"n":"Soin contour des yeux Nivea Cellular Luminous - 15ml","p":16.62,"img":"https://fd13-photos.leclercdrive.fr/image.ashx?id=2839274&use=l&cat=p&typeid=i","cat":325345},{"id":177721,"n":"Crème Visage Nuit Nivea Anti-taches Luminous - 50ml","p":23.15,"u":"463,00 €/L","img":"https://fd13-photos.leclercdrive.fr/image.ashx?id=3000345&use=l&cat=p&typeid=i","cat":325345},{"id":177787,"n":"Boisson riz Bio Bjorg Sans sucre - 1L","p":2.25,"u":"2,25 €/L","img":"https://fd13-photos.leclercdrive.fr/image.ashx?id=2864471&use=l&cat=p&typeid=i","cat":316067},{"id":177820,"n":"Verrine patate douce lentille poivons et fromage x4","p":4.94,"u":"30,88 €/KG","img":"https://fd13-photos.leclercdrive.fr/image.ashx?id=2634019&use=l&cat=p&typeid=i","cat":316003},{"id":177849,"n":"Lessive Sanytol désinfectante fraicheur florale - 1,70L","p":10.19,"u":"5,99 €/L","img":"https://fd13-photos.leclercdrive.fr/image.ashx?id=2902978&use=l&cat=p&typeid=i","cat":284640},{"id":177914,"n":"Yaourt à boire Actimel Vanille - 8x100g","p":3.62,"u":"4,53 €/KG","img":"https://fd13-photos.leclercdrive.fr/image.ashx?id=2939190&use=l&cat=p&typeid=i","cat":284415},{"id":177919,"n":"Yaourt à boire Actimel Fraise Banane - 8x100g","p":3.83,"u":"4,79 €/KG","img":"https://fd13-photos.leclercdrive.fr/image.ashx?id=2939193&use=l&cat=p&typeid=i","cat":284415},{"id":177947,"n":"Spirales métal Nicols Métanic x3","p":1.23,"u":"0,41 €/P","img":"https://fd13-photos.leclercdrive.fr/image.ashx?id=2342779&use=l&cat=p&typeid=i","cat":284667},{"id":178087,"n":"Moulage chocolat Kinder Abeilles - 35g","p":1.62,"u":"46,29 €/KG","img":"https://fd13-photos.leclercdrive.fr/image.ashx?id=2313042&use=l&cat=p&typeid=i","cat":327592},{"id":178097,"n":"L'Ovale de Chèvre  Soignon - 160g","p":2.74,"u":"17,13 €/KG","img":"https://fd13-photos.leclercdrive.fr/image.ashx?id=2995328&use=l&cat=p&typeid=i","cat":314031},{"id":178110,"n":"Pizza Dr.Oetker Ristorante Thon - 355g","p":2.64,"u":"7,44 €/KG","img":"https://fd13-photos.leclercdrive.fr/image.ashx?id=2993056&use=l&cat=p&typeid=i","cat":284256},{"id":178111,"n":"Pizza Dr.Oetker Ristorante 4 fromages - 340g","p":2.68,"u":"7,88 €/KG","img":"https://fd13-photos.leclercdrive.fr/image.ashx?id=2993050&use=l&cat=p&typeid=i","cat":284256},{"id":178112,"n":"Pizza Dr.Oetker Ristorante Mozzarella - 335g","p":2.79,"u":"8,33 €/KG","img":"https://fd13-photos.leclercdrive.fr/image.ashx?id=2993062&use=l&cat=p&typeid=i","cat":284256},{"id":178113,"n":"Pizza Dr.Oetker Ristorante  Vegetale aux légumes - 385g","p":3.06,"u":"7,95 €/KG","img":"https://fd13-photos.leclercdrive.fr/image.ashx?id=2993068&use=l&cat=p&typeid=i","cat":284256},{"id":178114,"n":"Pizza Ristorante Dr Oetker Royale - 350g","p":3.24,"u":"9,26 €/KG","img":"https://fd13-photos.leclercdrive.fr/image.ashx?id=2993044&use=l&cat=p&typeid=i","cat":284256},{"id":178144,"n":"Thé glacé MayTea Saveur Pêche - 1,2L","p":1.85,"u":"1,54 €/L","img":"https://fd13-photos.leclercdrive.fr/image.ashx?id=2648661&use=l&cat=p&typeid=i","cat":295019},{"id":178147,"n":"Céréales Trésor Kellogg's Chocolat noisettes - 620g","p":4.39,"u":"7,08 €/KG","img":"https://fd13-photos.leclercdrive.fr/image.ashx?id=2598331&use=l&cat=p&typeid=i","cat":309513},{"id":178163,"n":"Thé glacé MayTea Saveur Menthe - 1,2L","p":1.79,"u":"1,49 €/L","img":"https://fd13-photos.leclercdrive.fr/image.ashx?id=2648664&use=l&cat=p&typeid=i","cat":295019},{"id":178165,"n":"Crème glacée Nuii  Cookies & Cream - x4 - 268g","p":4.29,"u":"16,01 €/KG","img":"https://fd13-photos.leclercdrive.fr/image.ashx?id=2506816&use=l&cat=p&typeid=i","cat":284265},{"id":178186,"n":"Compotes Andros Poire williams 750g","p":2.35,"u":"3,13 €/KG","img":"https://fd13-photos.leclercdrive.fr/image.ashx?id=2313750&use=l&cat=p&typeid=i","cat":284508},{"id":178189,"n":"Compote Andros Pomme golden ssa 640g","p":2.1,"u":"3,28 €/KG","img":"https://fd13-photos.leclercdrive.fr/image.ashx?id=2395023&use=l&cat=p&typeid=i","cat":284508},{"id":178266,"n":"Gel Douche Lait Cottage Le Caramel - 250 ml","p":2.12,"u":"8,48 €/L","img":"https://fd13-photos.leclercdrive.fr/image.ashx?id=2314936&use=l&cat=p&typeid=i","cat":284594},{"id":178267,"n":"Gel Douche Lait Cottage Fleur d'oranger - 250 ml","p":2.32,"u":"9,28 €/L","img":"https://fd13-photos.leclercdrive.fr/image.ashx?id=2315934&use=l&cat=p&typeid=i","cat":284594},{"id":178343,"n":"Gaufres de liège chocolat Eco + 300g","p":1.37,"u":"4,57 €/KG","img":"https://fd13-photos.leclercdrive.fr/image.ashx?id=2315764&use=l&cat=p&typeid=i","cat":294777},{"id":178346,"n":"Thé glacé MayTea Saveur Framboise - 1,2L","p":1.96,"u":"1,63 €/L","img":"https://fd13-photos.leclercdrive.fr/image.ashx?id=2643863&use=l&cat=p&typeid=i","cat":295019},{"id":178351,"n":"Poêlée à la Mexicaine Notre Jardin - 1kg","p":3.94,"u":"3,94 €/KG","img":"https://fd13-photos.leclercdrive.fr/image.ashx?id=2771375&use=l&cat=p&typeid=i","cat":319823},{"id":178355,"n":"Hachis Parmentier Fleury Michon à l'Emmental - 300g","p":2.8,"u":"9,33 €/KG","img":"https://fd13-photos.leclercdrive.fr/image.ashx?id=3003248&use=l&cat=p&typeid=i","cat":333665},{"id":178358,"n":"Gratin d'Endives au jambon sans nitrite Fleury michon - 280g","p":3.27,"u":"11,68 €/KG","img":"https://fd13-photos.leclercdrive.fr/image.ashx?id=3003254&use=l&cat=p&typeid=i","cat":333665},{"id":178362,"n":"Gelée Eclaircissante 100% Ultra Blond effet soleil","p":8.18,"u":"54,53 €/L","img":"https://fd13-photos.leclercdrive.fr/image.ashx?id=2575603&use=l&cat=p&typeid=i","cat":288899},{"id":178539,"n":"Gel Lavant Bébé Mots d'Enfants 2en1 Bio 750ml","p":3.95,"u":"5,27 €/L","img":"https://fd13-photos.leclercdrive.fr/image.ashx?id=3014305&use=l&cat=p&typeid=i","cat":284740},{"id":178553,"n":"Eau Cologne Eco + Lavande 1L","p":2.53,"u":"2,53 €/L","img":"https://fd13-photos.leclercdrive.fr/image.ashx?id=2690859&use=l&cat=p&typeid=i","cat":291525},{"id":178554,"n":"Eau de Cologne Eco + Fraîcheur 500ml","p":1.97,"u":"3,94 €/L","img":"https://fd13-photos.leclercdrive.fr/image.ashx?id=3001196&use=l&cat=p&typeid=i","cat":291525},{"id":178566,"n":"Eau de Cologne Eco + Ambre 500ml","p":1.9,"u":"3,80 €/L","img":"https://fd13-photos.leclercdrive.fr/image.ashx?id=2690925&use=l&cat=p&typeid=i","cat":291525},{"id":178567,"n":"Shampoing Douche Eco + Marine 300ml","p":0.92,"u":"3,07 €/L","img":"https://fd13-photos.leclercdrive.fr/image.ashx?id=2491135&use=l&cat=p&typeid=i","cat":284594},{"id":178571,"n":"Désodorisant Eco + Marine 300ml","p":0.69,"u":"2,30 €/L","img":"https://fd13-photos.leclercdrive.fr/image.ashx?id=2843568&use=l&cat=p&typeid=i","cat":311626},{"id":178572,"n":"Patchs Chauffants Primoplast X2","p":4.99,"u":"2,50 €/P","img":"https://fd13-photos.leclercdrive.fr/image.ashx?id=2856600&use=l&cat=p&typeid=i","cat":284630},{"id":178573,"n":"Crème Lavante Manava  Velours Amande 1L","p":2.58,"u":"2,58 €/L","img":"https://fd13-photos.leclercdrive.fr/image.ashx?id=2935546&use=l&cat=p&typeid=i","cat":284597},{"id":178608,"n":"L'Onctueux Café Rians 2x94g","p":2.45,"u":"13,03 €/KG","img":"https://fd13-photos.leclercdrive.fr/image.ashx?id=2467207&use=l&cat=p&typeid=i","cat":285041},{"id":178620,"n":"Dentifrice L'Arbre Vert Bien-être - 75ml","p":2.55,"u":"34,00 €/L","img":"https://fd13-photos.leclercdrive.fr/image.ashx?id=2892808&use=l&cat=p&typeid=i","cat":284612},{"id":178622,"n":"Gel douche Naturé Moi relaxant Fleur de cerisier - 500ml","p":3.79,"u":"7,58 €/L","img":"https://fd13-photos.leclercdrive.fr/image.ashx?id=2849487&use=l&cat=p&typeid=i","cat":284594},{"id":178625,"n":"Recharge gel douche Sanex Zéro% Tous types de peaux - 500ml","p":3.08,"u":"6,16 €/L","img":"https://fd13-photos.leclercdrive.fr/image.ashx?id=2859986&use=l&cat=p&typeid=i","cat":284594},{"id":178641,"n":"Culotte Feel Natural Menstruelles noires T36/38 x3","p":9.95,"u":"3,32 €/P","img":"https://fd13-photos.leclercdrive.fr/image.ashx?id=2795231&use=l&cat=p&typeid=i","cat":291524},{"id":178645,"n":"Culotte Feel Natural Menstruelles noires T40/42","p":9.95,"u":"3,32 €/P","img":"https://fd13-photos.leclercdrive.fr/image.ashx?id=2795237&use=l&cat=p&typeid=i","cat":291524},{"id":178729,"n":"Liniment Mots d'enfants Bio - 500g","p":4.24,"u":"8,48 €/L","img":"https://fd13-photos.leclercdrive.fr/image.ashx?id=2536742&use=l&cat=p&typeid=i","cat":284741},{"id":178791,"n":"Huile d'olive Terra Delyssa Bio - 75cl","p":10.04,"u":"13,39 €/L","img":"https://fd13-photos.leclercdrive.fr/image.ashx?id=2736847&use=l&cat=p&typeid=i","cat":284453},{"id":178837,"n":"Shampooing solide Ultra Doux Délicatesse - 60g","p":3.62,"u":"60,33 €/KG","img":"https://fd13-photos.leclercdrive.fr/image.ashx?id=2647098&use=l&cat=p&typeid=i","cat":284606},{"id":178839,"n":"AOC Vin Rosé Côtes de Provence Grain de Corail - 75cl","p":6.5,"u":"8,67 €/L","img":"https://fd13-photos.leclercdrive.fr/image.ashx?id=2335673&use=l&cat=p&typeid=i","cat":289558},{"id":178844,"n":"Tampon Tampax Compak Avec applicateur - Super - x24","p":3.02,"u":"0,13 €/P","img":"https://fd13-photos.leclercdrive.fr/image.ashx?id=2850246&use=l&cat=p&typeid=i","cat":284626},{"id":178845,"n":"Tampons Tampax Compak  Avec applicateur - Super+ - x22","p":3.04,"u":"0,14 €/P","img":"https://fd13-photos.leclercdrive.fr/image.ashx?id=2850405&use=l&cat=p&typeid=i","cat":284626},{"id":178872,"n":"Spray hydratant FPS 50+ Lovea Monoï de Tahiti - 150ml","p":10.0,"u":"66,67 €/L","img":"https://fd13-photos.leclercdrive.fr/image.ashx?id=2666980&use=l&cat=p&typeid=i","cat":325355},{"id":178888,"n":"Soin jour anti-âge Nivea FPS15 Peaux matures et sèches - 50ml","p":14.59,"u":"291,80 €/L","img":"https://fd13-photos.leclercdrive.fr/image.ashx?id=2321532&use=l&cat=p&typeid=i","cat":325345},{"id":178891,"n":"Soin nuit anti-âge Nivea  Peaux matures et sèches - 50ml","p":16.16,"u":"323,20 €/L","img":"https://fd13-photos.leclercdrive.fr/image.ashx?id=2321535&use=l&cat=p&typeid=i","cat":325345},{"id":178897,"n":"Bière rouge Kwak 8% - 75cl","p":4.6,"u":"6,13 €/L","img":"https://fd13-photos.leclercdrive.fr/image.ashx?id=2548318&use=l&cat=p&typeid=i","cat":334872},{"id":178899,"n":"Bière blonde Kwak 7,4% - 75cl","p":4.6,"u":"6,13 €/L","img":"https://fd13-photos.leclercdrive.fr/image.ashx?id=2548321&use=l&cat=p&typeid=i","cat":334872},{"id":178948,"n":"Gâteau Savane Brossard Tout chocolat pocket x7 210g","p":2.37,"u":"11,29 €/KG","img":"https://fd13-photos.leclercdrive.fr/image.ashx?id=2870728&use=l&cat=p&typeid=i","cat":294776},{"id":178949,"n":"Gâteau Savane Brossard Max Barr' Pocket x7 - 210g","p":2.15,"u":"10,24 €/KG","img":"https://fd13-photos.leclercdrive.fr/image.ashx?id=2870731&use=l&cat=p&typeid=i","cat":294776},{"id":178950,"n":"Eponge Spontex  Flash - x2","p":2.38,"u":"79,33 €/KG","img":"https://fd13-photos.leclercdrive.fr/image.ashx?id=2657781&use=l&cat=p&typeid=i","cat":284667},{"id":178951,"n":"Sacs poubelle Handy Bag   Ultra résistant 50L - x10","p":2.97,"u":"0,30 €/P","img":"https://fd13-photos.leclercdrive.fr/image.ashx?id=2918970&use=l&cat=p&typeid=i","cat":285168},{"id":178954,"n":"Mouchoirs Family Kleenex® Boîte x128","p":2.08,"u":"0,02 €/P","img":"https://fd13-photos.leclercdrive.fr/image.ashx?id=3009017&use=l&cat=p&typeid=i","cat":284638},{"id":178966,"n":"Mochi glacé Sésame Mei Asia - 180g","p":5.58,"u":"31,00 €/KG","img":"https://fd13-photos.leclercdrive.fr/image.ashx?id=2322739&use=l&cat=p&typeid=i","cat":284266},{"id":178974,"n":"Mouchoirs Balsam Kleenex® Boîte x64","p":1.71,"u":"0,03 €/P","img":"https://fd13-photos.leclercdrive.fr/image.ashx?id=2853353&use=l&cat=p&typeid=i","cat":284638},{"id":178976,"n":"Beurre moulé Grand Fermage Sel de mer - 80% MG - 125g","p":1.72,"u":"13,76 €/KG","img":"https://fd13-photos.leclercdrive.fr/image.ashx?id=2985330&use=l&cat=p&typeid=i","cat":284379},{"id":178977,"n":"Bûche de Chèvre Soignon  120g","p":1.74,"u":"14,50 €/KG","img":"https://fd13-photos.leclercdrive.fr/image.ashx?id=2676717&use=l&cat=p&typeid=i","cat":314031},{"id":179001,"n":"Préservatifs Durex Nude Sans  Latex Sensation Peau à Peau x20","p":13.99,"u":"0,70 €/P","img":"https://fd13-photos.leclercdrive.fr/image.ashx?id=2730448&use=l&cat=p&typeid=i","cat":284631},{"id":179002,"n":"Préservatifs Durex Confort Essential Confiance x24","p":8.5,"u":"0,35 €/P","img":"https://fd13-photos.leclercdrive.fr/image.ashx?id=2962029&use=l&cat=p&typeid=i","cat":284631},{"id":179010,"n":"Cheddar Cathedral City Extra mature - 200g","p":4.08,"u":"20,40 €/KG","img":"https://fd13-photos.leclercdrive.fr/image.ashx?id=2461210&use=l&cat=p&typeid=i","cat":314034},{"id":179012,"n":"Beurre gastronomique Président Demi-sel - 80% MG - 125g","p":1.7,"u":"13,60 €/KG","img":"https://fd13-photos.leclercdrive.fr/image.ashx?id=2653489&use=l&cat=p&typeid=i","cat":284379},{"id":179013,"n":"Petit Camembert  E. Graindorge - 150g","p":3.02,"u":"20,13 €/KG","img":"https://fd13-photos.leclercdrive.fr/image.ashx?id=2860934&use=l&cat=p&typeid=i","cat":314033},{"id":179025,"n":"Sacs poubelle 30L Handy Bag Ultra résistant - x20","p":2.75,"u":"0,14 €/P","img":"https://fd13-photos.leclercdrive.fr/image.ashx?id=2603800&use=l&cat=p&typeid=i","cat":285168},{"id":179026,"n":"Sacs poubelle 50L Handy Bag Ultra résistant - x10","p":2.1,"u":"0,21 €/P","img":"https://fd13-photos.leclercdrive.fr/image.ashx?id=2906730&use=l&cat=p&typeid=i","cat":285168},{"id":179027,"n":"Sacs poubelle 30L Handy Bag Ultra résistant - x15","p":2.9,"u":"0,19 €/P","img":"https://fd13-photos.leclercdrive.fr/image.ashx?id=2992278&use=l&cat=p&typeid=i","cat":285168},{"id":179028,"n":"Gel douche Sanex zéro 0% Peaux normales - 725ml","p":4.63,"u":"6,39 €/L","img":"https://fd13-photos.leclercdrive.fr/image.ashx?id=2685540&use=l&cat=p&typeid=i","cat":284594},{"id":179029,"n":"Sacs poubelle 30L Handy Bag Dévor odeur Ultra Résistant-x12","p":4.06,"img":"https://fd13-photos.leclercdrive.fr/image.ashx?id=2906724&use=l&cat=p&typeid=i","cat":285168},{"id":179030,"n":"Sacs poubelle 30L Handy Bag Ultra résistant - x15","p":3.35,"u":"0,22 €/P","img":"https://fd13-photos.leclercdrive.fr/image.ashx?id=2633145&use=l&cat=p&typeid=i","cat":285168},{"id":179031,"n":"Gel douche Sanex zéro 0% Peaux normales - 475ml","p":3.07,"u":"6,46 €/L","img":"https://fd13-photos.leclercdrive.fr/image.ashx?id=2648851&use=l&cat=p&typeid=i","cat":284594},{"id":179032,"n":"Sac poubelle 50L Handy Bag Fixation élastique x10","p":4.58,"u":"0,09 €/L","img":"https://fd13-photos.leclercdrive.fr/image.ashx?id=2906721&use=l&cat=p&typeid=i","cat":285168},{"id":179034,"n":"Sacs poubelle 5L Handy Bag Salle de bain - à liens - x35","p":1.9,"img":"https://fd13-photos.leclercdrive.fr/image.ashx?id=2906733&use=l&cat=p&typeid=i","cat":285168},{"id":179036,"n":"Sacs poubelle 100L Handy Bag Jardin - x10","p":7.11,"u":"0,71 €/P","img":"https://fd13-photos.leclercdrive.fr/image.ashx?id=2906712&use=l&cat=p&typeid=i","cat":285168},{"id":179040,"n":"Zipper 3L Albal  8 sacs","p":2.45,"img":"https://fd13-photos.leclercdrive.fr/image.ashx?id=2929062&use=l&cat=p&typeid=i","cat":334134},{"id":179041,"n":"Ultra ZIP moyen modèle Albal  15 sacs","p":3.06,"img":"https://fd13-photos.leclercdrive.fr/image.ashx?id=2929068&use=l&cat=p&typeid=i","cat":334134},{"id":179056,"n":"Dentifrice Signal Integral 8  Fraîcheur et détox -75ml","p":1.83,"u":"24,40 €/L","img":"https://fd13-photos.leclercdrive.fr/image.ashx?id=2960228&use=l&cat=p&typeid=i","cat":284612},{"id":179072,"n":"Mascara Maybelline Colossal Very black","p":9.19,"img":"https://fd13-photos.leclercdrive.fr/image.ashx?id=2321959&use=l&cat=p&typeid=i","cat":287029},{"id":179081,"n":"Le Maïs Bonduelle 3x285g","p":3.06,"u":"3,58 €/KG","img":"https://fd13-photos.leclercdrive.fr/image.ashx?id=2746202&use=l&cat=p&typeid=i","cat":312611},{"id":179085,"n":"Rhum épicé Bacardi Spiced 35° - 70cl","p":15.8,"u":"22,57 €/L","img":"https://fd13-photos.leclercdrive.fr/image.ashx?id=2322823&use=l&cat=p&typeid=i","cat":284550},{"id":179088,"n":"Liquide Vaisselle Paic Citron Vert - 750ml","p":1.9,"u":"2,53 €/L","img":"https://fd13-photos.leclercdrive.fr/image.ashx?id=2322838&use=l&cat=p&typeid=i","cat":284655},{"id":179103,"n":"Chouchen fermier 12% - 75cl","p":8.22,"u":"10,96 €/L","img":"https://fd13-photos.leclercdrive.fr/image.ashx?id=2324993&use=l&cat=p&typeid=i","cat":284913},{"id":179104,"n":"Chouchen tradition 14% - 75cl","p":8.1,"u":"10,80 €/L","img":"https://fd13-photos.leclercdrive.fr/image.ashx?id=2324996&use=l&cat=p&typeid=i","cat":284913},{"id":179126,"n":"Lait demi-écrémé Candia Brique Jeunes Agriculteurs - 6X1L","p":7.16,"u":"1,19 €/L","img":"https://fd13-photos.leclercdrive.fr/image.ashx?id=2623262&use=l&cat=p&typeid=i","cat":284377},{"id":179256,"n":"Jus Ocean Spray Classic  Cranberry - 1L","p":2.04,"u":"2,04 €/L","img":"https://fd13-photos.leclercdrive.fr/image.ashx?id=2324021&use=l&cat=p&typeid=i","cat":284915},{"id":179264,"n":"Sérum repulpant L'Oréal Paris Revitalift anti-rides - 20ml","p":14.87,"u":"743,50 €/L","img":"https://fd13-photos.leclercdrive.fr/image.ashx?id=2867539&use=l&cat=p&typeid=i","cat":325345},{"id":179265,"n":"Crème de Jour L'Oréal Paris Age Perfect SPF30 - 50ml","p":15.19,"u":"303,80 €/L","img":"https://fd13-photos.leclercdrive.fr/image.ashx?id=2887968&use=l&cat=p&typeid=i","cat":325345},{"id":179266,"n":"Crème de nuit L'Oréal Paris Dermo age perfect - 50ml","p":14.0,"u":"280,00 €/L","img":"https://fd13-photos.leclercdrive.fr/image.ashx?id=2324192&use=l&cat=p&typeid=i","cat":325345},{"id":179299,"n":"Lait bébé Candia Baby  croissance 3ème âge - 6x1L","p":11.36,"u":"1,89 €/L","img":"https://fd13-photos.leclercdrive.fr/image.ashx?id=2963349&use=l&cat=p&typeid=i","cat":284728},{"id":179301,"n":"Eau Micellaire Garnier Peaux Sèches, Sensibles - 400ml","p":2.87,"u":"7,18 €/L","img":"https://fd13-photos.leclercdrive.fr/image.ashx?id=2323637&use=l&cat=p&typeid=i","cat":284603},{"id":179303,"n":"Gel douche 3en1 Ushuaïa Agrumes - 300ml","p":1.78,"u":"5,93 €/L","img":"https://fd13-photos.leclercdrive.fr/image.ashx?id=2446986&use=l&cat=p&typeid=i","cat":284594},{"id":179326,"n":"Gel douche Sanex Zéro 0% Peaux sèches - 475ml","p":3.26,"u":"6,86 €/L","img":"https://fd13-photos.leclercdrive.fr/image.ashx?id=2692857&use=l&cat=p&typeid=i","cat":284594},{"id":179352,"n":"Eco recharge gel douche Sanex 0% Peaux sèches - 500ml","p":3.1,"u":"6,20 €/L","img":"https://fd13-photos.leclercdrive.fr/image.ashx?id=2866199&use=l&cat=p&typeid=i","cat":284594},{"id":179356,"n":"Gel douche Sanex Zéro 0% Peaux sèches - 725ml","p":4.58,"u":"6,32 €/L","img":"https://fd13-photos.leclercdrive.fr/image.ashx?id=2738392&use=l&cat=p&typeid=i","cat":284594},{"id":179374,"n":"Champagne Germain Président Rosé - 75cl","p":27.9,"u":"37,20 €/L","img":"https://fd13-photos.leclercdrive.fr/image.ashx?id=2999255&use=l&cat=p&typeid=i","cat":284542},{"id":179377,"n":"Masque SO'BiO étic charbon  purifiant Yuzu bio - 75ml","p":9.61,"u":"128,13 €/L","img":"https://fd13-photos.leclercdrive.fr/image.ashx?id=2325236&use=l&cat=p&typeid=i","cat":284603},{"id":179378,"n":"Gel-crème SO'BiO étic hydratant anti-imperfection Yuzu bio 40ml","p":9.61,"u":"240,25 €/L","img":"https://fd13-photos.leclercdrive.fr/image.ashx?id=2490680&use=l&cat=p&typeid=i","cat":325345},{"id":179379,"n":"Capsules de café Arabica x40 - 280g","p":4.78,"u":"22,98 €/KG","img":"https://fd13-photos.leclercdrive.fr/image.ashx?id=2690985&use=l&cat=p&typeid=i","cat":284749},{"id":179382,"n":"Crème nutritive SO'BiO étic bio Argan Peaux matures - 50ml","p":13.72,"u":"274,40 €/L","img":"https://fd13-photos.leclercdrive.fr/image.ashx?id=2775628&use=l&cat=p&typeid=i","cat":325345},{"id":179384,"n":"Pâte à tartiner Eco+ 750g - aux noissettes","p":2.47,"u":"3,29 €/KG","img":"https://fd13-photos.leclercdrive.fr/image.ashx?id=2841148&use=l&cat=p&typeid=i","cat":284481},{"id":179388,"n":"Gel après-rasage SO'BiO Men Aloe vera - 100ml","p":8.36,"u":"83,60 €/L","img":"https://fd13-photos.leclercdrive.fr/image.ashx?id=2325248&use=l&cat=p&typeid=i","cat":288147},{"id":179389,"n":"Gel à raser SO'BiO Men précision - 150ml","p":5.27,"u":"35,13 €/L","img":"https://fd13-photos.leclercdrive.fr/image.ashx?id=2325251&use=l&cat=p&typeid=i","cat":284617},{"id":179403,"n":"Eau gazeuse Vichy Célestins 6x1,15L","p":3.86,"u":"0,56 €/L","img":"https://fd13-photos.leclercdrive.fr/image.ashx?id=2376542&use=l&cat=p&typeid=i","cat":284536},{"id":179408,"n":"Sacs poubelle 20L Handy Bag Ultra résistant - x15","p":3.28,"u":"0,22 €/P","img":"https://fd13-photos.leclercdrive.fr/image.ashx?id=2596317&use=l&cat=p&typeid=i","cat":285168},{"id":179409,"n":"Sacs poubelle 20/30L Handy Bag Poubelle haute - x15","p":3.7,"u":"0,25 €/P","img":"https://fd13-photos.leclercdrive.fr/image.ashx?id=2617066&use=l&cat=p&typeid=i","cat":285168},{"id":179410,"n":"Sac multi-usages Zipper Albal Petit modèle - 12 sacs","p":2.38,"u":"0,20 €/P","img":"https://fd13-photos.leclercdrive.fr/image.ashx?id=2929065&use=l&cat=p&typeid=i","cat":334134},{"id":179411,"n":"Sac congélation Ultra-Zip Petit modèle - 20 sacs","p":2.58,"u":"0,13 €/P","img":"https://fd13-photos.leclercdrive.fr/image.ashx?id=2929071&use=l&cat=p&typeid=i","cat":334134},{"id":179413,"n":"Piles Alcalines Energizer Max 9V - pack de 2","p":8.9,"u":"Dont 0,04 € d'éco-part.","img":"https://fd13-photos.leclercdrive.fr/image.ashx?id=2850713&use=l&cat=p&typeid=i","cat":300572},{"id":179415,"n":"Pile Alcalines Energizer Max Plus AA/LR6 - x4","p":6.75,"img":"https://fd13-photos.leclercdrive.fr/image.ashx?id=2393365&use=l&cat=p&typeid=i","cat":300572},{"id":179416,"n":"Pile Alcalines Energizer Max Plus AAA/LR03 - x4","p":6.75,"img":"https://fd13-photos.leclercdrive.fr/image.ashx?id=2393368&use=l&cat=p&typeid=i","cat":300572},{"id":179417,"n":"Pile Alcalines Energizer  Max AA/LR6 - x6","p":7.3,"img":"https://fd13-photos.leclercdrive.fr/image.ashx?id=2737198&use=l&cat=p&typeid=i","cat":300572},{"id":179418,"n":"Pile Alcalines Energizer Max AAA/LR03 - x6","p":7.3,"img":"https://fd13-photos.leclercdrive.fr/image.ashx?id=2850722&use=l&cat=p&typeid=i","cat":300572},{"id":179422,"n":"Spray désodorisant Airwick Neutralisateur Coton - 237ml","p":4.15,"u":"17,51 €/L","img":"https://fd13-photos.leclercdrive.fr/image.ashx?id=2792822&use=l&cat=p&typeid=i","cat":311626},{"id":179431,"n":"Brioche Pitch Chocolat x8 - 300g","p":1.82,"u":"6,07 €/KG","img":"https://fd13-photos.leclercdrive.fr/image.ashx?id=2452119&use=l&cat=p&typeid=i","cat":293505},{"id":179432,"n":"Brioches Pitch Fraise x8 - 300g","p":1.72,"u":"5,73 €/KG","img":"https://fd13-photos.leclercdrive.fr/image.ashx?id=2452116&use=l&cat=p&typeid=i","cat":293505},{"id":179437,"n":"Brioches Pitch Pépites chocolat x8 - 300g","p":1.86,"u":"6,20 €/KG","img":"https://fd13-photos.leclercdrive.fr/image.ashx?id=2452107&use=l&cat=p&typeid=i","cat":293505},{"id":179439,"n":"Brioches Pitch Choco barre noir x8-  300g","p":2.35,"u":"7,83 €/KG","img":"https://fd13-photos.leclercdrive.fr/image.ashx?id=2452101&use=l&cat=p&typeid=i","cat":293505},{"id":179474,"n":"Brosse à dents Colgate Zigzag Souple - x3","p":5.61,"u":"1,87 €/P","img":"https://fd13-photos.leclercdrive.fr/image.ashx?id=2342625&use=l&cat=p&typeid=i","cat":284614},{"id":179505,"n":"Brosse à dents électrique  Oral B power pro-sensitive","p":54.99,"img":"https://fd13-photos.leclercdrive.fr/image.ashx?id=2328925&use=l&cat=p&typeid=i","cat":297133},{"id":179522,"n":"Huile d'olive Tramier savoureuse - 1L","p":11.98,"u":"11,98 €/L","img":"https://fd13-photos.leclercdrive.fr/image.ashx?id=2834050&use=l&cat=p&typeid=i","cat":284453},{"id":179524,"n":"Jambon Fleury Michon Label  Rouge sans nitrite x2 - 80g","p":2.2,"u":"27,50 €/KG","img":"https://fd13-photos.leclercdrive.fr/image.ashx?id=2923954&use=l&cat=p&typeid=i","cat":316009},{"id":179533,"n":"Soda Fanta citron  bouteille - 1.25L","p":1.47,"u":"1,18 €/L","img":"https://fd13-photos.leclercdrive.fr/image.ashx?id=2659394&use=l&cat=p&typeid=i","cat":284532},{"id":179640,"n":"Jus Ocean Spray Classic Light Cranberry - 1L","p":2.19,"u":"2,19 €/L","img":"https://fd13-photos.leclercdrive.fr/image.ashx?id=2328415&use=l&cat=p&typeid=i","cat":284915},{"id":179669,"n":"Liquide vaisselle Paic Citron - 1,5L","p":2.82,"u":"1,88 €/L","img":"https://fd13-photos.leclercdrive.fr/image.ashx?id=2328673&use=l&cat=p&typeid=i","cat":284655},{"id":179673,"n":"Blocs WC Ball Syphon Tropical - x2","p":2.32,"u":"1,16 €/P","img":"https://fd13-photos.leclercdrive.fr/image.ashx?id=2925723&use=l&cat=p&typeid=i","cat":284662},{"id":179724,"n":"Crêpes Bretonnes Tipiak Jambon Emmental x8 - 400g","p":2.83,"u":"7,08 €/KG","img":"https://fd13-photos.leclercdrive.fr/image.ashx?id=2535873&use=l&cat=p&typeid=i","cat":319776},{"id":179734,"n":"Huile Isio 4 Lesieur 50cl","p":2.6,"u":"5,20 €/L","img":"https://fd13-photos.leclercdrive.fr/image.ashx?id=2916027&use=l&cat=p&typeid=i","cat":284453},{"id":179757,"n":"Compote Charles & Alices Pommes Mirabelles - 4x97g","p":1.73,"u":"4,46 €/KG","img":"https://fd13-photos.leclercdrive.fr/image.ashx?id=2757353&use=l&cat=p&typeid=i","cat":284416},{"id":179770,"n":"Bière Rince cochon triple 75cl","p":4.57,"u":"6,09 €/L","img":"https://fd13-photos.leclercdrive.fr/image.ashx?id=2475747&use=l&cat=p&typeid=i","cat":334872},{"id":179773,"n":"La limonade de Goudale 75cl","p":2.36,"u":"3,15 €/L","img":"https://fd13-photos.leclercdrive.fr/image.ashx?id=2333123&use=l&cat=p&typeid=i","cat":284531},{"id":179789,"n":"Plaisir Caramel et Beurre salé Recette Lenôtre - 410g","p":9.28,"u":"22,63 €/KG","img":"https://fd13-photos.leclercdrive.fr/image.ashx?id=2807753&use=l&cat=p&typeid=i","cat":284267},{"id":179826,"n":"Oreiller synthétique Carré uni Blanc 60x60cm","p":10.89,"u":"Dont 0,20 € d'éco-part.","img":"https://fd13-photos.leclercdrive.fr/image.ashx?id=2648517&use=l&cat=p&typeid=i","cat":288835},{"id":179852,"n":"Super smoothie Innocent defense - 750ml","p":3.55,"u":"4,73 €/L","img":"https://fd13-photos.leclercdrive.fr/image.ashx?id=2329136&use=l&cat=p&typeid=i","cat":285435},{"id":179854,"n":"Crème glacée Häagen-Dazs  Vanille cookies  - 386 g","p":4.99,"u":"12,93 €/KG","img":"https://fd13-photos.leclercdrive.fr/image.ashx?id=2893450&use=l&cat=p&typeid=i","cat":284725},{"id":179860,"n":"Glaces Kinder Bueno noisettes chocolat lait x4 248g","p":3.65,"u":"14,72 €/KG","img":"https://fd13-photos.leclercdrive.fr/image.ashx?id=2759068&use=l&cat=p&typeid=i","cat":284264},{"id":179881,"n":"Crème glacée Ben & Jerry's Cookie Vermont-Ster - 324g","p":5.8,"u":"17,90 €/KG","img":"https://fd13-photos.leclercdrive.fr/image.ashx?id=2793044&use=l&cat=p&typeid=i","cat":284725},{"id":179934,"n":"Chips bio Jardin Bio Nature - 125g","p":2.44,"u":"19,52 €/KG","img":"https://fd13-photos.leclercdrive.fr/image.ashx?id=2792642&use=l&cat=p&typeid=i","cat":284447},{"id":179939,"n":"Bâtonnets Trium vanille choco blanc fruits rouges x4 - 274g","p":2.85,"u":"10,40 €/KG","img":"https://fd13-photos.leclercdrive.fr/image.ashx?id=2758312&use=l&cat=p&typeid=i","cat":284265},{"id":179940,"n":"Crousti apéro bio Jardin Bio Cacahuètes - 85g","p":1.83,"u":"21,53 €/KG","img":"https://fd13-photos.leclercdrive.fr/image.ashx?id=2329239&use=l&cat=p&typeid=i","cat":284449},{"id":179956,"n":"Crousti apéro bio Jardin Bio Tomates - 85g","p":1.83,"u":"21,53 €/KG","img":"https://fd13-photos.leclercdrive.fr/image.ashx?id=2329301&use=l&cat=p&typeid=i","cat":284449},{"id":179961,"n":"Haricots verts Jardin Bio Etic Bio - sans sel ajouté - 185g","p":2.44,"u":"13,19 €/KG","img":"https://fd13-photos.leclercdrive.fr/image.ashx?id=2835421&use=l&cat=p&typeid=i","cat":312606},{"id":179967,"n":"Beurre de cacahuete Jardin Bio Bio - Creamy - 500g","p":6.0,"u":"12,00 €/KG","img":"https://fd13-photos.leclercdrive.fr/image.ashx?id=2926503&use=l&cat=p&typeid=i","cat":284481},{"id":179970,"n":"Thé noir bio Jardin Bio Etic Fruits rouges x20 - 28g","p":2.66,"u":"95,00 €/KG","img":"https://fd13-photos.leclercdrive.fr/image.ashx?id=2419089&use=l&cat=p&typeid=i","cat":293233},{"id":179973,"n":"Rosso  14,4% - 1L","p":3.52,"u":"3,52 €/L","img":"https://fd13-photos.leclercdrive.fr/image.ashx?id=2800228&use=l&cat=p&typeid=i","cat":284913},{"id":179974,"n":"Bianco 14,4% - 1L","p":3.52,"u":"3,52 €/L","img":"https://fd13-photos.leclercdrive.fr/image.ashx?id=2800231&use=l&cat=p&typeid=i","cat":284913},{"id":179985,"n":"Bière ambrée Ch'ti   6,2°  -75cl","p":3.32,"u":"4,43 €/L","img":"https://fd13-photos.leclercdrive.fr/image.ashx?id=2329473&use=l&cat=p&typeid=i","cat":334852},{"id":179996,"n":"Boisson arômatisée à base de Vin désacoolisé - 75cl","p":2.99,"u":"3,99 €/L","img":"https://fd13-photos.leclercdrive.fr/image.ashx?id=2329368&use=l&cat=p&typeid=i","cat":284549},{"id":179997,"n":"Vin rosé  Festalie 75cl - sans alcool","p":2.99,"u":"3,99 €/L","img":"https://fd13-photos.leclercdrive.fr/image.ashx?id=2781188&use=l&cat=p&typeid=i","cat":289558},{"id":180024,"n":"Tablette de chocolat noir Lindt Noisette caramel - 100g","p":2.35,"u":"23,50 €/KG","img":"https://fd13-photos.leclercdrive.fr/image.ashx?id=2881296&use=l&cat=p&typeid=i","cat":284956},{"id":180041,"n":"Chips Tuiles Pringles Paprika - 175g","p":1.72,"u":"9,83 €/KG","img":"https://fd13-photos.leclercdrive.fr/image.ashx?id=2902301&use=l&cat=p&typeid=i","cat":287899},{"id":180044,"n":"Filtres à café brun Melitta FSC 1x4 - 80 filtres","p":1.79,"u":"12,18 €/KG","img":"https://fd13-photos.leclercdrive.fr/image.ashx?id=2908276&use=l&cat=p&typeid=i","cat":284751},{"id":180061,"n":"Thé vert bio Bio village  36g","p":1.33,"u":"36,94 €/KG","img":"https://fd13-photos.leclercdrive.fr/image.ashx?id=2897910&use=l&cat=p&typeid=i","cat":293233},{"id":180065,"n":"Rillettes de thon Petit Navire 125g","p":1.92,"u":"15,36 €/KG","img":"https://fd13-photos.leclercdrive.fr/image.ashx?id=2533388&use=l&cat=p&typeid=i","cat":303867},{"id":180066,"n":"Cidre brut Eco+ 4% - 75cl","p":1.59,"u":"2,12 €/L","img":"https://fd13-photos.leclercdrive.fr/image.ashx?id=2903920&use=l&cat=p&typeid=i","cat":334880},{"id":180069,"n":"Rillettes au saumon  Petit Navire - 125g","p":1.74,"u":"13,92 €/KG","img":"https://fd13-photos.leclercdrive.fr/image.ashx?id=2533391&use=l&cat=p&typeid=i","cat":305147},{"id":180071,"n":"Cidre doux Eco+ 2% - 75cl","p":1.59,"u":"2,12 €/L","img":"https://fd13-photos.leclercdrive.fr/image.ashx?id=2903926&use=l&cat=p&typeid=i","cat":334880},{"id":180074,"n":"Fond de veau Maggi - 240g","p":3.48,"u":"14,50 €/KG","img":"https://fd13-photos.leclercdrive.fr/image.ashx?id=2918047&use=l&cat=p&typeid=i","cat":288379},{"id":180079,"n":"Biscuits chocolats Kinder Duo Chocolat blanc et lait - 150g","p":2.09,"u":"13,93 €/KG","img":"https://fd13-photos.leclercdrive.fr/image.ashx?id=2959127&use=l&cat=p&typeid=i","cat":284488},{"id":180083,"n":"Pastis Eco+ 40% - 1L","p":15.1,"u":"15,10 €/L","img":"https://fd13-photos.leclercdrive.fr/image.ashx?id=2637823&use=l&cat=p&typeid=i","cat":284548},{"id":180118,"n":"Mais d'aucy  Bio - 2x140g","p":2.24,"u":"8,00 €/KG","img":"https://fd13-photos.leclercdrive.fr/image.ashx?id=2651825&use=l&cat=p&typeid=i","cat":312611},{"id":180121,"n":"Riz curry et poulet individuel William Saurin - 300g","p":3.15,"u":"10,50 €/KG","img":"https://fd13-photos.leclercdrive.fr/image.ashx?id=2335184&use=l&cat=p&typeid=i","cat":284953},{"id":180150,"n":"Crème de coco - brique de 400ml","p":2.7,"u":"6,75 €/L","img":"https://fd13-photos.leclercdrive.fr/image.ashx?id=2906901&use=l&cat=p&typeid=i","cat":288992},{"id":180152,"n":"Foie de morue Connétable MSC nature au citron - 121g","p":2.2,"u":"18,18 €/KG","img":"https://fd13-photos.leclercdrive.fr/image.ashx?id=2330311&use=l&cat=p&typeid=i","cat":305147},{"id":180153,"n":"Gâche des gourmands tranchée La Fournée dorée - 450g","p":2.3,"u":"5,11 €/KG","img":"https://fd13-photos.leclercdrive.fr/image.ashx?id=2424557&use=l&cat=p&typeid=i","cat":284478},{"id":180157,"n":"Gelée de Groseilles Bonne Maman - 370g","p":1.93,"u":"5,22 €/KG","img":"https://fd13-photos.leclercdrive.fr/image.ashx?id=2482975&use=l&cat=p&typeid=i","cat":284480},{"id":180173,"n":"Pâté de foie Hénaff supérieur  sel de Guérande - 3x78g","p":2.18,"u":"9,32 €/KG","img":"https://fd13-photos.leclercdrive.fr/image.ashx?id=2582132&use=l&cat=p&typeid=i","cat":305149},{"id":180175,"n":"Friandises chien Pedigree Rodeo poulet bacon x7 - 123g","p":1.75,"u":"14,23 €/KG","img":"https://fd13-photos.leclercdrive.fr/image.ashx?id=2937941&use=l&cat=p&typeid=i","cat":294527},{"id":180178,"n":"Quenelles de brochet  Petit Jean - 400g","p":2.2,"u":"5,50 €/KG","img":"https://fd13-photos.leclercdrive.fr/image.ashx?id=2677228&use=l&cat=p&typeid=i","cat":284441},{"id":180179,"n":"Sauce tomate aux champignons  Panzani Bolets et cèpes - 210g","p":1.19,"u":"5,67 €/KG","img":"https://fd13-photos.leclercdrive.fr/image.ashx?id=2880676&use=l&cat=p&typeid=i","cat":299047},{"id":180180,"n":"Ramen Tanoshi saveur boeuf nouilles japonaises - 360g","p":2.99,"u":"8,31 €/KG","img":"https://fd13-photos.leclercdrive.fr/image.ashx?id=2922974&use=l&cat=p&typeid=i","cat":288992},{"id":180181,"n":"Sardines à l'huile d'olive Connétable - 135g","p":2.66,"u":"19,70 €/KG","img":"https://fd13-photos.leclercdrive.fr/image.ashx?id=2762115&use=l&cat=p&typeid=i","cat":305146},{"id":180182,"n":"Sardines Connétable huile  d'olive piment de Cayenne -135g","p":2.71,"u":"20,07 €/KG","img":"https://fd13-photos.leclercdrive.fr/image.ashx?id=2902714&use=l&cat=p&typeid=i","cat":305146},{"id":180183,"n":"Sardines Connétable sauce aux   tomates séchées - 135g","p":2.85,"u":"21,11 €/KG","img":"https://fd13-photos.leclercdrive.fr/image.ashx?id=2902717&use=l&cat=p&typeid=i","cat":305146},{"id":180187,"n":"Sauce Pesto Tomates Basilic Panzani - 200G","p":1.62,"u":"8,10 €/KG","img":"https://fd13-photos.leclercdrive.fr/image.ashx?id=2977930&use=l&cat=p&typeid=i","cat":287599},{"id":180191,"n":"Sucre gélifiant Béghin Say spécial gelée - 1kg","p":2.21,"u":"2,21 €/KG","img":"https://fd13-photos.leclercdrive.fr/image.ashx?id=2653441&use=l&cat=p&typeid=i","cat":284502},{"id":180192,"n":"Sucre en grains Béghin Say doypack - 350g","p":2.48,"u":"7,09 €/KG","img":"https://fd13-photos.leclercdrive.fr/image.ashx?id=2866358&use=l&cat=p&typeid=i","cat":284502},{"id":180193,"n":"Soupe déshydratée Knorr Cèpes  champignons  - 75cl","p":1.94,"u":"21,32 €/KG","img":"https://fd13-photos.leclercdrive.fr/image.ashx?id=2790318&use=l&cat=p&typeid=i","cat":284463},{"id":180194,"n":"Tartinades de thon Petit Navire Tomates séchées thym - 125G","p":1.99,"u":"15,92 €/KG","img":"https://fd13-photos.leclercdrive.fr/image.ashx?id=2522566&use=l&cat=p&typeid=i","cat":303867},{"id":180197,"n":"Langue Pik Haribo Sachet bonbons acidulés - 180g","p":1.6,"u":"8,89 €/KG","img":"https://fd13-photos.leclercdrive.fr/image.ashx?id=2984949&use=l&cat=p&typeid=i","cat":304250},{"id":180198,"n":"Thé noir Tetley English  breakfast x100 - 200 g","p":4.89,"u":"24,45 €/KG","img":"https://fd13-photos.leclercdrive.fr/image.ashx?id=2647182&use=l&cat=p&typeid=i","cat":293233},{"id":180199,"n":"Pandawaï Pik Haribo Sachet bonbons acidulés - 200g","p":1.82,"u":"9,10 €/KG","img":"https://fd13-photos.leclercdrive.fr/image.ashx?id=2806120&use=l&cat=p&typeid=i","cat":304250},{"id":180201,"n":"Thé Earl Grey Twinings 50 sachets - 100g","p":3.83,"u":"38,30 €/KG","img":"https://fd13-photos.leclercdrive.fr/image.ashx?id=2893018&use=l&cat=p&typeid=i","cat":293233},{"id":180202,"n":"Purée de tomate Panzani Tomacouli ail & herbes - 500g","p":1.43,"u":"2,86 €/KG","img":"https://fd13-photos.leclercdrive.fr/image.ashx?id=2890610&use=l&cat=p&typeid=i","cat":288384},{"id":180206,"n":"Haricots verts et beurre bio Extra fins Jardin Bio-400g","p":3.81,"u":"9,53 €/KG","img":"https://fd13-photos.leclercdrive.fr/image.ashx?id=2534848&use=l&cat=p&typeid=i","cat":312606},{"id":180210,"n":"Thé vert Tetley x100 - 150g","p":5.13,"u":"34,20 €/KG","img":"https://fd13-photos.leclercdrive.fr/image.ashx?id=2330700&use=l&cat=p&typeid=i","cat":293233},{"id":180217,"n":"Assaisonnement déshydraté Knorr Origan basilic romarin - 145g","p":2.91,"u":"20,07 €/KG","img":"https://fd13-photos.leclercdrive.fr/image.ashx?id=3014653&use=l&cat=p&typeid=i","cat":298297},{"id":180218,"n":"Pâté de campagne Hénaff sel de Guérande - 3x78g","p":2.22,"u":"9,49 €/KG","img":"https://fd13-photos.leclercdrive.fr/image.ashx?id=2663878&use=l&cat=p&typeid=i","cat":305149},{"id":180233,"n":"Crème de marrons vanille  Douceur du Verger - 500g","p":2.12,"u":"4,24 €/KG","img":"https://fd13-photos.leclercdrive.fr/image.ashx?id=2691471&use=l&cat=p&typeid=i","cat":284506},{"id":180240,"n":"Sucre roux de canne  Blonvilliers - 750g","p":2.83,"u":"3,77 €/KG","img":"https://fd13-photos.leclercdrive.fr/image.ashx?id=2460092&use=l&cat=p&typeid=i","cat":284502},{"id":180245,"n":"Riz Basmati Incollable Lustucru 360g Sachets","p":1.85,"u":"5,14 €/KG","img":"https://fd13-photos.leclercdrive.fr/image.ashx?id=2569338&use=l&cat=p&typeid=i","cat":284428},{"id":180246,"n":"Couscous moyen Ferrero Bio - 800g","p":3.05,"u":"3,81 €/KG","img":"https://fd13-photos.leclercdrive.fr/image.ashx?id=2869558&use=l&cat=p&typeid=i","cat":284429},{"id":180247,"n":"Double concentré de tomates  Eco+ - 440g","p":1.4,"u":"3,18 €/KG","img":"https://fd13-photos.leclercdrive.fr/image.ashx?id=2669648&use=l&cat=p&typeid=i","cat":288384},{"id":180248,"n":"Mini baguettes viennoises La Boulangère x6 - 330g","p":2.05,"u":"6,21 €/KG","img":"https://fd13-photos.leclercdrive.fr/image.ashx?id=2912422&use=l&cat=p&typeid=i","cat":284478},{"id":180278,"n":"Sauce tomate pour pizza Zapetti - 300g","p":1.64,"u":"5,47 €/KG","img":"https://fd13-photos.leclercdrive.fr/image.ashx?id=2579990&use=l&cat=p&typeid=i","cat":288384},{"id":180284,"n":"Brownie St Michel au chocolat ultra fondant - 240g","p":2.57,"u":"10,71 €/KG","img":"https://fd13-photos.leclercdrive.fr/image.ashx?id=2936167&use=l&cat=p&typeid=i","cat":294776},{"id":180291,"n":"Complément alimentaire Juvamine Lutéine myrtille pour yeux -x40","p":5.1,"u":"0,13 €/P","img":"https://fd13-photos.leclercdrive.fr/image.ashx?id=2455918&use=l&cat=p&typeid=i","cat":284632},{"id":180301,"n":"Complément alimentaire Juvamine Thé vert Guarana - x30","p":4.99,"u":"0,17 €/P","img":"https://fd13-photos.leclercdrive.fr/image.ashx?id=2578079&use=l&cat=p&typeid=i","cat":284632},{"id":180303,"n":"Biscuits galettes St Michel au  beurre 1905 - 150g","p":1.49,"u":"9,93 €/KG","img":"https://fd13-photos.leclercdrive.fr/image.ashx?id=2937766&use=l&cat=p&typeid=i","cat":284487},{"id":180304,"n":"Semoule de couscous moyen Eco+ - 1kg","p":1.05,"u":"1,05 €/KG","img":"https://fd13-photos.leclercdrive.fr/image.ashx?id=2757906&use=l&cat=p&typeid=i","cat":284429},{"id":180305,"n":"Pâté de foie Eco+ x3 - 234g","p":1.35,"u":"5,77 €/KG","img":"https://fd13-photos.leclercdrive.fr/image.ashx?id=2690853&use=l&cat=p&typeid=i","cat":305149},{"id":180307,"n":"Patée pour chat Eco+ boeuf et à la carotte - 410g","p":0.97,"u":"2,37 €/KG","img":"https://fd13-photos.leclercdrive.fr/image.ashx?id=2879931&use=l&cat=p&typeid=i","cat":285601},{"id":180311,"n":"Double concentré de tomates  Eco+ - 200g","p":1.22,"u":"6,10 €/KG","img":"https://fd13-photos.leclercdrive.fr/image.ashx?id=2794820&use=l&cat=p&typeid=i","cat":288384},{"id":180313,"n":"Bouchées pour chat Eco+ Truite saumon et légumes - 410g","p":0.68,"u":"1,66 €/KG","img":"https://fd13-photos.leclercdrive.fr/image.ashx?id=2330897&use=l&cat=p&typeid=i","cat":285601},{"id":180317,"n":"Pistaches non salées Tokapi 125g","p":2.33,"u":"18,64 €/KG","img":"https://fd13-photos.leclercdrive.fr/image.ashx?id=2793302&use=l&cat=p&typeid=i","cat":284448},{"id":180321,"n":"Palmiers feuilletés Tokapi olive - 75g","p":1.84,"u":"24,53 €/KG","img":"https://fd13-photos.leclercdrive.fr/image.ashx?id=2331243&use=l&cat=p&typeid=i","cat":297000},{"id":180325,"n":"Palmiers feuilletés Tokapi  tomate épicée - 75g","p":1.85,"u":"24,67 €/KG","img":"https://fd13-photos.leclercdrive.fr/image.ashx?id=2330963&use=l&cat=p&typeid=i","cat":297000},{"id":180333,"n":"Grignot' cacahuètes Tokapi - 140g","p":0.99,"u":"7,07 €/KG","img":"https://fd13-photos.leclercdrive.fr/image.ashx?id=2331066&use=l&cat=p&typeid=i","cat":284449},{"id":180335,"n":"Chocolat noir Poulain extra-fin à cuisiner - 2x180g","p":3.65,"u":"10,14 €/KG","img":"https://fd13-photos.leclercdrive.fr/image.ashx?id=2986672&use=l&cat=p&typeid=i","cat":284956},{"id":180340,"n":"Lait bébé 1A GUIGOZ OPTIPRO  0-6 mois - 2x600g","p":20.45,"u":"17,04 €/KG","img":"https://fd13-photos.leclercdrive.fr/image.ashx?id=2846147&use=l&cat=p&typeid=i","cat":284726},{"id":180344,"n":"Fromage enfant Mini Babybel 6 portions goûter - 132g","p":2.31,"u":"17,50 €/KG","img":"https://fd13-photos.leclercdrive.fr/image.ashx?id=2970822&use=l&cat=p&typeid=i","cat":314030},{"id":180345,"n":"Fromage enfant Mini Babybel 12 portions goûter - 264g","p":4.35,"u":"16,48 €/KG","img":"https://fd13-photos.leclercdrive.fr/image.ashx?id=2970825&use=l&cat=p&typeid=i","cat":314030},{"id":180348,"n":"Rondelles de cornichons Rustica aigres doux - 185g","p":1.59,"u":"8,59 €/KG","img":"https://fd13-photos.leclercdrive.fr/image.ashx?id=2916725&use=l&cat=p&typeid=i","cat":284458},{"id":180350,"n":"Vinaigre d'alcool Bio Village  blanc 8% Bio - 1L","p":1.05,"u":"1,05 €/L","img":"https://fd13-photos.leclercdrive.fr/image.ashx?id=2869528&use=l&cat=p&typeid=i","cat":325365},{"id":180351,"n":"Friandises chat Sheba Creamy snacks poulet - 4x12g","p":2.92,"u":"60,83 €/KG","img":"https://fd13-photos.leclercdrive.fr/image.ashx?id=2331147&use=l&cat=p&typeid=i","cat":285285},{"id":180352,"n":"Friandises chat Sheba Creamy snacks saumon - 4x12g","p":2.92,"u":"60,83 €/KG","img":"https://fd13-photos.leclercdrive.fr/image.ashx?id=2331150&use=l&cat=p&typeid=i","cat":285285},{"id":180360,"n":"Tablette de chocolat noir Lindt Sel rose de l'Himalaya - 100g","p":2.75,"u":"27,50 €/KG","img":"https://fd13-photos.leclercdrive.fr/image.ashx?id=2750393&use=l&cat=p&typeid=i","cat":284956},{"id":180362,"n":"Chocolat au lait Lindt Nougat amandes - 150g","p":4.19,"u":"27,93 €/KG","img":"https://fd13-photos.leclercdrive.fr/image.ashx?id=2331165&use=l&cat=p&typeid=i","cat":284497},{"id":180369,"n":"Chocolat noir Lindt extra-fin   à pâtisser - 2x200g","p":6.31,"u":"15,78 €/KG","img":"https://fd13-photos.leclercdrive.fr/image.ashx?id=2331111&use=l&cat=p&typeid=i","cat":284956},{"id":180370,"n":"Tablette de chocolat Lindt Orange sanguine de Sicile 100g","p":2.73,"u":"27,30 €/KG","img":"https://fd13-photos.leclercdrive.fr/image.ashx?id=2689508&use=l&cat=p&typeid=i","cat":284956},{"id":180378,"n":"Chocolat au lait Bio Village  Noisettes Bio - 200g","p":3.54,"u":"17,70 €/KG","img":"https://fd13-photos.leclercdrive.fr/image.ashx?id=2649677&use=l&cat=p&typeid=i","cat":284497},{"id":180391,"n":"Bonbons Lutti Fili Dooo XL Fraise - 180g","p":1.57,"u":"8,72 €/KG","img":"https://fd13-photos.leclercdrive.fr/image.ashx?id=2817449&use=l&cat=p&typeid=i","cat":304250},{"id":180395,"n":"Dragées M&M'S chocolat caramel salé - 176g","p":2.63,"u":"14,94 €/KG","img":"https://fd13-photos.leclercdrive.fr/image.ashx?id=2331267&use=l&cat=p&typeid=i","cat":304238},{"id":180397,"n":"Barres Chocolatées KINDER BUENO  Chocolat au Lait x3 - 129g","p":2.23,"u":"17,29 €/KG","img":"https://fd13-photos.leclercdrive.fr/image.ashx?id=2762295&use=l&cat=p&typeid=i","cat":284498},{"id":180401,"n":"Mayonnaise Bénédicta Nature - 255g","p":1.82,"u":"7,14 €/KG","img":"https://fd13-photos.leclercdrive.fr/image.ashx?id=2658734&use=l&cat=p&typeid=i","cat":298295},{"id":180407,"n":"Filets maquereaux Petit Navire sans peau huile d'olive - 145g","p":2.26,"u":"15,59 €/KG","img":"https://fd13-photos.leclercdrive.fr/image.ashx?id=2523915&use=l&cat=p&typeid=i","cat":303868},{"id":180410,"n":"Savane Brossard Pocket max pépites chocolat x7 - 210g","p":2.36,"u":"11,24 €/KG","img":"https://fd13-photos.leclercdrive.fr/image.ashx?id=2870734&use=l&cat=p&typeid=i","cat":294776},{"id":180414,"n":"Chips Tuiles Pringles Pizza - 175g","p":2.44,"u":"13,94 €/KG","img":"https://fd13-photos.leclercdrive.fr/image.ashx?id=2661748&use=l&cat=p&typeid=i","cat":287899},{"id":180421,"n":"Bûchettes de sucre Saint Louis 4g x 125 - coffret de 500g","p":2.84,"u":"5,68 €/KG","img":"https://fd13-photos.leclercdrive.fr/image.ashx?id=2331387&use=l&cat=p&typeid=i","cat":284502},{"id":180432,"n":"Thé noir Twinings vanille x20 - 32g","p":2.67,"u":"83,44 €/KG","img":"https://fd13-photos.leclercdrive.fr/image.ashx?id=2893057&use=l&cat=p&typeid=i","cat":293233},{"id":180433,"n":"Sérum Physiologique  Mercurochrome 30x5ml","p":3.89,"u":"25,93 €/L","img":"https://fd13-photos.leclercdrive.fr/image.ashx?id=2731474&use=l&cat=p&typeid=i","cat":284741},{"id":180458,"n":"Amandes en poudre Vahiné 125g","p":2.85,"u":"22,80 €/KG","img":"https://fd13-photos.leclercdrive.fr/image.ashx?id=2785934&use=l&cat=p&typeid=i","cat":284504},{"id":180486,"n":"Vin mousseux Kriter brut 6x75cl","p":27.9,"u":"6,20 €/L","img":"https://fd13-photos.leclercdrive.fr/image.ashx?id=2826675&use=l&cat=p&typeid=i","cat":284544},{"id":180498,"n":"Chips ancienne nature Lay's Sel - 155g","p":1.26,"u":"8,13 €/KG","img":"https://fd13-photos.leclercdrive.fr/image.ashx?id=2996596&use=l&cat=p&typeid=i","cat":284447},{"id":180499,"n":"Muesli bio Chocolat Happy Bio  375g","p":3.49,"u":"9,31 €/KG","img":"https://fd13-photos.leclercdrive.fr/image.ashx?id=2971008&use=l&cat=p&typeid=i","cat":309512},{"id":180543,"n":"Blocs WC Ball Activ'Effect Floral - x1","p":2.36,"img":"https://fd13-photos.leclercdrive.fr/image.ashx?id=2683574&use=l&cat=p&typeid=i","cat":284662},{"id":180544,"n":"Serviettes hygiéniques Nana Ultra - Régulier+ - x28","p":3.57,"u":"0,13 €/P","img":"https://fd13-photos.leclercdrive.fr/image.ashx?id=2756458&use=l&cat=p&typeid=i","cat":284624},{"id":180546,"n":"Serviettes Ultra Régulier+ Nana Deo Ailettes Flux modéré - x14","p":2.2,"u":"0,16 €/P","img":"https://fd13-photos.leclercdrive.fr/image.ashx?id=2767225&use=l&cat=p&typeid=i","cat":284624},{"id":180549,"n":"Serviettes Ultra Régulier Nana Deo Ailettes Flux modéré - x28","p":3.09,"u":"0,11 €/P","img":"https://fd13-photos.leclercdrive.fr/image.ashx?id=3005299&use=l&cat=p&typeid=i","cat":284624},{"id":180550,"n":"Serviettes hygiéniques Nana Ultra - Spécial Nuit - x10","p":1.96,"u":"0,20 €/P","img":"https://fd13-photos.leclercdrive.fr/image.ashx?id=2944990&use=l&cat=p&typeid=i","cat":284624},{"id":180551,"n":"Serviettes hygiéniques Nana Ultra - Spécial Nuit - x20","p":3.11,"u":"0,16 €/P","img":"https://fd13-photos.leclercdrive.fr/image.ashx?id=2756401&use=l&cat=p&typeid=i","cat":284624},{"id":180552,"n":"Soda à l'orange Orangina 6x25cl verre","p":4.87,"u":"3,25 €/L","img":"https://fd13-photos.leclercdrive.fr/image.ashx?id=2476431&use=l&cat=p&typeid=i","cat":284532},{"id":180553,"n":"Sirop de pêche Bio Village Bio - 50cl","p":2.5,"u":"5,00 €/L","img":"https://fd13-photos.leclercdrive.fr/image.ashx?id=2873198&use=l&cat=p&typeid=i","cat":295020},{"id":180554,"n":"Sirop de cassis Bio Village Bio - 50cl","p":2.93,"u":"5,86 €/L","img":"https://fd13-photos.leclercdrive.fr/image.ashx?id=2873201&use=l&cat=p&typeid=i","cat":295020},{"id":180556,"n":"Sirop de Citron Bio Village Bio - 50cl","p":2.26,"u":"4,52 €/L","img":"https://fd13-photos.leclercdrive.fr/image.ashx?id=2873192&use=l&cat=p&typeid=i","cat":295020},{"id":180557,"n":"Colombard Sauvignon vin blanc Montmirel - Bib 5L","p":13.9,"u":"2,78 €/L","img":"https://fd13-photos.leclercdrive.fr/image.ashx?id=2476482&use=l&cat=p&typeid=i","cat":289560},{"id":180558,"n":"Caffè latte Starbucks 220ml","p":2.03,"u":"9,23 €/L","img":"https://fd13-photos.leclercdrive.fr/image.ashx?id=2679353&use=l&cat=p&typeid=i","cat":295246},{"id":180561,"n":"Cappuccino Starbucks 220ml","p":1.94,"u":"8,82 €/L","img":"https://fd13-photos.leclercdrive.fr/image.ashx?id=2472009&use=l&cat=p&typeid=i","cat":295246},{"id":180563,"n":"Viande des Grisons Aoste 10 Tranches - 70g","p":4.51,"u":"64,43 €/KG","img":"https://fd13-photos.leclercdrive.fr/image.ashx?id=2939838&use=l&cat=p&typeid=i","cat":316007},{"id":180588,"n":"Serviettes hygiéniques Always Platinium - Taille 1 - x32","p":5.38,"u":"0,17 €/P","img":"https://fd13-photos.leclercdrive.fr/image.ashx?id=2881515&use=l&cat=p&typeid=i","cat":284624},{"id":180589,"n":"Serviettes hygiéniques Always Platinum night - T3 - x22","p":5.21,"u":"0,24 €/P","img":"https://fd13-photos.leclercdrive.fr/image.ashx?id=2881518&use=l&cat=p&typeid=i","cat":284624},{"id":180776,"n":"Lave-glace anti-pluie Total Parfum mangue - 5L","p":14.18,"u":"2,84 €/L","img":"https://fd13-photos.leclercdrive.fr/image.ashx?id=2660361&use=l&cat=p&typeid=i","cat":298252},{"id":180797,"n":"Mouchoirs UltraSoft Kleenex® Boîte x64","p":1.49,"img":"https://fd13-photos.leclercdrive.fr/image.ashx?id=2853350&use=l&cat=p&typeid=i","cat":284638},{"id":180800,"n":"Lait Corps Le Petit Marseillais  Bio miel argan - 250ml","p":4.99,"u":"19,96 €/L","img":"https://fd13-photos.leclercdrive.fr/image.ashx?id=2904856&use=l&cat=p&typeid=i","cat":325349},{"id":180813,"n":"Bière triple Awen Bio - 6x25cl","p":7.04,"u":"4,69 €/L","img":"https://fd13-photos.leclercdrive.fr/image.ashx?id=2340201&use=l&cat=p&typeid=i","cat":334852},{"id":180911,"n":"Ciseaux Maped 13cm Harry Potter","p":3.09,"img":"https://fd13-photos.leclercdrive.fr/image.ashx?id=2381829&use=l&cat=p&typeid=i","cat":334133},{"id":180912,"n":"Ciseaux Maped 16cm Harry Potter","p":4.1,"img":"https://fd13-photos.leclercdrive.fr/image.ashx?id=2381832&use=l&cat=p&typeid=i","cat":334133},{"id":180986,"n":"Cahier spirale Rhodia bleu nuit 22x29 seyes 160p vive","p":3.68,"img":"https://fd13-photos.leclercdrive.fr/image.ashx?id=2356843&use=l&cat=p&typeid=i","cat":284697},{"id":181067,"n":"Cahier koverbook Clairefontaine menthe 17x22 96p blush","p":2.11,"img":"https://fd13-photos.leclercdrive.fr/image.ashx?id=2356993&use=l&cat=p&typeid=i","cat":284697},{"id":181070,"n":"Cahier koverbook Clairefontaine lilas 17x22 96p blush","p":2.11,"img":"https://fd13-photos.leclercdrive.fr/image.ashx?id=2357002&use=l&cat=p&typeid=i","cat":284697},{"id":181192,"n":"Pav protege cahi Esquisse Polypropylène-17x22cm-bleu","p":0.4,"img":"https://fd13-photos.leclercdrive.fr/image.ashx?id=2378744&use=l&cat=p&typeid=i","cat":284697},{"id":181278,"n":"Chemise carte 3 rabats chemise fantaisie rose","p":0.7,"img":"https://fd13-photos.leclercdrive.fr/image.ashx?id=2378936&use=l&cat=p&typeid=i","cat":284745},{"id":181437,"n":"Protège-documents Esquisse Gris - 160 vues","p":3.59,"img":"https://fd13-photos.leclercdrive.fr/image.ashx?id=2943313&use=l&cat=p&typeid=i","cat":284745},{"id":181438,"n":"Protège-documents Esquisse Rouge - 160 vues","p":3.59,"img":"https://fd13-photos.leclercdrive.fr/image.ashx?id=2943316&use=l&cat=p&typeid=i","cat":284745},{"id":181460,"n":"Boite de classement Exacompta corail dos 40mm à élastique","p":3.56,"img":"https://fd13-photos.leclercdrive.fr/image.ashx?id=2365589&use=l&cat=p&typeid=i","cat":284745},{"id":181462,"n":"Boite de classement Exacompta vert d'eau dos 40mm à élastique","p":3.56,"img":"https://fd13-photos.leclercdrive.fr/image.ashx?id=2365595&use=l&cat=p&typeid=i","cat":284745},{"id":181481,"n":"Cahier carte Clairefontaine corail 17x22 96p seyes pastel","p":0.86,"img":"https://fd13-photos.leclercdrive.fr/image.ashx?id=2357113&use=l&cat=p&typeid=i","cat":284697},{"id":181485,"n":"Cahier carte Clairefontaine rose 17x22 96p seyes pastel","p":0.86,"img":"https://fd13-photos.leclercdrive.fr/image.ashx?id=2357125&use=l&cat=p&typeid=i","cat":284697},{"id":181499,"n":"Cahier carte Clairefontaine corail 21x29,7 96p seyes pastel","p":2.15,"img":"https://fd13-photos.leclercdrive.fr/image.ashx?id=2357158&use=l&cat=p&typeid=i","cat":284697},{"id":181500,"n":"Cahier carte Clairefontaine azur 21x29,7 96p seyes pastel","p":2.15,"img":"https://fd13-photos.leclercdrive.fr/image.ashx?id=2357161&use=l&cat=p&typeid=i","cat":284697},{"id":181501,"n":"Cahier carte Clairefontaine vert d'eau 21x29,7 seyes pastel","p":2.15,"img":"https://fd13-photos.leclercdrive.fr/image.ashx?id=2357164&use=l&cat=p&typeid=i","cat":284697},{"id":181503,"n":"Cahier carte Clairefontaine rose 21x29,7 96p seyes pastel","p":2.15,"img":"https://fd13-photos.leclercdrive.fr/image.ashx?id=2357170&use=l&cat=p&typeid=i","cat":284697},{"id":181505,"n":"Cahier spirale Clairefontaine corail 22x29 5x5 160p pastel","p":3.68,"img":"https://fd13-photos.leclercdrive.fr/image.ashx?id=2357173&use=l&cat=p&typeid=i","cat":284697},{"id":181506,"n":"Cahier spirale Clairefontaine azur 22x29 5x5 160p pastel","p":3.68,"img":"https://fd13-photos.leclercdrive.fr/image.ashx?id=2357176&use=l&cat=p&typeid=i","cat":284697},{"id":181509,"n":"Cahier spirale Clairefontaine rose 22x29 5x5 160p pastel","p":3.68,"img":"https://fd13-photos.leclercdrive.fr/image.ashx?id=2357185&use=l&cat=p&typeid=i","cat":284697},{"id":181724,"n":"Chips Bret's Cheddar oignons - 125g","p":1.7,"u":"13,60 €/KG","img":"https://fd13-photos.leclercdrive.fr/image.ashx?id=2341582&use=l&cat=p&typeid=i","cat":284447},{"id":181726,"n":"Bière Blonde Slash Red - 50cl  8% vol.","p":2.25,"u":"4,50 €/L","img":"https://fd13-photos.leclercdrive.fr/image.ashx?id=2341528&use=l&cat=p&typeid=i","cat":334853},{"id":181729,"n":"Bière Blanche Slash Mangue - 50cl  8% vol.","p":2.15,"u":"4,30 €/L","img":"https://fd13-photos.leclercdrive.fr/image.ashx?id=2341534&use=l&cat=p&typeid=i","cat":334853},{"id":181752,"n":"Complément alimentaire Draineur Queues de Cerise - Gelules 17g","p":5.12,"u":"301,18 €/KG","img":"https://fd13-photos.leclercdrive.fr/image.ashx?id=2342343&use=l&cat=p&typeid=i","cat":284632},{"id":181755,"n":"Complément alimentaire  Confort Urinaire  Pépins courge","p":4.99,"u":"131,32 €/KG","img":"https://fd13-photos.leclercdrive.fr/image.ashx?id=2341489&use=l&cat=p&typeid=i","cat":313217},{"id":181962,"n":"Lave glace été Eco+ 5 L","p":1.75,"u":"0,35 €/L","img":"https://fd13-photos.leclercdrive.fr/image.ashx?id=2499519&use=l&cat=p&typeid=i","cat":298252},{"id":182040,"n":"Cubis Vin Rouge  Le Tonnelier - 10L - 11% vol.","p":15.9,"u":"1,59 €/L","img":"https://fd13-photos.leclercdrive.fr/image.ashx?id=2342418&use=l&cat=p&typeid=i","cat":289556},{"id":182047,"n":"Jambon de Bayonne Saint Azay 6 tranches - 150g","p":3.72,"u":"24,80 €/KG","img":"https://fd13-photos.leclercdrive.fr/image.ashx?id=2342190&use=l&cat=p&typeid=i","cat":316007},{"id":182063,"n":"Dessert liégeois VIENNOIS Panaché vanille chocolat 8x100g","p":2.94,"u":"3,68 €/KG","img":"https://fd13-photos.leclercdrive.fr/image.ashx?id=2628179&use=l&cat=p&typeid=i","cat":285042},{"id":182071,"n":"Croquettes chien Ultima Mini Adulte poulet - 1.35kg","p":5.19,"u":"3,84 €/KG","img":"https://fd13-photos.leclercdrive.fr/image.ashx?id=2926645&use=l&cat=p&typeid=i","cat":294526},{"id":182083,"n":"Rillettes de thon Petit Navire  Maxi format - 220g","p":3.12,"u":"14,18 €/KG","img":"https://fd13-photos.leclercdrive.fr/image.ashx?id=2519675&use=l&cat=p&typeid=i","cat":303867},{"id":182107,"n":"DOC Prosecco Perlino vin Pétillant rosé - 75cl","p":6.3,"u":"8,40 €/L","img":"https://fd13-photos.leclercdrive.fr/image.ashx?id=2612784&use=l&cat=p&typeid=i","cat":289461},{"id":182132,"n":"Parmesan Râpé Giovanni Ferrari  22 mois AOP - 140g","p":3.77,"u":"26,93 €/KG","img":"https://fd13-photos.leclercdrive.fr/image.ashx?id=3002300&use=l&cat=p&typeid=i","cat":314035},{"id":182137,"n":"Cheddar Bristish Heritage AOP  Extra Mature Bloc - 200g","p":4.22,"u":"21,10 €/KG","img":"https://fd13-photos.leclercdrive.fr/image.ashx?id=2766535&use=l&cat=p&typeid=i","cat":314034},{"id":182157,"n":"Dentifrice enfants Bionaia Bio - 50ml","p":1.05,"u":"21,00 €/L","img":"https://fd13-photos.leclercdrive.fr/image.ashx?id=2498837&use=l&cat=p&typeid=i","cat":288898},{"id":182159,"n":"Recharge gel lavant Bionaia Bio - abricot - 250ml","p":0.9,"u":"3,60 €/L","img":"https://fd13-photos.leclercdrive.fr/image.ashx?id=2935543&use=l&cat=p&typeid=i","cat":284597},{"id":182179,"n":"Boisson aux fruits Oasis Tropical - 1,5L","p":2.05,"u":"1,37 €/L","img":"https://fd13-photos.leclercdrive.fr/image.ashx?id=2666698&use=l&cat=p&typeid=i","cat":295018},{"id":182180,"n":"Sirop de Grenadine Bio Village Bio - 50cl","p":2.43,"u":"4,86 €/L","img":"https://fd13-photos.leclercdrive.fr/image.ashx?id=2873186&use=l&cat=p&typeid=i","cat":295020},{"id":182181,"n":"Sirop de Menthe Bio Village Bio - 50cl","p":2.38,"u":"4,76 €/L","img":"https://fd13-photos.leclercdrive.fr/image.ashx?id=2873189&use=l&cat=p&typeid=i","cat":295020},{"id":182188,"n":"Infusion bio ligne Pagès 20 sachets","p":4.24,"u":"141,33 €/KG","img":"https://fd13-photos.leclercdrive.fr/image.ashx?id=2751141&use=l&cat=p&typeid=i","cat":293234},{"id":182212,"n":"Semoule moyenne panzani 500g","p":1.39,"u":"2,78 €/KG","img":"https://fd13-photos.leclercdrive.fr/image.ashx?id=2745562&use=l&cat=p&typeid=i","cat":284429},{"id":182213,"n":"Pâtes spaghetti lustucru longues 250g","p":0.94,"u":"3,76 €/KG","img":"https://fd13-photos.leclercdrive.fr/image.ashx?id=2605719&use=l&cat=p&typeid=i","cat":284427},{"id":182214,"n":"Pâtes collerettes lustucru 500g","p":1.19,"u":"2,38 €/KG","img":"https://fd13-photos.leclercdrive.fr/image.ashx?id=2740730&use=l&cat=p&typeid=i","cat":284427},{"id":182215,"n":"Pâtes coquillettes lustucru 500g","p":1.09,"u":"2,18 €/KG","img":"https://fd13-photos.leclercdrive.fr/image.ashx?id=2989336&use=l&cat=p&typeid=i","cat":284427},{"id":182216,"n":"Pâtes macaroni lustucru  500g","p":1.09,"u":"2,18 €/KG","img":"https://fd13-photos.leclercdrive.fr/image.ashx?id=2989339&use=l&cat=p&typeid=i","cat":284427},{"id":182218,"n":"Chips paysanne nature Lay's Sel - 155g","p":1.23,"u":"7,94 €/KG","img":"https://fd13-photos.leclercdrive.fr/image.ashx?id=2818602&use=l&cat=p&typeid=i","cat":284447},{"id":182224,"n":"IGP Côtes de Gascogne rosé Domus by Uby - Bib 3L","p":14.9,"u":"4,97 €/L","img":"https://fd13-photos.leclercdrive.fr/image.ashx?id=2362966&use=l&cat=p&typeid=i","cat":289558},{"id":182227,"n":"AOP Champagne brut  Brochet Prevost 75cl","p":22.74,"u":"30,32 €/L","img":"https://fd13-photos.leclercdrive.fr/image.ashx?id=2364438&use=l&cat=p&typeid=i","cat":284542},{"id":182228,"n":"IGP Val de Loire Chardonnay 75cl","p":5.2,"u":"6,93 €/L","img":"https://fd13-photos.leclercdrive.fr/image.ashx?id=2352816&use=l&cat=p&typeid=i","cat":289557},{"id":182240,"n":"AOP Eclat Saumur Mlle Ladubay Blanc brut millésimé - 75cl","p":6.5,"u":"8,67 €/L","img":"https://fd13-photos.leclercdrive.fr/image.ashx?id=2979701&use=l&cat=p&typeid=i","cat":284544},{"id":182241,"n":"Vin de Tunisie Beni M'Tir Sidi Brahim - Rouge 12% vol - 75cl","p":3.52,"u":"4,69 €/L","img":"https://fd13-photos.leclercdrive.fr/image.ashx?id=2344543&use=l&cat=p&typeid=i","cat":289556},{"id":182242,"n":"Vin mousseux Charles Volner Brut - 3x20cl","p":4.7,"u":"7,83 €/L","img":"https://fd13-photos.leclercdrive.fr/image.ashx?id=2344903&use=l&cat=p&typeid=i","cat":284544},{"id":182243,"n":"Vin mousseux Charles Volner 1/2 sec - 3x20cl","p":4.7,"u":"7,83 €/L","img":"https://fd13-photos.leclercdrive.fr/image.ashx?id=2344906&use=l&cat=p&typeid=i","cat":284544},{"id":182248,"n":"AOP Lubéron blanc Ours blanc - 75cl","p":5.3,"u":"7,07 €/L","img":"https://fd13-photos.leclercdrive.fr/image.ashx?id=2563607&use=l&cat=p&typeid=i","cat":289557},{"id":182256,"n":"Pâtes torsades lustucru  500g","p":1.19,"u":"2,38 €/KG","img":"https://fd13-photos.leclercdrive.fr/image.ashx?id=2989345&use=l&cat=p&typeid=i","cat":284427},{"id":182259,"n":"Chips ancienne nature Lay's Sel format familial - 295g","p":2.24,"u":"7,59 €/KG","img":"https://fd13-photos.leclercdrive.fr/image.ashx?id=2999243&use=l&cat=p&typeid=i","cat":284447},{"id":182260,"n":"Chips paysanne nature Lay's Sel format familial - 295g","p":2.23,"u":"7,56 €/KG","img":"https://fd13-photos.leclercdrive.fr/image.ashx?id=2848716&use=l&cat=p&typeid=i","cat":284447},{"id":182261,"n":"Lay's  Nature - 6x28g","p":1.93,"u":"11,49 €/KG","img":"https://fd13-photos.leclercdrive.fr/image.ashx?id=2996605&use=l&cat=p&typeid=i","cat":284447},{"id":182266,"n":"Shampooing sec Batiste Original - 200ml","p":3.47,"u":"17,35 €/L","img":"https://fd13-photos.leclercdrive.fr/image.ashx?id=2344046&use=l&cat=p&typeid=i","cat":289143},{"id":182267,"n":"Shampooing sec Batiste Blush - 200ml","p":3.55,"u":"17,75 €/L","img":"https://fd13-photos.leclercdrive.fr/image.ashx?id=2630454&use=l&cat=p&typeid=i","cat":289143},{"id":182308,"n":"Ampoules Led Philips 40W B35 E14 Blanc Chaud - x3","p":6.9,"u":"Dont 0,86 € d'éco-part.","img":"https://fd13-photos.leclercdrive.fr/image.ashx?id=2507515&use=l&cat=p&typeid=i","cat":300573},{"id":182312,"n":"Ampoules Led Philips 50W GU10 Blanc Chaud - x3","p":5.99,"u":"Dont 0,86 € d'éco-part.","img":"https://fd13-photos.leclercdrive.fr/image.ashx?id=2507527&use=l&cat=p&typeid=i","cat":300573},{"id":182315,"n":"Rillettes de thon Petit Navire Olives vertes - 125g","p":1.99,"u":"15,92 €/KG","img":"https://fd13-photos.leclercdrive.fr/image.ashx?id=2523924&use=l&cat=p&typeid=i","cat":303867},{"id":182317,"n":"Sauce tomate Jardin Bio Etic bio 200g","p":1.99,"u":"9,95 €/KG","img":"https://fd13-photos.leclercdrive.fr/image.ashx?id=3000195&use=l&cat=p&typeid=i","cat":288384},{"id":182322,"n":"Chips paysanne nature Lay's Sel - 6x28g","p":2.08,"u":"12,38 €/KG","img":"https://fd13-photos.leclercdrive.fr/image.ashx?id=2818611&use=l&cat=p&typeid=i","cat":284447},{"id":182340,"n":"Lait en poudre Guigoz Optipro 2ème âge - 6-12 mois - 830g","p":14.98,"u":"18,05 €/KG","img":"https://fd13-photos.leclercdrive.fr/image.ashx?id=2737747&use=l&cat=p&typeid=i","cat":284727},{"id":182342,"n":"Lait bébé en poudre Guigoz Gest 2ème âge - 6-12 mois - 830g","p":17.43,"u":"21,00 €/KG","img":"https://fd13-photos.leclercdrive.fr/image.ashx?id=2469478&use=l&cat=p&typeid=i","cat":284727},{"id":182344,"n":"AOP Côtes de Provence Bio Rosé de Satin - 75cl","p":7.0,"u":"9,33 €/L","img":"https://fd13-photos.leclercdrive.fr/image.ashx?id=2477742&use=l&cat=p&typeid=i","cat":289558},{"id":182347,"n":"Emincés de porc marinés Hénaff Au Caramel - 280g","p":4.63,"u":"16,54 €/KG","img":"https://fd13-photos.leclercdrive.fr/image.ashx?id=2794502&use=l&cat=p&typeid=i","cat":284331},{"id":182352,"n":"Emincés de porc marinés Hénaff Tex Mex - 280g","p":4.63,"u":"16,54 €/KG","img":"https://fd13-photos.leclercdrive.fr/image.ashx?id=2794505&use=l&cat=p&typeid=i","cat":284331},{"id":182354,"n":"Emincés de porc marinés Hénaff Au Curry - 280g","p":4.63,"u":"16,54 €/KG","img":"https://fd13-photos.leclercdrive.fr/image.ashx?id=2794508&use=l&cat=p&typeid=i","cat":284331},{"id":182364,"n":"Jambon sec Saint Azay Label Rouge - 6 tranches - 100g","p":3.69,"u":"36,90 €/KG","img":"https://fd13-photos.leclercdrive.fr/image.ashx?id=2345845&use=l&cat=p&typeid=i","cat":316007},{"id":182365,"n":"Jambon de Bayonne Saint Azay 4 tranches - 100g","p":2.48,"u":"24,80 €/KG","img":"https://fd13-photos.leclercdrive.fr/image.ashx?id=2345848&use=l&cat=p&typeid=i","cat":316007},{"id":182371,"n":"Mayonnaise bio Bio Village 238g","p":2.05,"u":"8,61 €/KG","img":"https://fd13-photos.leclercdrive.fr/image.ashx?id=2664872&use=l&cat=p&typeid=i","cat":298295},{"id":182373,"n":"Skyr Siggi's  Mangue Passion - 2x140g","p":2.17,"u":"7,75 €/KG","img":"https://fd13-photos.leclercdrive.fr/image.ashx?id=2792027&use=l&cat=p&typeid=i","cat":315000},{"id":182402,"n":"Sirop de fraise Bio Village Bio - 50cl","p":2.55,"u":"5,10 €/L","img":"https://fd13-photos.leclercdrive.fr/image.ashx?id=2873195&use=l&cat=p&typeid=i","cat":295020},{"id":182465,"n":"Bière sans alcool Tourtel Twist Ananas 0,0° - 6x27,5cl","p":4.74,"u":"2,87 €/L","img":"https://fd13-photos.leclercdrive.fr/image.ashx?id=2684925&use=l&cat=p&typeid=i","cat":334877},{"id":182479,"n":"Huile d'Olive Tramier Vierge  Extra Sans Pesticides 75cl","p":8.79,"u":"11,72 €/L","img":"https://fd13-photos.leclercdrive.fr/image.ashx?id=2647188&use=l&cat=p&typeid=i","cat":284453},{"id":182480,"n":"Lait bébé en poudre Guigoz Gest 1er âge - 0-6 mois - 830g","p":18.09,"u":"21,80 €/KG","img":"https://fd13-photos.leclercdrive.fr/image.ashx?id=2895047&use=l&cat=p&typeid=i","cat":284726},{"id":182490,"n":"Lait bébé Guigoz Pelargon Poudre- 2e âge- 6-12 mois -780g","p":17.3,"u":"22,18 €/KG","img":"https://fd13-photos.leclercdrive.fr/image.ashx?id=2347386&use=l&cat=p&typeid=i","cat":284727},{"id":182495,"n":"AOC Bourgogne Aligoté vin blanc Blason de Bourgogne - 75cl","p":5.9,"u":"7,87 €/L","img":"https://fd13-photos.leclercdrive.fr/image.ashx?id=2348481&use=l&cat=p&typeid=i","cat":289557},{"id":182508,"n":"AOC Crémant d'Alsace Rosé Ice Petite Folie - 75cl","p":9.03,"u":"12,04 €/L","img":"https://fd13-photos.leclercdrive.fr/image.ashx?id=2347732&use=l&cat=p&typeid=i","cat":284545},{"id":182509,"n":"AOC Crémant d'Alsace Blanc Ice Petite Folie - 75cl","p":8.8,"u":"11,73 €/L","img":"https://fd13-photos.leclercdrive.fr/image.ashx?id=2347735&use=l&cat=p&typeid=i","cat":284545},{"id":182519,"n":"Croquettes petit chien Ultima  Adulte bœuf - 1,35kg","p":5.37,"u":"3,98 €/KG","img":"https://fd13-photos.leclercdrive.fr/image.ashx?id=2921909&use=l&cat=p&typeid=i","cat":294526},{"id":182542,"n":"Céréales Oreo 350g","p":3.9,"u":"11,14 €/KG","img":"https://fd13-photos.leclercdrive.fr/image.ashx?id=2764583&use=l&cat=p&typeid=i","cat":309513},{"id":182663,"n":"Boisson lactée au cacao Cacolac 25cl","p":0.84,"u":"3,36 €/L","img":"https://fd13-photos.leclercdrive.fr/image.ashx?id=2830015&use=l&cat=p&typeid=i","cat":295246},{"id":182669,"n":"Bière Britt Session IPA 3,5D - 6x25cl","p":5.88,"u":"3,92 €/L","img":"https://fd13-photos.leclercdrive.fr/image.ashx?id=2348523&use=l&cat=p&typeid=i","cat":334878},{"id":182670,"n":"Bière Britt blanche 75cl","p":3.04,"u":"4,05 €/L","img":"https://fd13-photos.leclercdrive.fr/image.ashx?id=2902780&use=l&cat=p&typeid=i","cat":334878},{"id":182671,"n":"Bière Britt Summer IPA 75cl","p":3.5,"u":"4,67 €/L","img":"https://fd13-photos.leclercdrive.fr/image.ashx?id=2348526&use=l&cat=p&typeid=i","cat":334872},{"id":182673,"n":"Pippermint iceberg blanc 24D - 70cl","p":11.06,"u":"15,80 €/L","img":"https://fd13-photos.leclercdrive.fr/image.ashx?id=2350732&use=l&cat=p&typeid=i","cat":286032},{"id":182692,"n":"Nappage Caramel Vahiné 200g","p":1.53,"u":"7,65 €/KG","img":"https://fd13-photos.leclercdrive.fr/image.ashx?id=2833336&use=l&cat=p&typeid=i","cat":284504},{"id":182752,"n":"Sandwich Mega Club Sodebo  Pain Suédois Jambon ChedD -230g","p":2.42,"u":"10,52 €/KG","img":"https://fd13-photos.leclercdrive.fr/image.ashx?id=2936443&use=l&cat=p&typeid=i","cat":333658},{"id":182788,"n":"Togouchi finition Tourbée 70cl  40% vol.","p":42.5,"pp":38.5,"u":"55,00 €/L","img":"https://fd13-photos.leclercdrive.fr/image.ashx?id=2650102&use=l&cat=p&typeid=i","cat":284547},{"id":182791,"n":"Croquettes chiens adultes Poulet - 7kg","p":22.32,"u":"3,19 €/KG","img":"https://fd13-photos.leclercdrive.fr/image.ashx?id=2894968&use=l&cat=p&typeid=i","cat":294526},{"id":182792,"n":"Croquettes Ultima Junior Petit chien - 1.35kg","p":4.99,"u":"3,70 €/KG","img":"https://fd13-photos.leclercdrive.fr/image.ashx?id=2928903&use=l&cat=p&typeid=i","cat":294526},{"id":182799,"n":"Cumin Moulu Ducros 40g","p":1.81,"u":"45,25 €/KG","img":"https://fd13-photos.leclercdrive.fr/image.ashx?id=2983222&use=l&cat=p&typeid=i","cat":298297},{"id":182833,"n":"Biscuits sablés Guet Apens LU Chocolat noisette - 105g","p":1.9,"u":"18,10 €/KG","img":"https://fd13-photos.leclercdrive.fr/image.ashx?id=3002219&use=l&cat=p&typeid=i","cat":284487},{"id":182888,"n":"Lait bébé poudre Guigoz Optipro 1er âge - 0-6mois - 830g","p":16.53,"u":"19,92 €/KG","img":"https://fd13-photos.leclercdrive.fr/image.ashx?id=2806423&use=l&cat=p&typeid=i","cat":284726},{"id":182912,"n":"Yakisoba Céréal Bio   Bio légumes repas express 240g","p":2.91,"u":"12,13 €/KG","img":"https://fd13-photos.leclercdrive.fr/image.ashx?id=2665628&use=l&cat=p&typeid=i","cat":287600},{"id":182926,"n":"Sac poubelle Alfapac Coulissant 5L X25","p":1.74,"u":"0,07 €/P","img":"https://fd13-photos.leclercdrive.fr/image.ashx?id=2535361&use=l&cat=p&typeid=i","cat":285168},{"id":182927,"n":"Sac de congélation Alfapac Curseur petit modèle X15","p":2.58,"u":"0,17 €/P","img":"https://fd13-photos.leclercdrive.fr/image.ashx?id=2986344&use=l&cat=p&typeid=i","cat":334134},{"id":182928,"n":"Papier cuisson Alfapac 15 feuilles","p":2.09,"img":"https://fd13-photos.leclercdrive.fr/image.ashx?id=2887740&use=l&cat=p&typeid=i","cat":334134},{"id":182929,"n":"Sac poubelle Alfapac  Poignée 50L X10","p":3.17,"u":"0,32 €/P","img":"https://fd13-photos.leclercdrive.fr/image.ashx?id=2732365&use=l&cat=p&typeid=i","cat":285168},{"id":182932,"n":"Sac poubelle Alfapac  Lien élastique 50L X10","p":4.07,"u":"0,41 €/P","img":"https://fd13-photos.leclercdrive.fr/image.ashx?id=2589317&use=l&cat=p&typeid=i","cat":285168},{"id":182933,"n":"Sac poubelle Alfapac  Lien élastique 30L X15","p":3.45,"u":"0,23 €/P","img":"https://fd13-photos.leclercdrive.fr/image.ashx?id=2589314&use=l&cat=p&typeid=i","cat":285168},{"id":182936,"n":"Sac poubelle Alfapac  Poignées 20L X20","p":2.38,"u":"0,12 €/P","img":"https://fd13-photos.leclercdrive.fr/image.ashx?id=2526884&use=l&cat=p&typeid=i","cat":285168},{"id":182938,"n":"Sauce crudités Caesar Amora 380ml","p":2.95,"u":"7,76 €/L","img":"https://fd13-photos.leclercdrive.fr/image.ashx?id=2655223&use=l&cat=p&typeid=i","cat":284456},{"id":182939,"n":"Chips Tuiles Pringles Barbecue - 175g","p":2.05,"u":"11,71 €/KG","img":"https://fd13-photos.leclercdrive.fr/image.ashx?id=2662502&use=l&cat=p&typeid=i","cat":287899},{"id":182963,"n":"Glace Trium Vanille - x4 - 294g","p":3.8,"u":"12,93 €/KG","img":"https://fd13-photos.leclercdrive.fr/image.ashx?id=2911714&use=l&cat=p&typeid=i","cat":284265},{"id":183105,"n":"Eau gazeuse San Pellegrino Essenza citron - 6x33cL","p":3.61,"u":"1,82 €/L","img":"https://fd13-photos.leclercdrive.fr/image.ashx?id=2864203&use=l&cat=p&typeid=i","cat":284536},{"id":183107,"n":"Eau gazeuse San Pellegrino Essenza Pêche melon - 6x33cl","p":3.3,"u":"1,67 €/L","img":"https://fd13-photos.leclercdrive.fr/image.ashx?id=2997292&use=l&cat=p&typeid=i","cat":284536},{"id":183117,"n":"Boisson Citronnade Pulco Saveur Citron et Framboise - 1L","p":1.89,"u":"1,89 €/L","img":"https://fd13-photos.leclercdrive.fr/image.ashx?id=2942266&use=l&cat=p&typeid=i","cat":295018},{"id":183128,"n":"Epinards hachés à la crème  Findus légume - 500g","p":2.59,"u":"5,18 €/KG","img":"https://fd13-photos.leclercdrive.fr/image.ashx?id=3008767&use=l&cat=p&typeid=i","cat":319805},{"id":183138,"n":"Brownie Familial Brossard Chocolat Noisette - 285g","p":3.07,"u":"10,77 €/KG","img":"https://fd13-photos.leclercdrive.fr/image.ashx?id=2977495&use=l&cat=p&typeid=i","cat":294776},{"id":183139,"n":"Mini cakes aux fruits Brossard 10x30g","p":3.25,"u":"10,83 €/KG","img":"https://fd13-photos.leclercdrive.fr/image.ashx?id=2976827&use=l&cat=p&typeid=i","cat":284493},{"id":183193,"n":"Pile alcaline Varta  Longlife power 9V 6LR61 - x2","p":8.81,"u":"4,41 €/P","img":"https://fd13-photos.leclercdrive.fr/image.ashx?id=2353821&use=l&cat=p&typeid=i","cat":300572},{"id":183205,"n":"Pile bouton Lithium Varta CR2032 - x2","p":3.3,"u":"1,65 €/P","img":"https://fd13-photos.leclercdrive.fr/image.ashx?id=2575822&use=l&cat=p&typeid=i","cat":300572},{"id":183212,"n":"Madeleines longues Le Ster Sucre - 4x250g","p":4.95,"u":"4,95 €/KG","img":"https://fd13-photos.leclercdrive.fr/image.ashx?id=2827221&use=l&cat=p&typeid=i","cat":284492},{"id":183213,"n":"Eau Micellaire Garnier Tout en 1 Vitamine C - 400mL","p":4.35,"u":"10,88 €/L","img":"https://fd13-photos.leclercdrive.fr/image.ashx?id=2353782&use=l&cat=p&typeid=i","cat":284603},{"id":183214,"n":"Bière Blonde Duvel 6x25cl","p":10.54,"u":"7,03 €/L","img":"https://fd13-photos.leclercdrive.fr/image.ashx?id=2675592&use=l&cat=p&typeid=i","cat":334872},{"id":183255,"n":"Crème Corps Apaisante Superfood  Aloe vera Magnésium - 380ml","p":5.86,"u":"15,42 €/L","img":"https://fd13-photos.leclercdrive.fr/image.ashx?id=2371206&use=l&cat=p&typeid=i","cat":325350},{"id":183259,"n":"Crème Corps Avocat Superfood Peaux sèches - 380ml","p":6.16,"u":"16,21 €/L","img":"https://fd13-photos.leclercdrive.fr/image.ashx?id=2867551&use=l&cat=p&typeid=i","cat":325350},{"id":183260,"n":"Crème corps hydratant Superfood Peaux très sèches - 380ml","p":5.67,"u":"14,92 €/L","img":"https://fd13-photos.leclercdrive.fr/image.ashx?id=2360812&use=l&cat=p&typeid=i","cat":325350},{"id":183277,"n":"Bic 4 Couleurs Customize  Me Marbre - Stylos-Bille","p":7.86,"img":"https://fd13-photos.leclercdrive.fr/image.ashx?id=2355491&use=l&cat=p&typeid=i","cat":334133},{"id":183284,"n":"Goupillon Double Clean 2 en 1 Tigex","p":3.9,"img":"https://fd13-photos.leclercdrive.fr/image.ashx?id=2355581&use=l&cat=p&typeid=i","cat":284742},{"id":183287,"n":"Boites dose poudre de lait Tigex","p":5.9,"img":"https://fd13-photos.leclercdrive.fr/image.ashx?id=2354794&use=l&cat=p&typeid=i","cat":289435},{"id":183291,"n":"Biberon col étroit Air Control  Minnie Tigex +6 mois - 330ml","p":5.5,"img":"https://fd13-photos.leclercdrive.fr/image.ashx?id=2354788&use=l&cat=p&typeid=i","cat":284742},{"id":183306,"n":"Peluche Mimsy La Souris Tigex","p":13.5,"img":"https://fd13-photos.leclercdrive.fr/image.ashx?id=2355536&use=l&cat=p&typeid=i","cat":289435},{"id":183309,"n":"Bic Xpen Stylo-Plume  Rechargeable Encre Bleue","p":2.8,"img":"https://fd13-photos.leclercdrive.fr/image.ashx?id=2355743&use=l&cat=p&typeid=i","cat":334133},{"id":183311,"n":"Sucettes Classic silicone Nuk 6-18 mois Fille - x2","p":5.5,"img":"https://fd13-photos.leclercdrive.fr/image.ashx?id=2681751&use=l&cat=p&typeid=i","cat":284743},{"id":183312,"n":"Sucettes Classic silicone Nuk 6-18 mois Mixte - x2","p":5.5,"img":"https://fd13-photos.leclercdrive.fr/image.ashx?id=2680975&use=l&cat=p&typeid=i","cat":284743},{"id":183313,"n":"Sucettes Classic silicone Nuk 18-36 mois Mixte - x2","p":6.2,"img":"https://fd13-photos.leclercdrive.fr/image.ashx?id=2355575&use=l&cat=p&typeid=i","cat":284743},{"id":183314,"n":"Sucettes Classic silicone Nuk 18-36 mois Fille - x2","p":6.2,"img":"https://fd13-photos.leclercdrive.fr/image.ashx?id=2680978&use=l&cat=p&typeid=i","cat":284743},{"id":183315,"n":"Sucettes Jour/Nuit Reversible  Tigex - 6-18mois Mixte - x3","p":6.1,"img":"https://fd13-photos.leclercdrive.fr/image.ashx?id=2355542&use=l&cat=p&typeid=i","cat":284743},{"id":183316,"n":"Sucettes Jour/Nuit Réversible  Tigex - 6-18 mois Fille - x3","p":6.1,"img":"https://fd13-photos.leclercdrive.fr/image.ashx?id=2355545&use=l&cat=p&typeid=i","cat":284743},{"id":183317,"n":"Sucettes Jour/Nuit reversible  Tigex - 18-36 mois Mixte - x3","p":6.25,"img":"https://fd13-photos.leclercdrive.fr/image.ashx?id=2355539&use=l&cat=p&typeid=i","cat":284743},{"id":183322,"n":"Crayons couleurs  Stripes x18 FS","p":2.52,"img":"https://fd13-photos.leclercdrive.fr/image.ashx?id=2655331&use=l&cat=p&typeid=i","cat":334133},{"id":183375,"n":"Minis brownies choc au lait Brossard - 240g","p":3.35,"u":"13,96 €/KG","img":"https://fd13-photos.leclercdrive.fr/image.ashx?id=2977498&use=l&cat=p&typeid=i","cat":294776},{"id":183392,"n":"Bonbons Cara' bool 200g","p":1.77,"u":"8,85 €/KG","img":"https://fd13-photos.leclercdrive.fr/image.ashx?id=2454169&use=l&cat=p&typeid=i","cat":304250},{"id":183395,"n":"Huile d'olive Puget 75cl","p":8.95,"u":"11,93 €/L","img":"https://fd13-photos.leclercdrive.fr/image.ashx?id=2460925&use=l&cat=p&typeid=i","cat":284453},{"id":183421,"n":"Bière blonde Heineken Sans alcool - 6x33cl","p":5.19,"u":"2,62 €/L","img":"https://fd13-photos.leclercdrive.fr/image.ashx?id=3009329&use=l&cat=p&typeid=i","cat":334877},{"id":183496,"n":"Brocolis fleurette Notre Jardin 900g","p":1.94,"u":"2,16 €/KG","img":"https://fd13-photos.leclercdrive.fr/image.ashx?id=2873165&use=l&cat=p&typeid=i","cat":319805},{"id":183520,"n":"Déodorant Spray Rexona Anti- Transpirant 72H Invisible 200ml","p":3.3,"u":"16,50 €/L","img":"https://fd13-photos.leclercdrive.fr/image.ashx?id=2850306&use=l&cat=p&typeid=i","cat":284595},{"id":183523,"n":"Rexona Déodorant Femme Spray   72H Musc 200ml","p":3.55,"u":"17,75 €/L","img":"https://fd13-photos.leclercdrive.fr/image.ashx?id=2850312&use=l&cat=p&typeid=i","cat":284595},{"id":183526,"n":"Rexona Déodorant Femme Spray Anti-Transpirant 72H","p":2.95,"u":"14,75 €/L","img":"https://fd13-photos.leclercdrive.fr/image.ashx?id=2850309&use=l&cat=p&typeid=i","cat":284595},{"id":183677,"n":"AOP Entre-Deux-Mers blanc  BIB 3L","p":13.5,"u":"4,50 €/L","img":"https://fd13-photos.leclercdrive.fr/image.ashx?id=2804493&use=l&cat=p&typeid=i","cat":289557},{"id":183705,"n":"AOP Saint-Joseph rouge  Romain Duvernay - 75cl","p":15.96,"u":"21,28 €/L","img":"https://fd13-photos.leclercdrive.fr/image.ashx?id=2360857&use=l&cat=p&typeid=i","cat":289556},{"id":183795,"n":"Yaourt brassé Ker Ronan Mangue Passion - 4x125g","p":2.7,"u":"5,40 €/KG","img":"https://fd13-photos.leclercdrive.fr/image.ashx?id=2359843&use=l&cat=p&typeid=i","cat":284410},{"id":183798,"n":"Cidre traditionnel Kerisac   4x25cl","p":4.16,"u":"4,16 €/L","img":"https://fd13-photos.leclercdrive.fr/image.ashx?id=2361891&use=l&cat=p&typeid=i","cat":334880},{"id":183800,"n":"Cidre fermier doux Henriot 75cl","p":2.85,"u":"3,80 €/L","img":"https://fd13-photos.leclercdrive.fr/image.ashx?id=2873931&use=l&cat=p&typeid=i","cat":334880},{"id":183806,"n":"Bière blonde Morgane Bio 12x25cl","p":12.65,"u":"4,22 €/L","img":"https://fd13-photos.leclercdrive.fr/image.ashx?id=2359546&use=l&cat=p&typeid=i","cat":334873},{"id":183808,"n":"Bière blonde Duchesse Anne Triple - 12x25cl","p":12.0,"u":"4,00 €/L","img":"https://fd13-photos.leclercdrive.fr/image.ashx?id=2361957&use=l&cat=p&typeid=i","cat":334873},{"id":183810,"n":"Whisky breton Armorik Sherry Single malt Bio - 70cl","p":32.5,"pp":30.0,"u":"42,86 €/L","img":"https://fd13-photos.leclercdrive.fr/image.ashx?id=2359129&use=l&cat=p&typeid=i","cat":284547},{"id":183812,"n":"Arrangé Oh Ti Punch Mangue ananas 23%vol - 70cl","p":19.9,"u":"28,43 €/L","img":"https://fd13-photos.leclercdrive.fr/image.ashx?id=2359828&use=l&cat=p&typeid=i","cat":284550},{"id":183813,"n":"Arrangé Oh Ti Punch Passion ananas 23%vol. - 70cl","p":20.59,"u":"29,41 €/L","img":"https://fd13-photos.leclercdrive.fr/image.ashx?id=2359822&use=l&cat=p&typeid=i","cat":284550},{"id":183818,"n":"AOC Pommeau de Bretagne Ker 17% - 70cl","p":8.33,"u":"11,90 €/L","img":"https://fd13-photos.leclercdrive.fr/image.ashx?id=2359126&use=l&cat=p&typeid=i","cat":284913},{"id":183824,"n":"IGP Val de Loire rosé Bretagne 75cL","p":3.9,"u":"5,20 €/L","img":"https://fd13-photos.leclercdrive.fr/image.ashx?id=2360851&use=l&cat=p&typeid=i","cat":289558},{"id":183826,"n":"AOP Muscadet Sèvre et Maine  Blanc Sur Lie Bretagne - 75cl","p":4.7,"u":"6,27 €/L","img":"https://fd13-photos.leclercdrive.fr/image.ashx?id=2360848&use=l&cat=p&typeid=i","cat":289557},{"id":183829,"n":"Oeufs plein air Le Clos St Jacques - x12","p":3.29,"u":"0,27 €/P","img":"https://fd13-photos.leclercdrive.fr/image.ashx?id=2359636&use=l&cat=p&typeid=i","cat":284378},{"id":183839,"n":"Mélange à l'espagnole Ducros 48g","p":1.98,"u":"41,25 €/KG","img":"https://fd13-photos.leclercdrive.fr/image.ashx?id=2559508&use=l&cat=p&typeid=i","cat":298297},{"id":183840,"n":"Curcuma moulu Ducros 45g","p":1.75,"u":"38,89 €/KG","img":"https://fd13-photos.leclercdrive.fr/image.ashx?id=2486644&use=l&cat=p&typeid=i","cat":298297},{"id":183848,"n":"Dissolvant Maybelline New York Express sans acétone - 125ml","p":2.29,"u":"18,32 €/L","img":"https://fd13-photos.leclercdrive.fr/image.ashx?id=2358123&use=l&cat=p&typeid=i","cat":325347},{"id":183849,"n":"Déodorant L'Arbre Vert Argan   Hamamélis - 50ml","p":3.25,"u":"65,00 €/L","img":"https://fd13-photos.leclercdrive.fr/image.ashx?id=2862491&use=l&cat=p&typeid=i","cat":284595},{"id":183854,"n":"Déodorant Rexona Men anti transpirant Cobalt Dry - 200ml","p":3.59,"u":"17,95 €/L","img":"https://fd13-photos.leclercdrive.fr/image.ashx?id=2858711&use=l&cat=p&typeid=i","cat":284618},{"id":183856,"n":"Yaourt Gourmand Mamie Nova Mandarine Citron x2 - 300g","p":1.43,"u":"4,77 €/KG","img":"https://fd13-photos.leclercdrive.fr/image.ashx?id=2879053&use=l&cat=p&typeid=i","cat":284410},{"id":183857,"n":"Gel Douche Le Petit Marseillais  Lait d'amande douce - 650ml","p":3.26,"u":"5,02 €/L","img":"https://fd13-photos.leclercdrive.fr/image.ashx?id=2684197&use=l&cat=p&typeid=i","cat":284594},{"id":183862,"n":"Bloc WC Bref Brilliant Gel Toilettes propres - 42g x1","p":2.15,"u":"51,19 €/KG","img":"https://fd13-photos.leclercdrive.fr/image.ashx?id=2976782&use=l&cat=p&typeid=i","cat":284662},{"id":183864,"n":"Lessive tablettes Le Chat  L'Expert Power Bars x24 - 708g","p":10.5,"u":"14,83 €/KG","img":"https://fd13-photos.leclercdrive.fr/image.ashx?id=2376716&use=l&cat=p&typeid=i","cat":284641},{"id":183866,"n":"Dentifrice blancheur Colgate Max white one - 75ml","p":2.33,"u":"31,07 €/L","img":"https://fd13-photos.leclercdrive.fr/image.ashx?id=2767255&use=l&cat=p&typeid=i","cat":284612},{"id":183873,"n":"Détachant poudre Vanish  Stop Odeurs - 470g","p":6.11,"u":"13,00 €/KG","img":"https://fd13-photos.leclercdrive.fr/image.ashx?id=2679936&use=l&cat=p&typeid=i","cat":284651},{"id":183877,"n":"Désodorisant diffuseur Airwick  Electrique Vanille - 19ml","p":3.66,"u":"192,63 €/L","img":"https://fd13-photos.leclercdrive.fr/image.ashx?id=2768237&use=l&cat=p&typeid=i","cat":311629},{"id":183888,"n":"Bière blonde Corona Cero 0,0% - 6x33cl","p":7.87,"u":"3,97 €/L","img":"https://fd13-photos.leclercdrive.fr/image.ashx?id=2526496&use=l&cat=p&typeid=i","cat":334877},{"id":183910,"n":"Perles de Cire Chaude Expert  Veet A la Cire d'abeille 250ml","p":6.6,"u":"28,70 €/KG","img":"https://fd13-photos.leclercdrive.fr/image.ashx?id=2960678&use=l&cat=p&typeid=i","cat":325351},{"id":183913,"n":"Crème dépilatoire Zones Intimes Veet Men 100+50ml","p":7.25,"u":"48,33 €/L","img":"https://fd13-photos.leclercdrive.fr/image.ashx?id=2964971&use=l&cat=p&typeid=i","cat":284617},{"id":183915,"n":"Shampooing Nat&Nove Bio Nutrition cheveux secs - 250 ml","p":4.53,"u":"18,12 €/L","img":"https://fd13-photos.leclercdrive.fr/image.ashx?id=2583153&use=l&cat=p&typeid=i","cat":284606},{"id":183916,"n":"Torsade Alpina Savoie Collection 1844 - 500g","p":1.99,"u":"3,98 €/KG","img":"https://fd13-photos.leclercdrive.fr/image.ashx?id=2358153&use=l&cat=p&typeid=i","cat":284427},{"id":183917,"n":"Huile Miraculeuse Expert Veet Pré et Post Epilation 100ml","p":9.4,"u":"94,00 €/L","img":"https://fd13-photos.leclercdrive.fr/image.ashx?id=2828547&use=l&cat=p&typeid=i","cat":325351},{"id":183918,"n":"Linguine Alpina Savoie Collection 1844 - 500g","p":2.28,"u":"4,56 €/KG","img":"https://fd13-photos.leclercdrive.fr/image.ashx?id=2358159&use=l&cat=p&typeid=i","cat":284427},{"id":183925,"n":"Epinette Alpina Savoie Collection 1844 - 500g","p":1.99,"u":"3,98 €/KG","img":"https://fd13-photos.leclercdrive.fr/image.ashx?id=2359174&use=l&cat=p&typeid=i","cat":284427},{"id":183970,"n":"Couches Lotus baby Douceur naturelle T1 - x20","p":4.4,"u":"0,22 €/P","img":"https://fd13-photos.leclercdrive.fr/image.ashx?id=2909203&use=l&cat=p&typeid=i","cat":284737},{"id":184000,"n":"Déodorant L'Arbre Vert Fleurs de cerisiers, Hamamélis - 50ml","p":3.32,"u":"66,40 €/L","img":"https://fd13-photos.leclercdrive.fr/image.ashx?id=2865824&use=l&cat=p&typeid=i","cat":284595},{"id":184005,"n":"Gel Douche Le Petit Marseillais  Fleur d'oranger - 650ml","p":3.49,"u":"5,37 €/L","img":"https://fd13-photos.leclercdrive.fr/image.ashx?id=2684533&use=l&cat=p&typeid=i","cat":284594},{"id":184009,"n":"Gel WC Canard Forêt Aquatique - 750ml","p":2.29,"u":"3,05 €/L","img":"https://fd13-photos.leclercdrive.fr/image.ashx?id=2746313&use=l&cat=p&typeid=i","cat":284662},{"id":184071,"n":"Infusion Twinings Ayurveda pêche vanille fleur oranger x20","p":2.75,"u":"91,67 €/KG","img":"https://fd13-photos.leclercdrive.fr/image.ashx?id=2922122&use=l&cat=p&typeid=i","cat":293234},{"id":184086,"n":"Graines de pavot bio Happy Bio - 250g","p":4.36,"u":"17,44 €/KG","img":"https://fd13-photos.leclercdrive.fr/image.ashx?id=2971002&use=l&cat=p&typeid=i","cat":284503},{"id":184096,"n":"Barre de céréales Trésor Stix Chocolat noisettes - 5x20,5g","p":2.19,"u":"21,47 €/KG","img":"https://fd13-photos.leclercdrive.fr/image.ashx?id=2358647&use=l&cat=p&typeid=i","cat":284488},{"id":184101,"n":"Compotes Pom'Potes Gourdes  5 Fruits Rouges&Oranges -20x90g","p":8.8,"u":"4,89 €/KG","img":"https://fd13-photos.leclercdrive.fr/image.ashx?id=3010933&use=l&cat=p&typeid=i","cat":284508},{"id":184117,"n":"Kleenex Mouchoirs boîte Balsam - Lot de 3+1 offerte","p":3.83,"u":"0,01 €/P","img":"https://fd13-photos.leclercdrive.fr/image.ashx?id=2664533&use=l&cat=p&typeid=i","cat":284638},{"id":184119,"n":"Kleenex Mouchoirs boîte Ultra soft - Lot de 3+1 offerte","p":3.83,"u":"0,01 €/P","img":"https://fd13-photos.leclercdrive.fr/image.ashx?id=2679338&use=l&cat=p&typeid=i","cat":284638},{"id":184137,"n":"Café dosettes Tassimo Espresso Classique x21","p":6.6,"u":"52,38 €/KG","img":"https://fd13-photos.leclercdrive.fr/image.ashx?id=2360239&use=l&cat=p&typeid=i","cat":293240},{"id":184140,"n":"Café dosettes Tassimo Café Long Classique x21","p":6.09,"u":"43,19 €/KG","img":"https://fd13-photos.leclercdrive.fr/image.ashx?id=2360242&use=l&cat=p&typeid=i","cat":293240},{"id":184141,"n":"Desserts Lactés P'TIT BRASSE Mangue 6M+ - 4x90g","p":1.95,"u":"5,42 €/KG","img":"https://fd13-photos.leclercdrive.fr/image.ashx?id=2594226&use=l&cat=p&typeid=i","cat":312392},{"id":184142,"n":"Desserts Lactés P'TIT BRASSE Fruits rouges 6M+ - 4x90g","p":1.95,"u":"5,42 €/KG","img":"https://fd13-photos.leclercdrive.fr/image.ashx?id=2599943&use=l&cat=p&typeid=i","cat":312392},{"id":184143,"n":"Desserts Lactés P'TIT BRASSE Fraise banane 6M+ - 4x90g","p":1.95,"u":"5,42 €/KG","img":"https://fd13-photos.leclercdrive.fr/image.ashx?id=2594229&use=l&cat=p&typeid=i","cat":312392},{"id":184145,"n":"Galettes bretonnes sarrasin NRT 100g","p":1.89,"u":"18,90 €/KG","img":"https://fd13-photos.leclercdrive.fr/image.ashx?id=2909431&use=l&cat=p&typeid=i","cat":284487},{"id":184148,"n":"Biscuits croquants Délichoc Chocolat au lait - 150g","p":1.54,"u":"10,27 €/KG","img":"https://fd13-photos.leclercdrive.fr/image.ashx?id=2867365&use=l&cat=p&typeid=i","cat":284488},{"id":184192,"n":"Purée fraise banane bébé Good Goût bio - 120g - dès 4 mois","p":1.59,"u":"13,25 €/KG","img":"https://fd13-photos.leclercdrive.fr/image.ashx?id=2640046&use=l&cat=p&typeid=i","cat":312387},{"id":184206,"n":"Mayonnaise Rustica au citron - 235g","p":1.49,"u":"6,34 €/KG","img":"https://fd13-photos.leclercdrive.fr/image.ashx?id=2509116&use=l&cat=p&typeid=i","cat":298295},{"id":184208,"n":"Echalote Ducros  1ère Saveur - 10g","p":2.06,"u":"206,00 €/KG","img":"https://fd13-photos.leclercdrive.fr/image.ashx?id=2490506&use=l&cat=p&typeid=i","cat":298297},{"id":184234,"n":"Ampoule Led Flamme Philips 40W - E14 blanc chaud - x2","p":7.9,"u":"Dont 0,58 € d'éco-part.","img":"https://fd13-photos.leclercdrive.fr/image.ashx?id=2507494&use=l&cat=p&typeid=i","cat":300573},{"id":184351,"n":"Oignons frits Kühne Goût Bacon - 100g","p":1.81,"u":"18,10 €/KG","img":"https://fd13-photos.leclercdrive.fr/image.ashx?id=2868897&use=l&cat=p&typeid=i","cat":298297},{"id":184353,"n":"Soda Coca-Cola Vanille Canette - Pack 6x33CL","p":4.7,"u":"2,37 €/L","img":"https://fd13-photos.leclercdrive.fr/image.ashx?id=2997238&use=l&cat=p&typeid=i","cat":284530},{"id":184354,"n":"Boisson energisante Monster juiced Monarch 50cl","p":1.86,"u":"3,72 €/L","img":"https://fd13-photos.leclercdrive.fr/image.ashx?id=2759041&use=l&cat=p&typeid=i","cat":284533},{"id":184355,"n":"Boisson énergisante Red Bull  Goût Fruit du Dragon, 250ml","p":1.12,"u":"4,48 €/L","img":"https://fd13-photos.leclercdrive.fr/image.ashx?id=3011992&use=l&cat=p&typeid=i","cat":284533},{"id":184366,"n":"Cidre Kerisac Bio Tradition - 75cl","p":3.17,"u":"4,23 €/L","img":"https://fd13-photos.leclercdrive.fr/image.ashx?id=2513646&use=l&cat=p&typeid=i","cat":334880},{"id":184368,"n":"Cidre rosé Kerisac 75cl","p":2.98,"u":"3,97 €/L","img":"https://fd13-photos.leclercdrive.fr/image.ashx?id=2362663&use=l&cat=p&typeid=i","cat":334880},{"id":184370,"n":"Jus de pomme Kerisac Potion Merlin - 75cl","p":2.57,"u":"3,43 €/L","img":"https://fd13-photos.leclercdrive.fr/image.ashx?id=2362660&use=l&cat=p&typeid=i","cat":284522},{"id":184372,"n":"Jus de pomme Kerisac Limpide - 1L","p":2.61,"u":"2,61 €/L","img":"https://fd13-photos.leclercdrive.fr/image.ashx?id=2364072&use=l&cat=p&typeid=i","cat":284522},{"id":184374,"n":"Jus de pomme bio Kerisac Trouble - 1L","p":3.44,"u":"3,44 €/L","img":"https://fd13-photos.leclercdrive.fr/image.ashx?id=2840572&use=l&cat=p&typeid=i","cat":284522},{"id":184393,"n":"Gousses de vanille Vahiné En poudre sucrées - 8g","p":6.35,"u":"793,75 €/KG","img":"https://fd13-photos.leclercdrive.fr/image.ashx?id=2490587&use=l&cat=p&typeid=i","cat":284504},{"id":184396,"n":"Vanille en poudre Vahiné - 5g","p":9.91,"img":"https://fd13-photos.leclercdrive.fr/image.ashx?id=2559856&use=l&cat=p&typeid=i","cat":284504},{"id":184406,"n":"Romarin de Provence Ducros - 18g","p":1.64,"u":"91,11 €/KG","img":"https://fd13-photos.leclercdrive.fr/image.ashx?id=2486614&use=l&cat=p&typeid=i","cat":298297},{"id":184408,"n":"Origan Ducros  37g","p":2.18,"u":"58,92 €/KG","img":"https://fd13-photos.leclercdrive.fr/image.ashx?id=2362175&use=l&cat=p&typeid=i","cat":298297},{"id":184411,"n":"Croquettes chiens Ultima mini stérilisé poulet - 1,35kg","p":5.25,"u":"3,89 €/KG","img":"https://fd13-photos.leclercdrive.fr/image.ashx?id=2902184&use=l&cat=p&typeid=i","cat":294526},{"id":184420,"n":"Sirop de citron Eco+ - 1L","p":1.66,"u":"1,66 €/L","img":"https://fd13-photos.leclercdrive.fr/image.ashx?id=2901416&use=l&cat=p&typeid=i","cat":295020},{"id":184427,"n":"Thé glacé Oasis Ice Tea Saveur Pêche - 1,5L","p":1.81,"u":"1,21 €/L","img":"https://fd13-photos.leclercdrive.fr/image.ashx?id=2688836&use=l&cat=p&typeid=i","cat":295019},{"id":184431,"n":"Boisson aux fruits Oasis Saveur Pomme Poire - 2L","p":2.51,"u":"1,26 €/L","img":"https://fd13-photos.leclercdrive.fr/image.ashx?id=3014455&use=l&cat=p&typeid=i","cat":295018},{"id":184537,"n":"Émincés de saumon fumé MSC Sauvage Ronde des mers - 100g","p":4.99,"u":"49,90 €/KG","img":"https://fd13-photos.leclercdrive.fr/image.ashx?id=2362417&use=l&cat=p&typeid=i","cat":285188},{"id":184540,"n":"Fromage Fouetté Nature à tartiner Les Croisés - 150g","p":1.41,"u":"9,40 €/KG","img":"https://fd13-photos.leclercdrive.fr/image.ashx?id=2662634&use=l&cat=p&typeid=i","cat":314029},{"id":184551,"n":"Lessive en poudre Xeor fraîcheur x50 - 2.5kg","p":5.99,"u":"2,40 €/KG","img":"https://fd13-photos.leclercdrive.fr/image.ashx?id=2450101&use=l&cat=p&typeid=i","cat":284642},{"id":184555,"n":"Blocs WC Syphon fraîcheur pin - x2","p":2.09,"u":"1,05 €/P","img":"https://fd13-photos.leclercdrive.fr/image.ashx?id=2670362&use=l&cat=p&typeid=i","cat":284662},{"id":184561,"n":"Glaces Kinder Bueno x4 noisettes chocolat blanc - 248g","p":3.64,"u":"14,68 €/KG","img":"https://fd13-photos.leclercdrive.fr/image.ashx?id=2759071&use=l&cat=p&typeid=i","cat":284264},{"id":184566,"n":"Boisson végétale Bio Village Noisette bio - 1l","p":1.87,"u":"1,87 €/L","img":"https://fd13-photos.leclercdrive.fr/image.ashx?id=2362504&use=l&cat=p&typeid=i","cat":316067},{"id":184568,"n":"Muesli croustillant Bio village Bio Chocolat quinoa - 500g","p":4.2,"u":"8,40 €/KG","img":"https://fd13-photos.leclercdrive.fr/image.ashx?id=2720196&use=l&cat=p&typeid=i","cat":309512},{"id":184569,"n":"Muesli croustillant Bio Village Bio Chocolat - 500g","p":3.72,"u":"7,44 €/KG","img":"https://fd13-photos.leclercdrive.fr/image.ashx?id=2559984&use=l&cat=p&typeid=i","cat":309512},{"id":184571,"n":"Sauce barbecue Amora 285g","p":1.59,"u":"5,58 €/KG","img":"https://fd13-photos.leclercdrive.fr/image.ashx?id=3004447&use=l&cat=p&typeid=i","cat":318431},{"id":184572,"n":"Huile Oméga 3 Tramier  3 Huiles de graines 1l","p":4.19,"u":"4,19 €/L","img":"https://fd13-photos.leclercdrive.fr/image.ashx?id=2901154&use=l&cat=p&typeid=i","cat":284453},{"id":184636,"n":"Bière blonde Sant Erwann IPA - 12x25cl","p":12.27,"u":"4,09 €/L","img":"https://fd13-photos.leclercdrive.fr/image.ashx?id=2678110&use=l&cat=p&typeid=i","cat":334852},{"id":184670,"n":"AOP Vacqueras rouge bio Les Mas des Genêts - 75cl","p":12.75,"u":"17,00 €/L","img":"https://fd13-photos.leclercdrive.fr/image.ashx?id=2381988&use=l&cat=p&typeid=i","cat":289556},{"id":184676,"n":"Bâton de colle Uhu stic Looney Tunes - 2x21g","p":3.75,"u":"89,29 €/KG","img":"https://fd13-photos.leclercdrive.fr/image.ashx?id=2391937&use=l&cat=p&typeid=i","cat":334133},{"id":184677,"n":"Protège-document Esquisse x1 Gris - A4 - 80 vues","p":2.59,"img":"https://fd13-photos.leclercdrive.fr/image.ashx?id=2943319&use=l&cat=p&typeid=i","cat":284745},{"id":184679,"n":"Classeur cahier Esquisse Rouge - Polypro - 21x29.7cm","p":1.49,"img":"https://fd13-photos.leclercdrive.fr/image.ashx?id=2366670&use=l&cat=p&typeid=i","cat":284745},{"id":184680,"n":"Classeur cahier Esquisse Noir - Polypro - 21x29.7cm","p":1.49,"img":"https://fd13-photos.leclercdrive.fr/image.ashx?id=2366673&use=l&cat=p&typeid=i","cat":284745},{"id":184683,"n":"Caprice des Dieux Lot de 2x200g","p":4.35,"u":"10,88 €/KG","img":"https://fd13-photos.leclercdrive.fr/image.ashx?id=2367283&use=l&cat=p&typeid=i","cat":314033},{"id":184726,"n":"Protège-document Gris - A4 - 120 vues","p":3.29,"img":"https://fd13-photos.leclercdrive.fr/image.ashx?id=2943322&use=l&cat=p&typeid=i","cat":284745},{"id":184828,"n":"Persillade Ducros Première saveur 19g","p":2.84,"u":"149,47 €/KG","img":"https://fd13-photos.leclercdrive.fr/image.ashx?id=2559502&use=l&cat=p&typeid=i","cat":298297},{"id":184829,"n":"Fines herbes Ducros Première saveur - 16g","p":1.95,"u":"121,88 €/KG","img":"https://fd13-photos.leclercdrive.fr/image.ashx?id=2486626&use=l&cat=p&typeid=i","cat":298297},{"id":184830,"n":"Persillade provençale Ducros Première saveur 19g","p":2.7,"u":"142,11 €/KG","img":"https://fd13-photos.leclercdrive.fr/image.ashx?id=2486629&use=l&cat=p&typeid=i","cat":298297},{"id":184831,"n":"Ail semoule Ducros 140g","p":2.38,"u":"17,00 €/KG","img":"https://fd13-photos.leclercdrive.fr/image.ashx?id=2559511&use=l&cat=p&typeid=i","cat":298297},{"id":184834,"n":"Macédoine fruits confits Vahiné 150g","p":2.71,"u":"18,07 €/KG","img":"https://fd13-photos.leclercdrive.fr/image.ashx?id=2490569&use=l&cat=p&typeid=i","cat":284504},{"id":184835,"n":"Ecorces oranges confites Vahiné 100g","p":3.2,"u":"32,00 €/KG","img":"https://fd13-photos.leclercdrive.fr/image.ashx?id=2490572&use=l&cat=p&typeid=i","cat":284504},{"id":184837,"n":"Compotes Pom'Potes Gourdes  Pomme Banane - 4x90g","p":2.09,"u":"5,81 €/KG","img":"https://fd13-photos.leclercdrive.fr/image.ashx?id=2978637&use=l&cat=p&typeid=i","cat":284508},{"id":184996,"n":"Infusion verveine Elephant Menthe, bio - x20","p":1.85,"u":"71,15 €/KG","img":"https://fd13-photos.leclercdrive.fr/image.ashx?id=2507578&use=l&cat=p&typeid=i","cat":293234},{"id":184997,"n":"Infusion bio Elephant Detox - x20","p":1.89,"u":"55,59 €/KG","img":"https://fd13-photos.leclercdrive.fr/image.ashx?id=2507566&use=l&cat=p&typeid=i","cat":293234},{"id":184998,"n":"Infusion Bio Elephant Gingembre Citron - 20 Sachets","p":1.84,"u":"54,12 €/KG","img":"https://fd13-photos.leclercdrive.fr/image.ashx?id=2507575&use=l&cat=p&typeid=i","cat":293234},{"id":184999,"n":"Infusion bio Elephant Relax - x20","p":2.26,"u":"86,92 €/KG","img":"https://fd13-photos.leclercdrive.fr/image.ashx?id=2507572&use=l&cat=p&typeid=i","cat":293234},{"id":185000,"n":"Infusion Bio Eléphant Menthe Thym - x20 sachets","p":2.33,"u":"89,62 €/KG","img":"https://fd13-photos.leclercdrive.fr/image.ashx?id=2507563&use=l&cat=p&typeid=i","cat":293234},{"id":185003,"n":"Infusion Eléphant Douce Nuit x20- 32g","p":2.2,"u":"68,75 €/KG","img":"https://fd13-photos.leclercdrive.fr/image.ashx?id=2507569&use=l&cat=p&typeid=i","cat":293234},{"id":185004,"n":"Infusion Bio Elephant Verveine - x20 sachets","p":2.76,"u":"106,15 €/KG","img":"https://fd13-photos.leclercdrive.fr/image.ashx?id=2520755&use=l&cat=p&typeid=i","cat":293234},{"id":185031,"n":"Dentifrice blancheur Colgate Max White Optic - 2x75ml","p":8.32,"u":"55,47 €/L","img":"https://fd13-photos.leclercdrive.fr/image.ashx?id=2369246&use=l&cat=p&typeid=i","cat":284612},{"id":185104,"n":"Protège document A4 Esquisse Gris - 200 vues","p":3.99,"img":"https://fd13-photos.leclercdrive.fr/image.ashx?id=2378850&use=l&cat=p&typeid=i","cat":284745},{"id":185105,"n":"Trieur Esquisse A4  Transparent- 8 positions - x1","p":2.79,"img":"https://fd13-photos.leclercdrive.fr/image.ashx?id=2378780&use=l&cat=p&typeid=i","cat":284745},{"id":185165,"n":"Skyr Yoplait  Coco 1%Mg - 4x100g","p":2.24,"u":"5,60 €/KG","img":"https://fd13-photos.leclercdrive.fr/image.ashx?id=2884459&use=l&cat=p&typeid=i","cat":315000},{"id":185166,"n":"Skyr Yoplait  Vanille 0%MG - 4x100G","p":2.24,"u":"5,60 €/KG","img":"https://fd13-photos.leclercdrive.fr/image.ashx?id=2884456&use=l&cat=p&typeid=i","cat":315000},{"id":185250,"n":"Crème de rhum Damoiseau 18%vol. - 70cl","p":14.54,"u":"20,77 €/L","img":"https://fd13-photos.leclercdrive.fr/image.ashx?id=2372754&use=l&cat=p&typeid=i","cat":284550},{"id":185264,"n":"Piles Energizer AA - x10","p":9.88,"u":"0,99 €/P","img":"https://fd13-photos.leclercdrive.fr/image.ashx?id=2850719&use=l&cat=p&typeid=i","cat":300572},{"id":185265,"n":"Piles Energizer AAA - x10","p":9.88,"u":"0,99 €/P","img":"https://fd13-photos.leclercdrive.fr/image.ashx?id=2850725&use=l&cat=p&typeid=i","cat":300572},{"id":185276,"n":"Soufflés Donuts Curly Cacahuètes caramélisées - 160g","p":1.69,"u":"10,56 €/KG","img":"https://fd13-photos.leclercdrive.fr/image.ashx?id=2373125&use=l&cat=p&typeid=i","cat":284449},{"id":185300,"n":"Chocolat en poudre Poulain Intense 70% cacao - 380g","p":4.78,"u":"12,58 €/KG","img":"https://fd13-photos.leclercdrive.fr/image.ashx?id=2867137&use=l&cat=p&typeid=i","cat":293235},{"id":185443,"n":"Thé vert citron Yate x25 - 37,5g","p":0.79,"u":"20,79 €/KG","img":"https://fd13-photos.leclercdrive.fr/image.ashx?id=2646008&use=l&cat=p&typeid=i","cat":293233},{"id":185459,"n":"Crème dessert La Laitière  Frais Fondant chocolat - 4x115g","p":2.08,"u":"4,52 €/KG","img":"https://fd13-photos.leclercdrive.fr/image.ashx?id=2904062&use=l&cat=p&typeid=i","cat":285041},{"id":185460,"n":"Crème dessert La Laitière  Frais Fondant vanille - 4x115g","p":2.08,"u":"4,52 €/KG","img":"https://fd13-photos.leclercdrive.fr/image.ashx?id=2674548&use=l&cat=p&typeid=i","cat":285041},{"id":185461,"n":"Crème dessert La Laitière  Frais Fondant caramel - 4x115g","p":2.08,"u":"4,52 €/KG","img":"https://fd13-photos.leclercdrive.fr/image.ashx?id=2742794&use=l&cat=p&typeid=i","cat":285041},{"id":185487,"n":"Bière blonde Cornemuse 75cl","p":4.85,"u":"6,47 €/L","img":"https://fd13-photos.leclercdrive.fr/image.ashx?id=2645609&use=l&cat=p&typeid=i","cat":334873},{"id":185488,"n":"Bière blanche Cornemuse 33cl","p":4.85,"u":"14,70 €/L","img":"https://fd13-photos.leclercdrive.fr/image.ashx?id=2645612&use=l&cat=p&typeid=i","cat":334878},{"id":185494,"n":"Herbes de provence Ducros 35g","p":2.06,"u":"58,86 €/KG","img":"https://fd13-photos.leclercdrive.fr/image.ashx?id=2559505&use=l&cat=p&typeid=i","cat":298297},{"id":185508,"n":"Biscuits fourrés BN  Vanille - 285g","p":1.38,"u":"4,84 €/KG","img":"https://fd13-photos.leclercdrive.fr/image.ashx?id=2475005&use=l&cat=p&typeid=i","cat":284488},{"id":185524,"n":"Soupe à l'artichaut Jardin Bio bio 33cl","p":2.15,"u":"6,52 €/L","img":"https://fd13-photos.leclercdrive.fr/image.ashx?id=2375286&use=l&cat=p&typeid=i","cat":287365},{"id":185567,"n":"Liniment oléo-calcaire Biolane  700 ml","p":7.34,"u":"10,49 €/L","img":"https://fd13-photos.leclercdrive.fr/image.ashx?id=2586864&use=l&cat=p&typeid=i","cat":284741},{"id":185568,"n":"Gel Lavant Biolane Corps et cheveux 750 ml","p":5.52,"u":"7,36 €/L","img":"https://fd13-photos.leclercdrive.fr/image.ashx?id=2586867&use=l&cat=p&typeid=i","cat":284740},{"id":185571,"n":"Eau pure H2O Biolane 750 ml","p":5.35,"u":"7,13 €/L","img":"https://fd13-photos.leclercdrive.fr/image.ashx?id=2733247&use=l&cat=p&typeid=i","cat":284741},{"id":185572,"n":"Confitures Léonce Blanc 70% Figues - 320g","p":2.97,"u":"9,28 €/KG","img":"https://fd13-photos.leclercdrive.fr/image.ashx?id=2504188&use=l&cat=p&typeid=i","cat":284480},{"id":185634,"n":"Pain Bruschetta Florelli à l'huile d'olive - 400g","p":2.96,"u":"7,40 €/KG","img":"https://fd13-photos.leclercdrive.fr/image.ashx?id=3012206&use=l&cat=p&typeid=i","cat":289010},{"id":185665,"n":"DOC Prosecco Rosé Mionetto - 75cl","p":6.5,"u":"8,67 €/L","img":"https://fd13-photos.leclercdrive.fr/image.ashx?id=3011914&use=l&cat=p&typeid=i","cat":289461},{"id":185767,"n":"Gelée à la fraise Bonne Maman 370g","p":2.84,"u":"7,68 €/KG","img":"https://fd13-photos.leclercdrive.fr/image.ashx?id=2476620&use=l&cat=p&typeid=i","cat":284480},{"id":185768,"n":"Riz forestière individuel William Saurin - 300g","p":2.89,"u":"9,63 €/KG","img":"https://fd13-photos.leclercdrive.fr/image.ashx?id=2528726&use=l&cat=p&typeid=i","cat":284953},{"id":185779,"n":"Sémillon Sauvignon Vin blanc 5L","p":14.9,"u":"2,98 €/L","img":"https://fd13-photos.leclercdrive.fr/image.ashx?id=2905423&use=l&cat=p&typeid=i","cat":289557},{"id":185831,"n":"Préparation Gâteau alsa Moelleux Marbré - 435g","p":2.19,"u":"5,03 €/KG","img":"https://fd13-photos.leclercdrive.fr/image.ashx?id=2996428&use=l&cat=p&typeid=i","cat":284505},{"id":185840,"n":"RECH SPRAY AUTO BIEN AIR AGRUMES 250ML","p":2.39,"u":"9,56 €/L","img":"https://fd13-photos.leclercdrive.fr/image.ashx?id=2531104&use=l&cat=p&typeid=i","cat":311629},{"id":185841,"n":"Cornichons extra fins Rustica 6 aromates - 550g","p":3.1,"u":"5,64 €/KG","img":"https://fd13-photos.leclercdrive.fr/image.ashx?id=2916728&use=l&cat=p&typeid=i","cat":284458},{"id":185854,"n":"Bière blonde Tripel Karmeliet 8,4% - 12x25cl","p":18.5,"u":"6,17 €/L","img":"https://fd13-photos.leclercdrive.fr/image.ashx?id=2457485&use=l&cat=p&typeid=i","cat":334872},{"id":185950,"n":"Cristaline fontaine 8L","p":2.32,"u":"0,29 €/L","img":"https://fd13-photos.leclercdrive.fr/image.ashx?id=2418891&use=l&cat=p&typeid=i","cat":284535},{"id":185953,"n":"Protège-document Esquisse Gris - A4 - 60 vues","p":2.0,"img":"https://fd13-photos.leclercdrive.fr/image.ashx?id=2366667&use=l&cat=p&typeid=i","cat":284745},{"id":185999,"n":"Boisson végétale Bio Village Riz nature bio - 1l","p":1.65,"u":"1,65 €/L","img":"https://fd13-photos.leclercdrive.fr/image.ashx?id=2601016&use=l&cat=p&typeid=i","cat":316067},{"id":186002,"n":"Porto blanc Dorrao 18%vol - 75cl","p":6.07,"u":"8,09 €/L","img":"https://fd13-photos.leclercdrive.fr/image.ashx?id=2869880&use=l&cat=p&typeid=i","cat":284913},{"id":186043,"n":"Lardons Nature Herta  Sans nitrite - 2x75g","p":1.85,"u":"12,33 €/KG","img":"https://fd13-photos.leclercdrive.fr/image.ashx?id=2785802&use=l&cat=p&typeid=i","cat":316011},{"id":186055,"n":"Boisson énergisante Red Bull Goût Pastèque, 250ml","p":1.16,"u":"4,64 €/L","img":"https://fd13-photos.leclercdrive.fr/image.ashx?id=2471655&use=l&cat=p&typeid=i","cat":284533},{"id":186071,"n":"Brandade à la morue gratinée  Maison Briau - 750g","p":8.17,"u":"10,89 €/KG","img":"https://fd13-photos.leclercdrive.fr/image.ashx?id=2851072&use=l&cat=p&typeid=i","cat":285340},{"id":186108,"n":"Savon solide Bio Mots d'enfants 100g","p":1.29,"u":"12,90 €/KG","img":"https://fd13-photos.leclercdrive.fr/image.ashx?id=3015126&use=l&cat=p&typeid=i","cat":284740},{"id":186188,"n":"Bonbons Krema Soda Mania - 580g","p":4.15,"u":"7,16 €/KG","img":"https://fd13-photos.leclercdrive.fr/image.ashx?id=2484969&use=l&cat=p&typeid=i","cat":304250},{"id":186258,"n":"Lessive Capsules Tout-en-1 Skip Fraîcheur Intense x26 Capsules","p":11.99,"u":"21,76 €/KG","img":"https://fd13-photos.leclercdrive.fr/image.ashx?id=2978934&use=l&cat=p&typeid=i","cat":284641},{"id":186260,"n":"Lessive Capsules Skip Tout-en-1 Active Clean x26","p":9.67,"u":"17,55 €/KG","img":"https://fd13-photos.leclercdrive.fr/image.ashx?id=2940651&use=l&cat=p&typeid=i","cat":284641},{"id":186263,"n":"Lessive Capsules Tout-en-1 Skip Fraîcheur Intense 38 Lavages","p":16.23,"u":"20,14 €/KG","img":"https://fd13-photos.leclercdrive.fr/image.ashx?id=2929236&use=l&cat=p&typeid=i","cat":284641},{"id":186265,"n":"Lingettes bébé Harmonie Aqua Pampers - 48 lingettes","p":3.36,"u":"0,07 €/P","img":"https://fd13-photos.leclercdrive.fr/image.ashx?id=2805903&use=l&cat=p&typeid=i","cat":284738},{"id":186267,"n":"Lingettes bébé visage et mains Biolane - 64 lingettes","p":2.4,"u":"0,04 €/P","img":"https://fd13-photos.leclercdrive.fr/image.ashx?id=2876539&use=l&cat=p&typeid=i","cat":284738},{"id":186296,"n":"Lessive Capsules Skip Tout-en-1 Active Clean x38","p":12.81,"u":"15,89 €/KG","img":"https://fd13-photos.leclercdrive.fr/image.ashx?id=2757114&use=l&cat=p&typeid=i","cat":284641},{"id":186297,"n":"Lessive Capsules Tout-en-1 Skip Peaux Sensibles & Bébé x38","p":12.81,"u":"15,89 €/KG","img":"https://fd13-photos.leclercdrive.fr/image.ashx?id=2757111&use=l&cat=p&typeid=i","cat":284641},{"id":186314,"n":"Brosse à dent enfant Dentamyl Bambou - x1","p":1.49,"img":"https://fd13-photos.leclercdrive.fr/image.ashx?id=2384710&use=l&cat=p&typeid=i","cat":288897},{"id":186322,"n":"Lingettes pour bébé Pampers Harmonie Aqua - 3x48","p":6.9,"u":"0,05 €/P","img":"https://fd13-photos.leclercdrive.fr/image.ashx?id=2903809&use=l&cat=p&typeid=i","cat":284738},{"id":186323,"n":"Sous-vêtements de nuit Ninjamas Fille 8-12 ans - x9","p":8.99,"u":"1,00 €/P","img":"https://fd13-photos.leclercdrive.fr/image.ashx?id=2479541&use=l&cat=p&typeid=i","cat":290633},{"id":186393,"n":"Felix Naturally Delicious Poulet - 100g","p":3.14,"u":"31,40 €/KG","img":"https://fd13-photos.leclercdrive.fr/image.ashx?id=2617477&use=l&cat=p&typeid=i","cat":285285},{"id":186394,"n":"Felix Naturally Delicious Saumon - 100g","p":3.17,"u":"31,70 €/KG","img":"https://fd13-photos.leclercdrive.fr/image.ashx?id=2447214&use=l&cat=p&typeid=i","cat":285285},{"id":186423,"n":"AOC Haut-Médoc - 75cl Château d'Aurilhac","p":10.9,"u":"14,53 €/L","img":"https://fd13-photos.leclercdrive.fr/image.ashx?id=2734780&use=l&cat=p&typeid=i","cat":289556},{"id":186459,"n":"Pâtes Tortiglioni Panzani 500g","p":1.09,"u":"2,18 €/KG","img":"https://fd13-photos.leclercdrive.fr/image.ashx?id=2902951&use=l&cat=p&typeid=i","cat":284427},{"id":186460,"n":"Pâtes Pipe Rigate Panzani 500g","p":1.33,"u":"2,66 €/KG","img":"https://fd13-photos.leclercdrive.fr/image.ashx?id=2902954&use=l&cat=p&typeid=i","cat":284427},{"id":186461,"n":"Ail lyophilisé Ducros 19g","p":3.89,"u":"204,74 €/KG","img":"https://fd13-photos.leclercdrive.fr/image.ashx?id=2486617&use=l&cat=p&typeid=i","cat":298297},{"id":186462,"n":"Ciboulette lyophilisée Ducros 3g","p":2.29,"u":"763,33 €/KG","img":"https://fd13-photos.leclercdrive.fr/image.ashx?id=2486620&use=l&cat=p&typeid=i","cat":298297},{"id":186466,"n":"Mayonnaise citron Bénédicta Bocal - 255g","p":2.3,"u":"9,02 €/KG","img":"https://fd13-photos.leclercdrive.fr/image.ashx?id=2828148&use=l&cat=p&typeid=i","cat":298295},{"id":186468,"n":"Pulpe de tomates Cirio 680g","p":1.66,"u":"2,44 €/KG","img":"https://fd13-photos.leclercdrive.fr/image.ashx?id=2857830&use=l&cat=p&typeid=i","cat":288384},{"id":186470,"n":"Sauce tomates cuisinées Mutti 400g","p":2.27,"u":"5,68 €/KG","img":"https://fd13-photos.leclercdrive.fr/image.ashx?id=2854774&use=l&cat=p&typeid=i","cat":288384},{"id":186481,"n":"Sachet repas chat stérilisé  Poulet/Boeuf/Thon/Poiss - 4x85g","p":2.3,"u":"27,06 €/KG","img":"https://fd13-photos.leclercdrive.fr/image.ashx?id=2985636&use=l&cat=p&typeid=i","cat":285286},{"id":186497,"n":"Capsules café L'Or Espresso Saveur Caramel x10","p":3.79,"u":"72,88 €/KG","img":"https://fd13-photos.leclercdrive.fr/image.ashx?id=2387049&use=l&cat=p&typeid=i","cat":293241},{"id":186502,"n":"Sachet Chat Stérilisé Ultima Poulet, Dinde, Saumon - 4x85g","p":2.21,"u":"26,00 €/KG","img":"https://fd13-photos.leclercdrive.fr/image.ashx?id=2985633&use=l&cat=p&typeid=i","cat":285286},{"id":186548,"n":"Bougie Floral 30h Bien Air","p":2.34,"img":"https://fd13-photos.leclercdrive.fr/image.ashx?id=2399767&use=l&cat=p&typeid=i","cat":284666},{"id":186613,"n":"Mouchoirs Balsam - Kleenex 2x64p","p":3.07,"u":"0,02 €/P","img":"https://fd13-photos.leclercdrive.fr/image.ashx?id=2736550&use=l&cat=p&typeid=i","cat":284638},{"id":186626,"n":"Arrangé rhum Rivière du Mât Gingembre 35%vol. - 70cl","p":18.0,"pp":16.2,"u":"23,14 €/L","img":"https://fd13-photos.leclercdrive.fr/image.ashx?id=2650465&use=l&cat=p&typeid=i","cat":284550},{"id":186652,"n":"Boisson végétale soja Alpro  macchiato - 1L","p":2.63,"u":"2,63 €/L","img":"https://fd13-photos.leclercdrive.fr/image.ashx?id=2981665&use=l&cat=p&typeid=i","cat":316067},{"id":186653,"n":"Boisson végétale soja Alpro  banane - 1 L","p":2.55,"u":"2,55 €/L","img":"https://fd13-photos.leclercdrive.fr/image.ashx?id=2981668&use=l&cat=p&typeid=i","cat":316067},{"id":186660,"n":"Dessert végétal soja Alpro  Citron et Citron Vert - 500g","p":2.1,"u":"4,20 €/KG","img":"https://fd13-photos.leclercdrive.fr/image.ashx?id=2977678&use=l&cat=p&typeid=i","cat":316071},{"id":186686,"n":"Déodorant stick Homme Mennen Marine Sans Alcool - 60ml","p":3.21,"u":"53,50 €/L","img":"https://fd13-photos.leclercdrive.fr/image.ashx?id=2869107&use=l&cat=p&typeid=i","cat":284618},{"id":186688,"n":"Déodorant stick Homme Mennen Sans Alcool Anti-Traces - 60ml","p":3.21,"u":"53,50 €/L","img":"https://fd13-photos.leclercdrive.fr/image.ashx?id=2869110&use=l&cat=p&typeid=i","cat":284618},{"id":186772,"n":"Pack de 2 cartouches HP 303 noir / trois couleurs","p":42.95,"u":"Dont 0,02 € d'éco-part.","img":"https://fd13-photos.leclercdrive.fr/image.ashx?id=2389127&use=l&cat=p&typeid=i","cat":316445},{"id":186773,"n":"Cartouche d'encre Canon PG-545 XL Black","p":27.99,"u":"Dont 0,01 € d'éco-part.","img":"https://fd13-photos.leclercdrive.fr/image.ashx?id=2389340&use=l&cat=p&typeid=i","cat":316445},{"id":186774,"n":"Cartouche d'encre HP 305 Trois couleurs","p":13.99,"u":"Dont 0,02 € d'éco-part.","img":"https://fd13-photos.leclercdrive.fr/image.ashx?id=2391981&use=l&cat=p&typeid=i","cat":316445},{"id":186775,"n":"Cartouche d'encre HP 305 XL Noir","p":23.99,"u":"Dont 0,01 € d'éco-part.","img":"https://fd13-photos.leclercdrive.fr/image.ashx?id=2391984&use=l&cat=p&typeid=i","cat":316445},{"id":186777,"n":"Cartouche d'encre Epson 603 Multipack 4 couleurs","p":41.99,"u":"Dont 0,02 € d'éco-part.","img":"https://fd13-photos.leclercdrive.fr/image.ashx?id=2391873&use=l&cat=p&typeid=i","cat":316445},{"id":186853,"n":"Lessive Capsules Tout-en-1 Skip Touche de Cajoline 24 Lavages","p":10.15,"u":"19,94 €/KG","img":"https://fd13-photos.leclercdrive.fr/image.ashx?id=2956688&use=l&cat=p&typeid=i","cat":284641},{"id":186856,"n":"Lessive Capsules Skip Tout-en-1 Extra Détachant x24","p":10.38,"u":"20,39 €/KG","img":"https://fd13-photos.leclercdrive.fr/image.ashx?id=2956691&use=l&cat=p&typeid=i","cat":284641},{"id":186857,"n":"Lessive Capsules Skip Tout-en-1 Cajoline 36 Lavages","p":16.23,"u":"21,27 €/KG","img":"https://fd13-photos.leclercdrive.fr/image.ashx?id=2929239&use=l&cat=p&typeid=i","cat":284641},{"id":186869,"n":"Préparation pour moelleux  Tablier Blanc - 435g","p":2.04,"u":"4,69 €/KG","img":"https://fd13-photos.leclercdrive.fr/image.ashx?id=2982688&use=l&cat=p&typeid=i","cat":284504},{"id":186870,"n":"Préparation pour moelleux Tablier Blanc citron - 435g","p":2.02,"u":"4,64 €/KG","img":"https://fd13-photos.leclercdrive.fr/image.ashx?id=2487497&use=l&cat=p&typeid=i","cat":284504},{"id":186920,"n":"Tuiles Monster Munch Crazy Original - 150g","p":1.9,"u":"12,67 €/KG","img":"https://fd13-photos.leclercdrive.fr/image.ashx?id=2921735&use=l&cat=p&typeid=i","cat":287899},{"id":186923,"n":"Tuiles Monster Munch  Crazy crème oignon - 150g","p":1.9,"u":"12,67 €/KG","img":"https://fd13-photos.leclercdrive.fr/image.ashx?id=2916881&use=l&cat=p&typeid=i","cat":287899},{"id":186926,"n":"Tuiles Monster Munch Crazy paprika - 150g","p":1.9,"u":"12,67 €/KG","img":"https://fd13-photos.leclercdrive.fr/image.ashx?id=2955339&use=l&cat=p&typeid=i","cat":287899},{"id":186946,"n":"Mouliné Bio Village Bio - légumes variés  - 2x30cl","p":2.05,"u":"6,83 €/L","img":"https://fd13-photos.leclercdrive.fr/image.ashx?id=2404157&use=l&cat=p&typeid=i","cat":284462},{"id":187028,"n":"Crème de change bébé bio Mots d'enfants - 75ml","p":2.5,"u":"33,33 €/L","img":"https://fd13-photos.leclercdrive.fr/image.ashx?id=3014308&use=l&cat=p&typeid=i","cat":284741},{"id":187029,"n":"Coton-tiges ouatés Inell Boîte - x300 bâtonnets","p":0.74,"img":"https://fd13-photos.leclercdrive.fr/image.ashx?id=2824301&use=l&cat=p&typeid=i","cat":284636},{"id":187061,"n":"Chips Bret's Pesto Mozzarella 125g","p":1.45,"u":"11,60 €/KG","img":"https://fd13-photos.leclercdrive.fr/image.ashx?id=2629115&use=l&cat=p&typeid=i","cat":284447},{"id":187126,"n":"Crunch Chocolat Noël Moulage Renne - 88g","p":2.65,"u":"30,11 €/KG","img":"https://fd13-photos.leclercdrive.fr/image.ashx?id=2394096&use=l&cat=p&typeid=i","cat":327592},{"id":187127,"n":"Petits Calissons Le Roy René Reglette Noël - 125g","p":5.54,"u":"44,32 €/KG","img":"https://fd13-photos.leclercdrive.fr/image.ashx?id=2456804&use=l&cat=p&typeid=i","cat":327606},{"id":187131,"n":"Marrons glacés Frutignac x9 - 155g","p":6.46,"u":"41,68 €/KG","img":"https://fd13-photos.leclercdrive.fr/image.ashx?id=2394243&use=l&cat=p&typeid=i","cat":327603},{"id":187160,"n":"Assortiment Novi pralinés chocolat 250g","p":8.49,"pp":5.6,"u":"22,40 €/KG","img":"https://fd13-photos.leclercdrive.fr/image.ashx?id=2615152&use=l&cat=p&typeid=i","cat":327595},{"id":187161,"n":"Pralinés Gianduiotto Novi 250g","p":8.49,"pp":5.6,"u":"22,40 €/KG","img":"https://fd13-photos.leclercdrive.fr/image.ashx?id=2615164&use=l&cat=p&typeid=i","cat":327595},{"id":187168,"n":"Assortiment Cuadro Novi 250g","p":8.49,"pp":5.6,"u":"22,40 €/KG","img":"https://fd13-photos.leclercdrive.fr/image.ashx?id=2615173&use=l&cat=p&typeid=i","cat":327595},{"id":187172,"n":"Bouchées Chocolat Noël Nestlé L'Atelier Lait Noisettes - 262g","p":7.95,"u":"30,34 €/KG","img":"https://fd13-photos.leclercdrive.fr/image.ashx?id=2938244&use=l&cat=p&typeid=i","cat":327595},{"id":187173,"n":"Bouchées Chocolat Noël Nestlé L'Atelier Noir Feves Cacao 262g","p":7.95,"u":"30,34 €/KG","img":"https://fd13-photos.leclercdrive.fr/image.ashx?id=2938247&use=l&cat=p&typeid=i","cat":327595},{"id":187176,"n":"After Eight Chocolat Noël Saveur Cerise - 400g","p":5.99,"u":"14,98 €/KG","img":"https://fd13-photos.leclercdrive.fr/image.ashx?id=2394315&use=l&cat=p&typeid=i","cat":327595},{"id":187177,"n":"Bûche glacée L'Angélys Caramel beurre salé Poire 330g","p":9.3,"u":"28,18 €/KG","img":"https://fd13-photos.leclercdrive.fr/image.ashx?id=2902211&use=l&cat=p&typeid=i","cat":284266},{"id":187180,"n":"AOC Vin d'Alsace Gewurztraminer Cave du Roi d'Agobert - 75 cl","p":8.75,"pp":6.12,"u":"8,16 €/L","img":"https://fd13-photos.leclercdrive.fr/image.ashx?id=2835995&use=l&cat=p&typeid=i","cat":289557},{"id":187211,"n":"Culottes fuites urinaires Always Discreet - L - x8","p":7.27,"u":"0,91 €/P","img":"https://fd13-photos.leclercdrive.fr/image.ashx?id=2507215&use=l&cat=p&typeid=i","cat":284628},{"id":187238,"n":"Savon Le Petit Marseillais  Solide chevrefeuile-4x100g","p":2.31,"u":"5,78 €/KG","img":"https://fd13-photos.leclercdrive.fr/image.ashx?id=2684200&use=l&cat=p&typeid=i","cat":284597},{"id":187241,"n":"Savon Le Petit Marseillais  Solide amande douce - 2x100g","p":1.8,"u":"9,00 €/KG","img":"https://fd13-photos.leclercdrive.fr/image.ashx?id=2684203&use=l&cat=p&typeid=i","cat":284597},{"id":187247,"n":"Serviettes hygiéniques Always Cotton Protection Long - x9","p":2.94,"u":"0,33 €/P","img":"https://fd13-photos.leclercdrive.fr/image.ashx?id=2910225&use=l&cat=p&typeid=i","cat":284624},{"id":187261,"n":"Culottes fuites urinaires Plus Always Discreet - M - x9","p":7.27,"u":"0,81 €/P","img":"https://fd13-photos.leclercdrive.fr/image.ashx?id=2737525&use=l&cat=p&typeid=i","cat":284628},{"id":187268,"n":"Multipack Création assortiment sauce 6 x 85 g Poésie","p":3.79,"u":"7,43 €/KG","img":"https://fd13-photos.leclercdrive.fr/image.ashx?id=2396824&use=l&cat=p&typeid=i","cat":285286},{"id":187270,"n":"Multipack création assortiment gelée 6 x 85 g Poésie","p":4.06,"u":"7,96 €/KG","img":"https://fd13-photos.leclercdrive.fr/image.ashx?id=2396827&use=l&cat=p&typeid=i","cat":285286},{"id":187287,"n":"Desserts Lactés P'TIT BRASSE Banane pêche 6M+ - 4x90g","p":1.95,"u":"5,42 €/KG","img":"https://fd13-photos.leclercdrive.fr/image.ashx?id=2616252&use=l&cat=p&typeid=i","cat":312392},{"id":187288,"n":"Desserts Lactés P'TIT BRASSE Poire SSA 6M+ - 4x90g","p":1.95,"u":"5,42 €/KG","img":"https://fd13-photos.leclercdrive.fr/image.ashx?id=2593050&use=l&cat=p&typeid=i","cat":312392},{"id":187294,"n":"Spaghettis courts Lustucru Français - sachet papier - 500g","p":1.2,"u":"2,40 €/KG","img":"https://fd13-photos.leclercdrive.fr/image.ashx?id=2989342&use=l&cat=p&typeid=i","cat":284427},{"id":187330,"n":"Porto Tawny Dorrao 18°C - 75cl","p":6.42,"u":"8,56 €/L","img":"https://fd13-photos.leclercdrive.fr/image.ashx?id=2869877&use=l&cat=p&typeid=i","cat":284913},{"id":187342,"n":"Bûche Nestlé 3 Chocolats 540g","p":5.37,"u":"9,94 €/KG","img":"https://fd13-photos.leclercdrive.fr/image.ashx?id=2936713&use=l&cat=p&typeid=i","cat":284266},{"id":187365,"n":"Desserts Lactés P'TIT BRASSE Nature 6M+ - 4x90g","p":1.95,"u":"5,42 €/KG","img":"https://fd13-photos.leclercdrive.fr/image.ashx?id=2594223&use=l&cat=p&typeid=i","cat":312392},{"id":187366,"n":"Gros sel Le Guérandais 750g","p":2.54,"u":"3,39 €/KG","img":"https://fd13-photos.leclercdrive.fr/image.ashx?id=2397974&use=l&cat=p&typeid=i","cat":284457},{"id":187373,"n":"Soda Fanta exotique 1.25L","p":2.0,"u":"1,60 €/L","img":"https://fd13-photos.leclercdrive.fr/image.ashx?id=2678170&use=l&cat=p&typeid=i","cat":284532},{"id":187383,"n":"Fromage à tartiner Madame Loïk Fouetté Ail Fines Herbes - 275g","p":2.89,"u":"10,51 €/KG","img":"https://fd13-photos.leclercdrive.fr/image.ashx?id=2774619&use=l&cat=p&typeid=i","cat":314029},{"id":187387,"n":"Truite fumée de France Labeyrie 4 tranches - 120g","p":4.58,"u":"38,17 €/KG","img":"https://fd13-photos.leclercdrive.fr/image.ashx?id=2803535&use=l&cat=p&typeid=i","cat":285188},{"id":187393,"n":"Assortiment chocolats belges Equador - 195g","p":4.64,"u":"23,79 €/KG","img":"https://fd13-photos.leclercdrive.fr/image.ashx?id=3004115&use=l&cat=p&typeid=i","cat":327595},{"id":187394,"n":"Assortiment chocolats belges Equador - 390g","p":8.64,"u":"22,15 €/KG","img":"https://fd13-photos.leclercdrive.fr/image.ashx?id=3004118&use=l&cat=p&typeid=i","cat":327595},{"id":187411,"n":"Sélection de gambas sauvages Pescanova - 800g","p":24.9,"pp":16.43,"u":"20,54 €/KG","img":"https://fd13-photos.leclercdrive.fr/image.ashx?id=2395948&use=l&cat=p&typeid=i","cat":319787},{"id":187445,"n":"Sandwich jambon emmental Daunat Le Goûteux - 220g","p":2.52,"u":"11,45 €/KG","img":"https://fd13-photos.leclercdrive.fr/image.ashx?id=2623232&use=l&cat=p&typeid=i","cat":333658},{"id":187448,"n":"Frites ondulées McCain Côté Burger - 650g","p":3.08,"u":"4,74 €/KG","img":"https://fd13-photos.leclercdrive.fr/image.ashx?id=2920027&use=l&cat=p&typeid=i","cat":319791},{"id":187453,"n":"Thé noir Lipton Yellow x100 sachets - 200g","p":3.86,"u":"19,30 €/KG","img":"https://fd13-photos.leclercdrive.fr/image.ashx?id=2517655&use=l&cat=p&typeid=i","cat":293233},{"id":187454,"n":"Crème dessert Sojasun Caramel pointe de sel - 4x100g","p":1.76,"u":"4,40 €/KG","img":"https://fd13-photos.leclercdrive.fr/image.ashx?id=2397349&use=l&cat=p&typeid=i","cat":316071},{"id":187460,"n":"Sous-vêtements de nuit Ninjamas Fille - T7 - x10","p":8.99,"u":"0,90 €/P","img":"https://fd13-photos.leclercdrive.fr/image.ashx?id=2507212&use=l&cat=p&typeid=i","cat":290633},{"id":187461,"n":"Préparation Tablier Blanc Fondant au chocolat - 320g","p":2.09,"u":"6,53 €/KG","img":"https://fd13-photos.leclercdrive.fr/image.ashx?id=2487500&use=l&cat=p&typeid=i","cat":284505},{"id":187471,"n":"Bûche glacée L'Angélys Chocolat Mandarine - 330g","p":9.2,"u":"27,88 €/KG","img":"https://fd13-photos.leclercdrive.fr/image.ashx?id=2902208&use=l&cat=p&typeid=i","cat":284266},{"id":187472,"n":"Bûche glacée L'Angélys Chocolat Vanille - 330g","p":10.59,"u":"32,09 €/KG","img":"https://fd13-photos.leclercdrive.fr/image.ashx?id=2963631&use=l&cat=p&typeid=i","cat":284266},{"id":187475,"n":"Dés de Chorizo Fleury Michon 120g","p":2.13,"u":"17,75 €/KG","img":"https://fd13-photos.leclercdrive.fr/image.ashx?id=2661196&use=l&cat=p&typeid=i","cat":316011},{"id":187478,"n":"Cordon bleu de poulet Eco+ 200g","p":1.45,"u":"7,25 €/KG","img":"https://fd13-photos.leclercdrive.fr/image.ashx?id=2758294&use=l&cat=p&typeid=i","cat":333683},{"id":187489,"n":"Eclats croquants Kambly 90g","p":2.78,"u":"30,89 €/KG","img":"https://fd13-photos.leclercdrive.fr/image.ashx?id=2830933&use=l&cat=p&typeid=i","cat":297000},{"id":187491,"n":"Eclats de pistache Kambly 80g","p":2.81,"u":"35,13 €/KG","img":"https://fd13-photos.leclercdrive.fr/image.ashx?id=2818088&use=l&cat=p&typeid=i","cat":284487},{"id":187499,"n":"Yaourt fruits bifidus Activia  Pruneau - 6x125g","p":2.82,"u":"3,76 €/KG","img":"https://fd13-photos.leclercdrive.fr/image.ashx?id=2741817&use=l&cat=p&typeid=i","cat":315000},{"id":187547,"n":"Moutarde Fine & Forte AMORA Flacon Souple - 460g","p":2.34,"u":"5,09 €/KG","img":"https://fd13-photos.leclercdrive.fr/image.ashx?id=2877271&use=l&cat=p&typeid=i","cat":288850},{"id":187576,"n":"Pâtes Coquillette Panzani Complètement Bon - 500G","p":1.4,"u":"2,80 €/KG","img":"https://fd13-photos.leclercdrive.fr/image.ashx?id=2902960&use=l&cat=p&typeid=i","cat":284427},{"id":187578,"n":"Pâtes Torti Panzani Complètement Bon - 500G","p":1.38,"u":"2,76 €/KG","img":"https://fd13-photos.leclercdrive.fr/image.ashx?id=2902963&use=l&cat=p&typeid=i","cat":284427},{"id":187588,"n":"Dessert Sojasun Chocolat Noisette - 4x100g","p":1.91,"u":"4,78 €/KG","img":"https://fd13-photos.leclercdrive.fr/image.ashx?id=2398580&use=l&cat=p&typeid=i","cat":316071},{"id":187601,"n":"Compotes Pom'Potes Gourdes  Recette Punta Cana - 4x90g","p":2.22,"u":"6,17 €/KG","img":"https://fd13-photos.leclercdrive.fr/image.ashx?id=3010909&use=l&cat=p&typeid=i","cat":284508},{"id":187602,"n":"Gousses de vanille Vahiné x4 -","p":7.09,"u":"1,77 €/P","img":"https://fd13-photos.leclercdrive.fr/image.ashx?id=2569428&use=l&cat=p&typeid=i","cat":284504},{"id":187603,"n":"Pepites de chocolats Vahiné  3 chocolats - 180g","p":4.95,"u":"27,50 €/KG","img":"https://fd13-photos.leclercdrive.fr/image.ashx?id=2397863&use=l&cat=p&typeid=i","cat":284504},{"id":187613,"n":"Petits pots bébé P'TITE RECETTE Poisson provençal 12M+ - 2x200g","p":2.24,"u":"5,60 €/KG","img":"https://fd13-photos.leclercdrive.fr/image.ashx?id=2737150&use=l&cat=p&typeid=i","cat":312237},{"id":187667,"n":"Piles alcalines Energizer Max AAA/LR03 - x4","p":5.0,"img":"https://fd13-photos.leclercdrive.fr/image.ashx?id=2689076&use=l&cat=p&typeid=i","cat":300572},{"id":187671,"n":"Piles alcalines Energizer Max AA/LR6 - x4","p":5.0,"img":"https://fd13-photos.leclercdrive.fr/image.ashx?id=2689073&use=l&cat=p&typeid=i","cat":300572},{"id":187672,"n":"Gel douche lait Cottage Framboise Bio - 550ml","p":4.05,"u":"7,36 €/L","img":"https://fd13-photos.leclercdrive.fr/image.ashx?id=2398880&use=l&cat=p&typeid=i","cat":284594},{"id":187690,"n":"Fond de teint L'Oréal Paris Infaillible 140 haute couvrance","p":15.62,"img":"https://fd13-photos.leclercdrive.fr/image.ashx?id=2735365&use=l&cat=p&typeid=i","cat":287029},{"id":187701,"n":"Galettes St Michel 208g","p":1.94,"u":"9,33 €/KG","img":"https://fd13-photos.leclercdrive.fr/image.ashx?id=2936218&use=l&cat=p&typeid=i","cat":284487},{"id":187703,"n":"Galettes Spéculoos St Michel 130g","p":0.95,"u":"7,31 €/KG","img":"https://fd13-photos.leclercdrive.fr/image.ashx?id=2915922&use=l&cat=p&typeid=i","cat":284487},{"id":187706,"n":"Madeleine Bonne Maman Citron - 300g","p":2.99,"u":"9,97 €/KG","img":"https://fd13-photos.leclercdrive.fr/image.ashx?id=2936227&use=l&cat=p&typeid=i","cat":284492},{"id":187707,"n":"Madeleine Bonne Maman Chocolat - 300g","p":3.29,"u":"10,97 €/KG","img":"https://fd13-photos.leclercdrive.fr/image.ashx?id=2957020&use=l&cat=p&typeid=i","cat":284492},{"id":187719,"n":"Biscuit Chocorico St Michel 225g","p":1.99,"u":"8,84 €/KG","img":"https://fd13-photos.leclercdrive.fr/image.ashx?id=2949994&use=l&cat=p&typeid=i","cat":284488},{"id":187727,"n":"Confit de canard Gastronomie Jean Larnaudie - 1.240kg","p":14.99,"u":"12,09 €/KG","img":"https://fd13-photos.leclercdrive.fr/image.ashx?id=2399237&use=l&cat=p&typeid=i","cat":305148},{"id":187808,"n":"Haricots rouges D'aucy  2x125g","p":1.77,"u":"7,08 €/KG","img":"https://fd13-photos.leclercdrive.fr/image.ashx?id=2861933&use=l&cat=p&typeid=i","cat":312606},{"id":187839,"n":"Pomme de terre Terres de Breizh Spéciale raclette - 2.5kg","p":2.79,"u":"1,12 €/KG","img":"https://fd13-photos.leclercdrive.fr/image.ashx?id=2971975&use=l&cat=p&typeid=i","cat":284352},{"id":187848,"n":"R/c Peach quad 1:20e Dès 6 ans","p":34.4,"u":"Dont 0,22 € d'éco-part.","img":"https://fd13-photos.leclercdrive.fr/image.ashx?id=2415123&use=l&cat=p&typeid=i","cat":334382},{"id":187849,"n":"R/c Yoshi quad 1:20e Dès 6 ans","p":34.4,"u":"Dont 0,22 € d'éco-part.","img":"https://fd13-photos.leclercdrive.fr/image.ashx?id=2415120&use=l&cat=p&typeid=i","cat":334382},{"id":187851,"n":"R/c Mario quad 1:20e Dès 6 ans","p":34.4,"u":"Dont 0,22 € d'éco-part.","img":"https://fd13-photos.leclercdrive.fr/image.ashx?id=2415162&use=l&cat=p&typeid=i","cat":334382},{"id":187906,"n":"Mon cube d'activités - Kidway Dès 1 an","p":9.9,"img":"https://fd13-photos.leclercdrive.fr/image.ashx?id=2412129&use=l&cat=p&typeid=i","cat":334379},{"id":187926,"n":"Muesli Bio Village Crousti bio - Chocolat","p":2.86,"u":"5,72 €/KG","img":"https://fd13-photos.leclercdrive.fr/image.ashx?id=2598716&use=l&cat=p&typeid=i","cat":309512},{"id":187929,"n":"Nouilles Sautées Yakisoba Classique - 93g","p":1.8,"u":"19,35 €/KG","img":"https://fd13-photos.leclercdrive.fr/image.ashx?id=2536140&use=l&cat=p&typeid=i","cat":288992},{"id":187932,"n":"Nouilles sautées Yakisoba Boeuf - 93g","p":1.8,"u":"19,35 €/KG","img":"https://fd13-photos.leclercdrive.fr/image.ashx?id=3004423&use=l&cat=p&typeid=i","cat":288992},{"id":187987,"n":"Déodorant stick Homme Mennen 24H Musk Sans Alcool - 60ml","p":3.21,"u":"53,50 €/L","img":"https://fd13-photos.leclercdrive.fr/image.ashx?id=2869113&use=l&cat=p&typeid=i","cat":284618},{"id":187989,"n":"Lait corps hydratant Mixa Raffermissant  - 250ml","p":3.95,"u":"15,80 €/L","img":"https://fd13-photos.leclercdrive.fr/image.ashx?id=2402358&use=l&cat=p&typeid=i","cat":325349},{"id":187990,"n":"Lait Corps Réparateur Mixa Peau abîmée desséchée - 300ml","p":3.96,"u":"13,20 €/L","img":"https://fd13-photos.leclercdrive.fr/image.ashx?id=2908186&use=l&cat=p&typeid=i","cat":325349},{"id":187999,"n":"Lait Corps réparateur Mixa Peaux desséchées - 300ml","p":3.53,"u":"11,77 €/L","img":"https://fd13-photos.leclercdrive.fr/image.ashx?id=2402394&use=l&cat=p&typeid=i","cat":325349},{"id":188001,"n":"Gel coiffant Vivelle DOP Fixation Extrême - 190ml","p":3.78,"u":"19,89 €/L","img":"https://fd13-photos.leclercdrive.fr/image.ashx?id=2402403&use=l&cat=p&typeid=i","cat":284609},{"id":188008,"n":"Lait corps Mixa  Peaux extra sèches - 400ml","p":4.56,"u":"11,40 €/L","img":"https://fd13-photos.leclercdrive.fr/image.ashx?id=2402355&use=l&cat=p&typeid=i","cat":325349},{"id":188010,"n":"Lait corps nutritif Mixa A l'huile de karité - 250ml","p":3.88,"u":"15,52 €/L","img":"https://fd13-photos.leclercdrive.fr/image.ashx?id=2402361&use=l&cat=p&typeid=i","cat":325349},{"id":188013,"n":"Tablette de chocolat Lindt Lait extra fin - 3x100g","p":5.77,"u":"19,23 €/KG","img":"https://fd13-photos.leclercdrive.fr/image.ashx?id=2655853&use=l&cat=p&typeid=i","cat":284497},{"id":188015,"n":"Cœurs de palmier D'aucy  125g","p":3.85,"u":"17,50 €/KG","img":"https://fd13-photos.leclercdrive.fr/image.ashx?id=2401369&use=l&cat=p&typeid=i","cat":312611},{"id":188112,"n":"Piles alcalines Energizer Max Plus AA/LR6 - Pack de 10","p":11.99,"img":"https://fd13-photos.leclercdrive.fr/image.ashx?id=2737195&use=l&cat=p&typeid=i","cat":300572},{"id":188113,"n":"Piles alcalines Energizer Max Plus AAA/LR03 - Pack de 10","p":12.05,"img":"https://fd13-photos.leclercdrive.fr/image.ashx?id=2403166&use=l&cat=p&typeid=i","cat":300572},{"id":188168,"n":"Féta AOP Salakis Fromage brebis et chèvre - 150g","p":2.77,"u":"18,47 €/KG","img":"https://fd13-photos.leclercdrive.fr/image.ashx?id=2879128&use=l&cat=p&typeid=i","cat":314026},{"id":188271,"n":"Matière grasse doux Astra  À tartiner à cuire 70%MG - 500g","p":2.66,"u":"5,32 €/KG","img":"https://fd13-photos.leclercdrive.fr/image.ashx?id=2406301&use=l&cat=p&typeid=i","cat":315229},{"id":188293,"n":"Moutarde Amora Mi-forte - 260g","p":2.21,"u":"8,50 €/KG","img":"https://fd13-photos.leclercdrive.fr/image.ashx?id=3005398&use=l&cat=p&typeid=i","cat":288850},{"id":188294,"n":"Jambon Le Bon Paris Herta À l'étouffé x2 - 85g","p":1.43,"u":"16,82 €/KG","img":"https://fd13-photos.leclercdrive.fr/image.ashx?id=2566263&use=l&cat=p&typeid=i","cat":316009},{"id":188296,"n":"Jambon Le Bon Paris Herta À l'étouffée x6 - 255g","p":2.94,"u":"11,53 €/KG","img":"https://fd13-photos.leclercdrive.fr/image.ashx?id=2418720&use=l&cat=p&typeid=i","cat":316009},{"id":188297,"n":"Jambon Le Bon Paris Herta À l'étouffée x8 - 340g","p":3.75,"u":"11,03 €/KG","img":"https://fd13-photos.leclercdrive.fr/image.ashx?id=2921519&use=l&cat=p&typeid=i","cat":316009},{"id":188299,"n":"Jambon Le Bon Paris Herta À l'étouffée x10 - 425g","p":4.65,"u":"10,94 €/KG","img":"https://fd13-photos.leclercdrive.fr/image.ashx?id=2757599&use=l&cat=p&typeid=i","cat":316009},{"id":188959,"n":"Carotte  1kg","p":1.99,"u":"1,99 €/KG","img":"https://fd13-photos.leclercdrive.fr/image.ashx?id=1631913&use=l&cat=p&typeid=i","cat":284352},{"id":190895,"n":"Tomate ronde 1 kg","p":2.99,"u":"2,99 €/KG","img":"https://fd13-photos.leclercdrive.fr/image.ashx?id=1633139&use=l&cat=p&typeid=i","cat":284352},{"id":191420,"n":"Botte de radis rose  1p","p":1.19,"img":"https://fd13-photos.leclercdrive.fr/image.ashx?id=558013&use=l&cat=p&typeid=i","cat":284352},{"id":194064,"n":"Jambon Le Bon Paris Herta  sans nitrite x6 - 210g","p":3.47,"u":"16,52 €/KG","img":"https://fd13-photos.leclercdrive.fr/image.ashx?id=2731396&use=l&cat=p&typeid=i","cat":316009},{"id":194066,"n":"Jambon Le Bon Paris Herta  Torchon sans nitrite x4 - 140g","p":3.11,"u":"22,21 €/KG","img":"https://fd13-photos.leclercdrive.fr/image.ashx?id=2995070&use=l&cat=p&typeid=i","cat":316009},{"id":194071,"n":"Jambon Le Bon Paris Herta -25% de sel x2 - 70g","p":1.27,"u":"18,14 €/KG","img":"https://fd13-photos.leclercdrive.fr/image.ashx?id=2405899&use=l&cat=p&typeid=i","cat":316009},{"id":194073,"n":"Jambon Le Bon Paris Herta -25% de sel x4 - 140g","p":2.29,"u":"16,36 €/KG","img":"https://fd13-photos.leclercdrive.fr/image.ashx?id=2995067&use=l&cat=p&typeid=i","cat":316009},{"id":194075,"n":"Jambon Le Bon Paris Herta -25%  de sel sans nitrite x4 - 140g","p":2.51,"u":"17,93 €/KG","img":"https://fd13-photos.leclercdrive.fr/image.ashx?id=2910124&use=l&cat=p&typeid=i","cat":316009},{"id":194078,"n":"Jambon Le Bon Paris Herta Fumé x4 - 140g","p":2.17,"u":"15,50 €/KG","img":"https://fd13-photos.leclercdrive.fr/image.ashx?id=2918664&use=l&cat=p&typeid=i","cat":316009},{"id":194080,"n":"Jambon Le Bon Paris Herta  broche sans nitrite x4 - 140g","p":2.95,"u":"21,07 €/KG","img":"https://fd13-photos.leclercdrive.fr/image.ashx?id=2881804&use=l&cat=p&typeid=i","cat":316009},{"id":194081,"n":"Jambon Le Bon Paris Fumé Herta sans nitrite x4 - 140g","p":2.75,"u":"19,64 €/KG","img":"https://fd13-photos.leclercdrive.fr/image.ashx?id=2881807&use=l&cat=p&typeid=i","cat":316009},{"id":194088,"n":"Barquette chien poulet dinde Edgard et Cooper - 300g","p":2.89,"u":"9,63 €/KG","img":"https://fd13-photos.leclercdrive.fr/image.ashx?id=2406217&use=l&cat=p&typeid=i","cat":284673},{"id":194208,"n":"Coffret 10 vehicules Fast Car Dès 18 mois","p":9.9,"img":"https://fd13-photos.leclercdrive.fr/image.ashx?id=2405542&use=l&cat=p&typeid=i","cat":334382},{"id":194209,"n":"Camion porte voitures - Abrick Dès 18 mois","p":9.9,"img":"https://fd13-photos.leclercdrive.fr/image.ashx?id=2405539&use=l&cat=p&typeid=i","cat":334382},{"id":194210,"n":"Boite dinette 100 pieces Dès 18 mois","p":14.5,"img":"https://fd13-photos.leclercdrive.fr/image.ashx?id=2405533&use=l&cat=p&typeid=i","cat":334379},{"id":194242,"n":"Porteur remorque - Les maxi  Dès 12 mois","p":19.9,"img":"https://fd13-photos.leclercdrive.fr/image.ashx?id=2405545&use=l&cat=p&typeid=i","cat":334381},{"id":194252,"n":"L'atelier des ongles Clementoni Dès 6 ans","p":16.5,"u":"Dont 0,12 € d'éco-part.","img":"https://fd13-photos.leclercdrive.fr/image.ashx?id=2787941&use=l&cat=p&typeid=i","cat":334379},{"id":194293,"n":"Croquette chiot poulet Edgard et Cooper - 1kg","p":9.99,"u":"9,99 €/KG","img":"https://fd13-photos.leclercdrive.fr/image.ashx?id=2407967&use=l&cat=p&typeid=i","cat":284672},{"id":194296,"n":"Bloc de fromage Leerdammer Le Moelleux - 250g","p":3.66,"u":"14,64 €/KG","img":"https://fd13-photos.leclercdrive.fr/image.ashx?id=2421606&use=l&cat=p&typeid=i","cat":314034},{"id":194298,"n":"Tranches de fromage Leerdammer L'Original - 16 Tranches - 400g","p":4.61,"u":"11,53 €/KG","img":"https://fd13-photos.leclercdrive.fr/image.ashx?id=2489196&use=l&cat=p&typeid=i","cat":314028},{"id":194299,"n":"Tranches de fromage Leerdammer Le Moelleux-10 Tranches-250g","p":3.38,"u":"13,52 €/KG","img":"https://fd13-photos.leclercdrive.fr/image.ashx?id=2507599&use=l&cat=p&typeid=i","cat":314028},{"id":194310,"n":"Bonbons KINDER Schoko-Bons Chocolat blanc - 200G","p":3.77,"u":"18,85 €/KG","img":"https://fd13-photos.leclercdrive.fr/image.ashx?id=2406265&use=l&cat=p&typeid=i","cat":304238},{"id":194556,"n":"Pyjamasque Super Chat de combat Dès 3 ans","p":54.09,"u":"Dont 0,13 € d'éco-part.","img":"https://fd13-photos.leclercdrive.fr/image.ashx?id=2407940&use=l&cat=p&typeid=i","cat":334380},{"id":194655,"n":"Friandise pour chat Vitakraft Poulet et taurine - 6x15g","p":3.46,"u":"38,44 €/KG","img":"https://fd13-photos.leclercdrive.fr/image.ashx?id=2952016&use=l&cat=p&typeid=i","cat":285285},{"id":194699,"n":"Lait Corps Nourissant Mixa Effet Soleil - 250ml","p":4.43,"u":"17,72 €/L","img":"https://fd13-photos.leclercdrive.fr/image.ashx?id=2409379&use=l&cat=p&typeid=i","cat":325349},{"id":195724,"n":"Lessive capsules 3-en-1 Ariel Citronelle - x23 725g","p":8.29,"u":"11,43 €/KG","img":"https://fd13-photos.leclercdrive.fr/image.ashx?id=2530212&use=l&cat=p&typeid=i","cat":284641},{"id":195836,"n":"Beurre moulé Allégé Bridel Doux - 60% MG - 250g","p":2.23,"u":"8,92 €/KG","img":"https://fd13-photos.leclercdrive.fr/image.ashx?id=2498970&use=l&cat=p&typeid=i","cat":284379},{"id":195892,"n":"Mini brownie chocolat St Michel - 8x240g","p":2.5,"u":"10,42 €/KG","img":"https://fd13-photos.leclercdrive.fr/image.ashx?id=2936209&use=l&cat=p&typeid=i","cat":294776},{"id":195897,"n":"Café moulu La Brûlerie Sonneurs 100% Arabica - 250g","p":4.2,"u":"16,80 €/KG","img":"https://fd13-photos.leclercdrive.fr/image.ashx?id=2413666&use=l&cat=p&typeid=i","cat":284750},{"id":195899,"n":"Café moulu La Brûlerie Supérieur - 250g","p":4.84,"u":"19,36 €/KG","img":"https://fd13-photos.leclercdrive.fr/image.ashx?id=2413660&use=l&cat=p&typeid=i","cat":284750},{"id":195904,"n":"Café moulu La Brûlerie Brésil - 250g","p":4.24,"u":"16,96 €/KG","img":"https://fd13-photos.leclercdrive.fr/image.ashx?id=2429425&use=l&cat=p&typeid=i","cat":284750},{"id":195919,"n":"Jambon Le Bon Paris Herta  sans nitrite x2 - 70g","p":1.74,"u":"24,86 €/KG","img":"https://fd13-photos.leclercdrive.fr/image.ashx?id=2413531&use=l&cat=p&typeid=i","cat":316009},{"id":195922,"n":"Jambon Le Bon Paris Herta sans nitrite  x4 - 140g","p":2.3,"u":"16,43 €/KG","img":"https://fd13-photos.leclercdrive.fr/image.ashx?id=2535135&use=l&cat=p&typeid=i","cat":316009},{"id":195960,"n":"Coton-tiges bébé Mots d'Enfants Bio - x60","p":0.65,"u":"0,01 €/P","img":"https://fd13-photos.leclercdrive.fr/image.ashx?id=3015129&use=l&cat=p&typeid=i","cat":284739},{"id":195965,"n":"Mascara waterproof Maybelline Sky High volume & longueur Noir","p":9.45,"pp":6.24,"img":"https://fd13-photos.leclercdrive.fr/image.ashx?id=2833153&use=l&cat=p&typeid=i","cat":287029},{"id":195972,"n":"Mascara L'Oréal Paris  Pro XXL effet rehaussement cils","p":16.68,"img":"https://fd13-photos.leclercdrive.fr/image.ashx?id=2412837&use=l&cat=p&typeid=i","cat":287029},{"id":195981,"n":"Liquide vaisselle Excel Paic Anti-odeur actif à froid -500ml","p":2.13,"u":"4,26 €/L","img":"https://fd13-photos.leclercdrive.fr/image.ashx?id=2413176&use=l&cat=p&typeid=i","cat":284655},{"id":195983,"n":"Liquide vaisselle Excel Paic Dégraissant actif à froid 500ml","p":1.95,"u":"3,90 €/L","img":"https://fd13-photos.leclercdrive.fr/image.ashx?id=2413182&use=l&cat=p&typeid=i","cat":284655},{"id":195985,"n":"Mascara Volume L'Oréal Paris Pro Xxl Effet Faux Cils","p":16.68,"img":"https://fd13-photos.leclercdrive.fr/image.ashx?id=2412840&use=l&cat=p&typeid=i","cat":287029},{"id":196114,"n":"Jambon Le Bon Paris Herta À l'étouffé x8 - 280g","p":4.56,"u":"16,29 €/KG","img":"https://fd13-photos.leclercdrive.fr/image.ashx?id=2795036&use=l&cat=p&typeid=i","cat":316009},{"id":196116,"n":"Jambon Le Bon Paris Herta  -25% Sel x6 - 210g","p":2.77,"u":"13,19 €/KG","img":"https://fd13-photos.leclercdrive.fr/image.ashx?id=2707750&use=l&cat=p&typeid=i","cat":316009},{"id":196117,"n":"Jambon Le Bon Paris Herta -25% de sel x2 - 70g","p":1.82,"u":"26,00 €/KG","img":"https://fd13-photos.leclercdrive.fr/image.ashx?id=2414109&use=l&cat=p&typeid=i","cat":316009},{"id":196118,"n":"Jambon Le Bon Paris Herta -25% de sel -x6 - 210g","p":3.86,"u":"18,38 €/KG","img":"https://fd13-photos.leclercdrive.fr/image.ashx?id=2414112&use=l&cat=p&typeid=i","cat":316009},{"id":196120,"n":"Jambon Le Bon Paris Herta Broche x4 - 140g","p":2.67,"u":"19,07 €/KG","img":"https://fd13-photos.leclercdrive.fr/image.ashx?id=3008158&use=l&cat=p&typeid=i","cat":316009},{"id":196123,"n":"Eyeliner L'Oréal Paris  Infaillible Waterproof Noir","p":11.62,"img":"https://fd13-photos.leclercdrive.fr/image.ashx?id=2419179&use=l&cat=p&typeid=i","cat":287029},{"id":196156,"n":"Sac poubelle 30L Alfapac  Coulissant poubelle haute x15","p":2.98,"u":"0,20 €/P","img":"https://fd13-photos.leclercdrive.fr/image.ashx?id=2526878&use=l&cat=p&typeid=i","cat":285168},{"id":196165,"n":"Barre de céréales Nature Valley Crunchy chocolat lait X8-160g","p":2.97,"u":"18,56 €/KG","img":"https://fd13-photos.leclercdrive.fr/image.ashx?id=2754465&use=l&cat=p&typeid=i","cat":300032},{"id":196175,"n":"Capsules Starbucks by Nespresso  House Blend Int 8 - x18","p":6.05,"u":"58,74 €/KG","img":"https://fd13-photos.leclercdrive.fr/image.ashx?id=3009113&use=l&cat=p&typeid=i","cat":284749},{"id":196176,"n":"Capsules Starbucks by Nespresso  Espresso Roast Int 11 - x18","p":6.05,"u":"58,74 €/KG","img":"https://fd13-photos.leclercdrive.fr/image.ashx?id=2737144&use=l&cat=p&typeid=i","cat":284749},{"id":196241,"n":"Jambon supérieur Eco+ Sans couenne 4 tranches - 160g","p":1.49,"u":"9,31 €/KG","img":"https://fd13-photos.leclercdrive.fr/image.ashx?id=2744407&use=l&cat=p&typeid=i","cat":316009},{"id":196266,"n":"Mousse à Raser 0% Alcool Mennen Peaux sensibles - 250ml","p":2.28,"u":"9,12 €/L","img":"https://fd13-photos.leclercdrive.fr/image.ashx?id=2661733&use=l&cat=p&typeid=i","cat":284617},{"id":196267,"n":"Mousse à Raser 0% Alcool Mennen Hypoallergénique - 250ml","p":2.28,"u":"9,12 €/L","img":"https://fd13-photos.leclercdrive.fr/image.ashx?id=2661736&use=l&cat=p&typeid=i","cat":284617},{"id":196271,"n":"Nettoyant Ménager Cif Crème à Récurer 750 ml","p":1.79,"u":"2,39 €/L","img":"https://fd13-photos.leclercdrive.fr/image.ashx?id=2752513&use=l&cat=p&typeid=i","cat":325357},{"id":196278,"n":"Crème à récurer CIF Citron CleanBoost 101 Usages 750ml","p":2.58,"u":"3,44 €/L","img":"https://fd13-photos.leclercdrive.fr/image.ashx?id=2948540&use=l&cat=p&typeid=i","cat":325357},{"id":196284,"n":"Couches culottes Biolane Eco-responsables Taille 5 - x40","p":22.25,"u":"0,56 €/P","img":"https://fd13-photos.leclercdrive.fr/image.ashx?id=2876536&use=l&cat=p&typeid=i","cat":284737},{"id":196285,"n":"Culotte menstruelle Nana Intimewear Hipster Black - S","p":28.06,"img":"https://fd13-photos.leclercdrive.fr/image.ashx?id=2525627&use=l&cat=p&typeid=i","cat":284624},{"id":196308,"n":"Raisins secs golden Domino 500g","p":4.49,"u":"8,98 €/KG","img":"https://fd13-photos.leclercdrive.fr/image.ashx?id=2416778&use=l&cat=p&typeid=i","cat":284504},{"id":196319,"n":"Jambon supérieur Eco+ Avec couenne 4 tranches - 160g","p":1.59,"u":"9,94 €/KG","img":"https://fd13-photos.leclercdrive.fr/image.ashx?id=2706550&use=l&cat=p&typeid=i","cat":316009},{"id":196353,"n":"Chardons liqueurs  jacquot x4 - 300g","p":7.06,"u":"23,53 €/KG","img":"https://fd13-photos.leclercdrive.fr/image.ashx?id=2416685&use=l&cat=p&typeid=i","cat":327601},{"id":196373,"n":"Boîte de chocolats Kinder Happy Moments - 382g","p":11.31,"u":"29,61 €/KG","img":"https://fd13-photos.leclercdrive.fr/image.ashx?id=2896435&use=l&cat=p&typeid=i","cat":327592},{"id":196376,"n":"Mix boite sélection  Kinder Chocolat - 174g","p":5.87,"u":"33,74 €/KG","img":"https://fd13-photos.leclercdrive.fr/image.ashx?id=2799656&use=l&cat=p&typeid=i","cat":327592},{"id":196377,"n":"Mix sélection white Kinder Chocolat - 137g","p":6.66,"u":"48,61 €/KG","img":"https://fd13-photos.leclercdrive.fr/image.ashx?id=2689091&use=l&cat=p&typeid=i","cat":327592},{"id":196378,"n":"Boîte chocolats Ferrero Rocher x16 pralines - 200g","p":5.41,"u":"27,05 €/KG","img":"https://fd13-photos.leclercdrive.fr/image.ashx?id=2963841&use=l&cat=p&typeid=i","cat":327600},{"id":196379,"n":"Boîte chocolats Ferrero Rocher x30 pralines - 375g","p":8.78,"u":"23,41 €/KG","img":"https://fd13-photos.leclercdrive.fr/image.ashx?id=2938091&use=l&cat=p&typeid=i","cat":327600},{"id":196380,"n":"Pralines Raffaello Noix de coco amandes x40- 400g","p":9.95,"u":"24,88 €/KG","img":"https://fd13-photos.leclercdrive.fr/image.ashx?id=2945005&use=l&cat=p&typeid=i","cat":327595},{"id":196384,"n":"Motta ballotin brisures marrons Confits - 200g","p":6.8,"u":"34,00 €/KG","img":"https://fd13-photos.leclercdrive.fr/image.ashx?id=2520512&use=l&cat=p&typeid=i","cat":327603},{"id":196422,"n":"Mini roc  Côte d'Or Mix - 279g","p":9.03,"u":"32,37 €/KG","img":"https://fd13-photos.leclercdrive.fr/image.ashx?id=2792945&use=l&cat=p&typeid=i","cat":327595},{"id":196431,"n":"Beurre Nature de Breton  Demi-sel - 80% MG - 250g","p":2.56,"u":"10,24 €/KG","img":"https://fd13-photos.leclercdrive.fr/image.ashx?id=2872042&use=l&cat=p&typeid=i","cat":284379},{"id":196432,"n":"Chocolats de Noel Hamlet 250g","p":7.95,"u":"31,80 €/KG","img":"https://fd13-photos.leclercdrive.fr/image.ashx?id=2839322&use=l&cat=p&typeid=i","cat":327595},{"id":196433,"n":"Calendrier de l'Avent Kinder Chalet - 184g","p":8.87,"u":"48,21 €/KG","img":"https://fd13-photos.leclercdrive.fr/image.ashx?id=2417552&use=l&cat=p&typeid=i","cat":336112},{"id":196436,"n":"Chocolat Hamlet collection Love - 250g","p":7.95,"u":"31,80 €/KG","img":"https://fd13-photos.leclercdrive.fr/image.ashx?id=2839316&use=l&cat=p&typeid=i","cat":327595},{"id":196438,"n":"Chocolat pralinés Hamlet Ballotin assortiment - 250g","p":7.95,"u":"31,80 €/KG","img":"https://fd13-photos.leclercdrive.fr/image.ashx?id=2839325&use=l&cat=p&typeid=i","cat":327595},{"id":196439,"n":"Beurre Nature de Breton Doux - 82% MG - 250g","p":2.56,"u":"10,24 €/KG","img":"https://fd13-photos.leclercdrive.fr/image.ashx?id=2872039&use=l&cat=p&typeid=i","cat":284379},{"id":196452,"n":"Authentique Revillon  Pralinés - 360g","p":8.19,"u":"22,75 €/KG","img":"https://fd13-photos.leclercdrive.fr/image.ashx?id=2662000&use=l&cat=p&typeid=i","cat":327597},{"id":196488,"n":"Authentique Revillon Chocolat  Lait Voie Lactée - 360g","p":7.95,"u":"22,08 €/KG","img":"https://fd13-photos.leclercdrive.fr/image.ashx?id=2662116&use=l&cat=p&typeid=i","cat":327597},{"id":196500,"n":"Authentique Révillon Noir Lait et Blanc - 360g","p":7.95,"u":"22,08 €/KG","img":"https://fd13-photos.leclercdrive.fr/image.ashx?id=2661994&use=l&cat=p&typeid=i","cat":327597},{"id":196525,"n":"Guimauves au chocolat Révillon  Noir & lait  - 300g","p":8.95,"u":"29,83 €/KG","img":"https://fd13-photos.leclercdrive.fr/image.ashx?id=2662119&use=l&cat=p&typeid=i","cat":327597},{"id":196566,"n":"Fromage de Chèvre Chavroux Frais Nature - 150g","p":2.08,"u":"13,87 €/KG","img":"https://fd13-photos.leclercdrive.fr/image.ashx?id=2912161&use=l&cat=p&typeid=i","cat":314031},{"id":196640,"n":"Bière 3 Monts 8.5% Brassin d'hiver - 75cl","p":3.49,"pp":2.44,"u":"3,25 €/L","img":"https://fd13-photos.leclercdrive.fr/image.ashx?id=2886867&use=l&cat=p&typeid=i","cat":334872},{"id":196647,"n":"Spray dégraissant Chanteclair Universel Marseille - 600ml","p":2.45,"u":"4,08 €/L","img":"https://fd13-photos.leclercdrive.fr/image.ashx?id=2419743&use=l&cat=p&typeid=i","cat":325357},{"id":196665,"n":"Monster Ultra fiesta Mango Boîte - 50cl","p":1.69,"u":"3,38 €/L","img":"https://fd13-photos.leclercdrive.fr/image.ashx?id=2736700&use=l&cat=p&typeid=i","cat":284533},{"id":196686,"n":"Pizza Numero Uno Italpizza Prosciutto & Funghi - 440g","p":4.24,"u":"9,64 €/KG","img":"https://fd13-photos.leclercdrive.fr/image.ashx?id=2419758&use=l&cat=p&typeid=i","cat":284256},{"id":196687,"n":"Pizza Numero Uno Italpizza 5 Fromaggi - 410g","p":4.24,"u":"10,34 €/KG","img":"https://fd13-photos.leclercdrive.fr/image.ashx?id=2419761&use=l&cat=p&typeid=i","cat":284256},{"id":196798,"n":"Lait en poudre Picot  1er âge - 850g","p":18.23,"u":"21,45 €/KG","img":"https://fd13-photos.leclercdrive.fr/image.ashx?id=2925421&use=l&cat=p&typeid=i","cat":284726},{"id":196799,"n":"Lait en poudre Picot 2ème âge - 850g","p":15.5,"u":"18,24 €/KG","img":"https://fd13-photos.leclercdrive.fr/image.ashx?id=2925424&use=l&cat=p&typeid=i","cat":284727},{"id":196800,"n":"Lait de croissance Picot 3ème âge - 850g","p":12.41,"u":"14,60 €/KG","img":"https://fd13-photos.leclercdrive.fr/image.ashx?id=2925427&use=l&cat=p&typeid=i","cat":290219},{"id":196832,"n":"Assaisonnement  Ducros Persillade - 95g","p":1.65,"u":"17,37 €/KG","img":"https://fd13-photos.leclercdrive.fr/image.ashx?id=2421153&use=l&cat=p&typeid=i","cat":298297},{"id":196856,"n":"Croquettes chat Purina One Chat stérilisé sensible - 1.5kg","p":6.95,"u":"4,63 €/KG","img":"https://fd13-photos.leclercdrive.fr/image.ashx?id=2488085&use=l&cat=p&typeid=i","cat":284680},{"id":196894,"n":"Ampoules LED Philips E27 - 60w x3","p":7.9,"u":"Dont 0,86 € d'éco-part.","img":"https://fd13-photos.leclercdrive.fr/image.ashx?id=2507509&use=l&cat=p&typeid=i","cat":300573},{"id":196965,"n":"Liqueur de menthe Get 27 17,9° - 70cl","p":12.99,"u":"18,56 €/L","img":"https://fd13-photos.leclercdrive.fr/image.ashx?id=2835565&use=l&cat=p&typeid=i","cat":286032},{"id":197135,"n":"Chocolat Kinder surprise Père Noel - 6x20g","p":7.65,"u":"63,75 €/KG","img":"https://fd13-photos.leclercdrive.fr/image.ashx?id=2437208&use=l&cat=p&typeid=i","cat":327592},{"id":197161,"n":"Traîneau chocolat oeuf Kinder Jaune - 75g","p":3.32,"u":"44,27 €/KG","img":"https://fd13-photos.leclercdrive.fr/image.ashx?id=2426809&use=l&cat=p&typeid=i","cat":327592},{"id":197163,"n":"Traîneau chocolat œuf Kinder Blanc - 75g","p":3.32,"u":"44,27 €/KG","img":"https://fd13-photos.leclercdrive.fr/image.ashx?id=2426812&use=l&cat=p&typeid=i","cat":327592},{"id":197164,"n":"Traîneau chocolat œuf Kinder Vert - 75g","p":3.32,"u":"44,27 €/KG","img":"https://fd13-photos.leclercdrive.fr/image.ashx?id=2426815&use=l&cat=p&typeid=i","cat":327592},{"id":197351,"n":"Yaourt ferments lactiques Alsa Onctueux 4 sachets - 8g","p":2.74,"u":"342,50 €/KG","img":"https://fd13-photos.leclercdrive.fr/image.ashx?id=2999832&use=l&cat=p&typeid=i","cat":284505},{"id":197354,"n":"Préparation Moelleux Nature Alsa- 500g","p":3.6,"u":"7,20 €/KG","img":"https://fd13-photos.leclercdrive.fr/image.ashx?id=2812666&use=l&cat=p&typeid=i","cat":284505},{"id":197356,"n":"Tablette de chocolat Lindt Double lait - 2X100G","p":4.65,"u":"23,25 €/KG","img":"https://fd13-photos.leclercdrive.fr/image.ashx?id=2654617&use=l&cat=p&typeid=i","cat":284497},{"id":197421,"n":"Croquettes Chien Junior Ultima Medium Maxi - poulet - 7kg","p":23.49,"u":"3,36 €/KG","img":"https://fd13-photos.leclercdrive.fr/image.ashx?id=2926642&use=l&cat=p&typeid=i","cat":284672},{"id":197444,"n":"Friandise pour chat Dentalife Chat adulte - Poulet - 140g","p":4.24,"u":"30,29 €/KG","img":"https://fd13-photos.leclercdrive.fr/image.ashx?id=2901127&use=l&cat=p&typeid=i","cat":285285},{"id":197475,"n":"Effilés Chat Junior Purina One Sauce saumon ou poulet - 8x85g","p":4.63,"u":"6,81 €/KG","img":"https://fd13-photos.leclercdrive.fr/image.ashx?id=2899731&use=l&cat=p&typeid=i","cat":285286},{"id":197483,"n":"Preparation Muffins Nestlé Pépites de chocolat - 340g","p":3.35,"u":"9,85 €/KG","img":"https://fd13-photos.leclercdrive.fr/image.ashx?id=2427106&use=l&cat=p&typeid=i","cat":284505},{"id":197486,"n":"Soupe en sachets chat Felix Selection de poissons - 6x48g","p":2.16,"u":"7,50 €/KG","img":"https://fd13-photos.leclercdrive.fr/image.ashx?id=2968553&use=l&cat=p&typeid=i","cat":285286},{"id":197547,"n":"Bâtonnets à mâcher Dentalife ActivFresh - 115g - x7","p":2.16,"u":"18,78 €/KG","img":"https://fd13-photos.leclercdrive.fr/image.ashx?id=2902373&use=l&cat=p&typeid=i","cat":294527},{"id":197561,"n":"Bâtonnet à mâcher Dentalife ActivFresh - 115g - x5","p":2.16,"u":"18,78 €/KG","img":"https://fd13-photos.leclercdrive.fr/image.ashx?id=2427697&use=l&cat=p&typeid=i","cat":294527},{"id":197625,"n":"Tablette de chocolat noir Lindt 3x100g","p":4.25,"u":"14,17 €/KG","img":"https://fd13-photos.leclercdrive.fr/image.ashx?id=2721422&use=l&cat=p&typeid=i","cat":284956},{"id":197697,"n":"Crème de nuit L'Oréal Paris Age perfect Anti-âge - 50ml","p":11.97,"pp":7.9,"u":"158,00 €/L","img":"https://fd13-photos.leclercdrive.fr/image.ashx?id=2428441&use=l&cat=p&typeid=i","cat":325345},{"id":197713,"n":"Fromage à Tartiner St Môret  Nature - 500g","p":5.41,"u":"10,82 €/KG","img":"https://fd13-photos.leclercdrive.fr/image.ashx?id=2427991&use=l&cat=p&typeid=i","cat":314029},{"id":197759,"n":"Orangette Chevaliers D'Argouges Enrobage choco noir - 170g","p":7.2,"u":"42,35 €/KG","img":"https://fd13-photos.leclercdrive.fr/image.ashx?id=2429332&use=l&cat=p&typeid=i","cat":327601},{"id":197766,"n":"Ballotin Chevaliers d'Argouges Assortiment chocolats - 185g","p":7.82,"u":"42,27 €/KG","img":"https://fd13-photos.leclercdrive.fr/image.ashx?id=2429335&use=l&cat=p&typeid=i","cat":327595},{"id":197776,"n":"Truffes Chevaliers d'Argouges Fantaisies bio noir - 160g","p":6.65,"u":"41,56 €/KG","img":"https://fd13-photos.leclercdrive.fr/image.ashx?id=2429374&use=l&cat=p&typeid=i","cat":327600},{"id":197897,"n":"Désodorisant lave-vaisselle Citron x1 - 60 lavages","p":2.98,"img":"https://fd13-photos.leclercdrive.fr/image.ashx?id=2429317&use=l&cat=p&typeid=i","cat":284657},{"id":197901,"n":"Citron jaune Rustica 500ml","p":1.93,"u":"3,86 €/L","img":"https://fd13-photos.leclercdrive.fr/image.ashx?id=2453947&use=l&cat=p&typeid=i","cat":288383},{"id":197912,"n":"IGP Foie gras de canard entier  Jean Larnaudie - 100g","p":15.3,"u":"153,00 €/KG","img":"https://fd13-photos.leclercdrive.fr/image.ashx?id=2429785&use=l&cat=p&typeid=i","cat":316008},{"id":197952,"n":"Pastabox Sodebo  Tortellini chèvre tomate - 280g","p":2.86,"u":"10,21 €/KG","img":"https://fd13-photos.leclercdrive.fr/image.ashx?id=2833429&use=l&cat=p&typeid=i","cat":334983},{"id":198054,"n":"AOP vin rouge Bordeaux  Mouton Cadet - 1.5L","p":18.29,"u":"12,19 €/L","img":"https://fd13-photos.leclercdrive.fr/image.ashx?id=2986395&use=l&cat=p&typeid=i","cat":289556},{"id":198187,"n":"Arrangé Breiz'ile Caramel vanille 28%vol. - 70cl","p":22.91,"u":"32,73 €/L","img":"https://fd13-photos.leclercdrive.fr/image.ashx?id=2837493&use=l&cat=p&typeid=i","cat":284550},{"id":198189,"n":"Arrangé Breiz'ile Coco vanille 28%vol. - 70cl","p":22.91,"u":"32,73 €/L","img":"https://fd13-photos.leclercdrive.fr/image.ashx?id=2435486&use=l&cat=p&typeid=i","cat":284550},{"id":198193,"n":"Bière Lindemans framboise 25cl","p":1.91,"u":"7,64 €/L","img":"https://fd13-photos.leclercdrive.fr/image.ashx?id=2433458&use=l&cat=p&typeid=i","cat":334872},{"id":198195,"n":"Bière Lindemans New Pecheresse 25cl","p":1.94,"u":"7,76 €/L","img":"https://fd13-photos.leclercdrive.fr/image.ashx?id=2433461&use=l&cat=p&typeid=i","cat":334872},{"id":198200,"n":"Bière Lindemans New Faro  25cl","p":1.75,"u":"7,00 €/L","img":"https://fd13-photos.leclercdrive.fr/image.ashx?id=2433464&use=l&cat=p&typeid=i","cat":334872},{"id":198268,"n":"Gin Bombay Citron Pressé 37,5° - 70cl","p":24.99,"u":"35,70 €/L","img":"https://fd13-photos.leclercdrive.fr/image.ashx?id=2842951&use=l&cat=p&typeid=i","cat":284550},{"id":198269,"n":"AOC Graves Château Clare Bordeaux rouge - 75cl","p":7.95,"u":"10,60 €/L","img":"https://fd13-photos.leclercdrive.fr/image.ashx?id=2435222&use=l&cat=p&typeid=i","cat":289556},{"id":198319,"n":"Boisson énergisante Monster Mango loco - 4x50cl","p":6.2,"u":"3,10 €/L","img":"https://fd13-photos.leclercdrive.fr/image.ashx?id=2983465&use=l&cat=p&typeid=i","cat":284533},{"id":198338,"n":"Confiture Douceur du Verger Fraise intense - 320 g","p":1.42,"u":"4,44 €/KG","img":"https://fd13-photos.leclercdrive.fr/image.ashx?id=2965605&use=l&cat=p&typeid=i","cat":284480},{"id":198348,"n":"Confiture Douceur du Verger Abricot intense - 320 g","p":1.42,"u":"4,44 €/KG","img":"https://fd13-photos.leclercdrive.fr/image.ashx?id=2965608&use=l&cat=p&typeid=i","cat":284480},{"id":198349,"n":"Confiture Douceur du Verger Myrtille intense - 320g","p":1.99,"u":"6,22 €/KG","img":"https://fd13-photos.leclercdrive.fr/image.ashx?id=2965611&use=l&cat=p&typeid=i","cat":284480},{"id":198355,"n":"Confiture Douceur du Verger Framboise intense - 320g","p":2.16,"u":"6,75 €/KG","img":"https://fd13-photos.leclercdrive.fr/image.ashx?id=2965614&use=l&cat=p&typeid=i","cat":284480},{"id":198356,"n":"Confiture Douceur du Verger 3 agrumes Intense - 320g","p":1.66,"u":"5,19 €/KG","img":"https://fd13-photos.leclercdrive.fr/image.ashx?id=2966376&use=l&cat=p&typeid=i","cat":284480},{"id":198357,"n":"Confiture Douceur du Verger Fruits rouges intense - 320g","p":1.74,"u":"5,44 €/KG","img":"https://fd13-photos.leclercdrive.fr/image.ashx?id=2965617&use=l&cat=p&typeid=i","cat":284480},{"id":198522,"n":"Haricots vert Bio Village Bio - 180g","p":1.99,"u":"11,06 €/KG","img":"https://fd13-photos.leclercdrive.fr/image.ashx?id=3002713&use=l&cat=p&typeid=i","cat":312606},{"id":198523,"n":"Desserts Lactés P'TIT ONCTUEUX Fromage blanc 6M+ - 4x90g","p":1.93,"u":"5,36 €/KG","img":"https://fd13-photos.leclercdrive.fr/image.ashx?id=2435707&use=l&cat=p&typeid=i","cat":312392},{"id":198524,"n":"Desserts Lactés P'TIT ONCTUEUX Banane 6M+ - 4x90g","p":2.04,"u":"5,67 €/KG","img":"https://fd13-photos.leclercdrive.fr/image.ashx?id=2435710&use=l&cat=p&typeid=i","cat":312392},{"id":198528,"n":"Bouillon Cube Bio Maggi Volaille dégraissé - 80g","p":1.78,"u":"22,25 €/KG","img":"https://fd13-photos.leclercdrive.fr/image.ashx?id=2435722&use=l&cat=p&typeid=i","cat":288379},{"id":198532,"n":"Soupe liquide Bouteille Liebig  Mouliné légumes du potager 75cl","p":2.93,"u":"3,91 €/L","img":"https://fd13-photos.leclercdrive.fr/image.ashx?id=2435899&use=l&cat=p&typeid=i","cat":284462},{"id":198535,"n":"Velouté Knorr Légumes français -1L","p":2.85,"u":"2,85 €/L","img":"https://fd13-photos.leclercdrive.fr/image.ashx?id=2435935&use=l&cat=p&typeid=i","cat":284462},{"id":198545,"n":"Rhum Bumbu XO 40%vol. - 70cl","p":45.3,"u":"64,71 €/L","img":"https://fd13-photos.leclercdrive.fr/image.ashx?id=2438117&use=l&cat=p&typeid=i","cat":284550},{"id":198582,"n":"Desserts Lactés P'TIT ONCTUEUX Mangue ananas 6M+ - 4x90g","p":1.99,"u":"5,53 €/KG","img":"https://fd13-photos.leclercdrive.fr/image.ashx?id=2435932&use=l&cat=p&typeid=i","cat":312392},{"id":198623,"n":"Capsules Nescafé Dolce Gusto  Double Espresso - x16","p":4.64,"u":"34,12 €/KG","img":"https://fd13-photos.leclercdrive.fr/image.ashx?id=2687245&use=l&cat=p&typeid=i","cat":293239},{"id":198636,"n":"Grosse saucisse fraîche Henaff  Fumée x2 - 225g","p":4.59,"u":"20,40 €/KG","img":"https://fd13-photos.leclercdrive.fr/image.ashx?id=2439185&use=l&cat=p&typeid=i","cat":284334},{"id":198647,"n":"Chorizo tranché César Moroni Fort 20 tranches - 100g","p":1.83,"u":"18,30 €/KG","img":"https://fd13-photos.leclercdrive.fr/image.ashx?id=2439026&use=l&cat=p&typeid=i","cat":316006},{"id":198794,"n":"Protège-slips Doulys Ultra-mince Long - x30","p":1.25,"u":"0,04 €/P","img":"https://fd13-photos.leclercdrive.fr/image.ashx?id=2882343&use=l&cat=p&typeid=i","cat":284625},{"id":198808,"n":"Croustillants cheddar Président 6 pièces - 150g","p":3.31,"u":"22,07 €/KG","img":"https://fd13-photos.leclercdrive.fr/image.ashx?id=2856079&use=l&cat=p&typeid=i","cat":314027},{"id":198835,"n":"Gel à raser Satin Care Gillette Nettoyant 2 en 1 - 190ML","p":19.19,"u":"101,00 €/L","img":"https://fd13-photos.leclercdrive.fr/image.ashx?id=2529132&use=l&cat=p&typeid=i","cat":325352},{"id":198867,"n":"Lames de rasoir Gillette Mach 3 - x4","p":14.46,"u":"3,62 €/P","img":"https://fd13-photos.leclercdrive.fr/image.ashx?id=2859905&use=l&cat=p&typeid=i","cat":284616},{"id":198877,"n":"Rasoir Mach 3 Gillette 3 lames -x1","p":12.8,"img":"https://fd13-photos.leclercdrive.fr/image.ashx?id=2971416&use=l&cat=p&typeid=i","cat":284616},{"id":198905,"n":"Lames de rasoir Gillette Mach 3 - x8","p":20.28,"u":"2,54 €/P","img":"https://fd13-photos.leclercdrive.fr/image.ashx?id=2859917&use=l&cat=p&typeid=i","cat":284616},{"id":198924,"n":"Gel à raser GilletteLabs Skin Care - 198ml","p":6.0,"u":"30,30 €/MT","img":"https://fd13-photos.leclercdrive.fr/image.ashx?id=2955215&use=l&cat=p&typeid=i","cat":284617},{"id":198959,"n":"Gel désodorisant Uni vert Lavande Eucalyptus","p":1.39,"img":"https://fd13-photos.leclercdrive.fr/image.ashx?id=2478934&use=l&cat=p&typeid=i","cat":311628},{"id":198968,"n":"Bloc wc javel Syphon eau bleue x2 - 100g","p":1.71,"u":"17,10 €/KG","img":"https://fd13-photos.leclercdrive.fr/image.ashx?id=2437005&use=l&cat=p&typeid=i","cat":284662},{"id":198972,"n":"Nettoyant ménager Clair Désinfectant - 5L","p":3.96,"u":"0,79 €/L","img":"https://fd13-photos.leclercdrive.fr/image.ashx?id=2909407&use=l&cat=p&typeid=i","cat":284907},{"id":198974,"n":"Perles désodorisantes Bien Air Agrumes","p":2.39,"img":"https://fd13-photos.leclercdrive.fr/image.ashx?id=2466892&use=l&cat=p&typeid=i","cat":311628},{"id":198979,"n":"Bûche glacée Nestlé Poire Chocolat - 540g","p":5.37,"u":"9,94 €/KG","img":"https://fd13-photos.leclercdrive.fr/image.ashx?id=2750456&use=l&cat=p&typeid=i","cat":284266},{"id":198980,"n":"Bûche glacée Nestlé Nougatine - 540g","p":5.37,"u":"9,94 €/KG","img":"https://fd13-photos.leclercdrive.fr/image.ashx?id=2936716&use=l&cat=p&typeid=i","cat":284266},{"id":199001,"n":"Attache-sucette chaînette Nuk My love - Bleu","p":4.5,"img":"https://fd13-photos.leclercdrive.fr/image.ashx?id=2437286&use=l&cat=p&typeid=i","cat":284743},{"id":199097,"n":"Chocolat Père Noel Kinder 160g","p":4.98,"u":"31,13 €/KG","img":"https://fd13-photos.leclercdrive.fr/image.ashx?id=2764308&use=l&cat=p&typeid=i","cat":327592},{"id":199134,"n":"Moulage chocolat Kinder Père Noel - 110g","p":3.64,"u":"33,09 €/KG","img":"https://fd13-photos.leclercdrive.fr/image.ashx?id=2438108&use=l&cat=p&typeid=i","cat":327592},{"id":199461,"n":"Chocolat Kinder Surprise x6 oeufs - 6x20g","p":7.65,"u":"63,75 €/KG","img":"https://fd13-photos.leclercdrive.fr/image.ashx?id=2826336&use=l&cat=p&typeid=i","cat":327592},{"id":199510,"n":"Cervelas Herta Sans nitrite - 400g","p":3.78,"u":"9,45 €/KG","img":"https://fd13-photos.leclercdrive.fr/image.ashx?id=2443835&use=l&cat=p&typeid=i","cat":316012},{"id":199512,"n":"Cervelas Herta Sans nitrite - 200g","p":2.45,"u":"12,25 €/KG","img":"https://fd13-photos.leclercdrive.fr/image.ashx?id=2443832&use=l&cat=p&typeid=i","cat":316012},{"id":199530,"n":"Lait corps Mixa Anti-dessèchement - 400ml","p":4.47,"u":"11,18 €/L","img":"https://fd13-photos.leclercdrive.fr/image.ashx?id=2444372&use=l&cat=p&typeid=i","cat":325349},{"id":199552,"n":"Dentifrice Elmex Anti-caries Original - 75ml","p":4.8,"u":"64,00 €/L","img":"https://fd13-photos.leclercdrive.fr/image.ashx?id=2852181&use=l&cat=p&typeid=i","cat":284612},{"id":199553,"n":"Dentifrice Elmex Sensitive Original - 75ml","p":4.45,"u":"59,33 €/L","img":"https://fd13-photos.leclercdrive.fr/image.ashx?id=2738404&use=l&cat=p&typeid=i","cat":284612},{"id":199555,"n":"Bain de bouche Elmex Sensitive Dents sensibles - 400 ml","p":3.86,"u":"9,65 €/L","img":"https://fd13-photos.leclercdrive.fr/image.ashx?id=2837232&use=l&cat=p&typeid=i","cat":284613},{"id":199557,"n":"Dentifrice Elmex Anti-caries Haleine fraîche - 75 ml","p":3.97,"u":"52,93 €/MT","img":"https://fd13-photos.leclercdrive.fr/image.ashx?id=2738419&use=l&cat=p&typeid=i","cat":284612},{"id":199559,"n":"Dentifrice Elmex Sensitive  Blancheur douce - 2x75ml","p":9.3,"u":"62,00 €/MT","img":"https://fd13-photos.leclercdrive.fr/image.ashx?id=2738425&use=l&cat=p&typeid=i","cat":284612},{"id":199598,"n":"Désodorisant diffuseur Airwick  Active Fresh Vanille - 228ml","p":7.09,"u":"31,10 €/L","img":"https://fd13-photos.leclercdrive.fr/image.ashx?id=2864672&use=l&cat=p&typeid=i","cat":311629},{"id":199865,"n":"Bûche glacée Nestlé L'Amandière - 540g","p":5.37,"u":"9,94 €/KG","img":"https://fd13-photos.leclercdrive.fr/image.ashx?id=2749979&use=l&cat=p&typeid=i","cat":284266},{"id":200062,"n":"Bûche glacée Nestlé craquante Vanille Caramel - 540g","p":5.37,"u":"9,94 €/KG","img":"https://fd13-photos.leclercdrive.fr/image.ashx?id=2750462&use=l&cat=p&typeid=i","cat":284266},{"id":200096,"n":"Bûche glacée Nestlé  Chocolat Vanille - 540g","p":5.37,"u":"9,94 €/KG","img":"https://fd13-photos.leclercdrive.fr/image.ashx?id=2936722&use=l&cat=p&typeid=i","cat":284266},{"id":200153,"n":"Repas bébé Blédina 15 mois légumes boulghour merlu 200g","p":2.46,"u":"12,30 €/KG","img":"https://fd13-photos.leclercdrive.fr/image.ashx?id=2975101&use=l&cat=p&typeid=i","cat":312238},{"id":200175,"n":"Plat bébé soir Blédiner 15 mois Pâtes légumes - 200g","p":2.6,"u":"13,00 €/KG","img":"https://fd13-photos.leclercdrive.fr/image.ashx?id=2866295&use=l&cat=p&typeid=i","cat":312239},{"id":200202,"n":"Repas bébé Blédina 15 mois carotte haricot riz bœuf 200g","p":2.39,"u":"11,95 €/KG","img":"https://fd13-photos.leclercdrive.fr/image.ashx?id=2586586&use=l&cat=p&typeid=i","cat":312238},{"id":200218,"n":"Repas bébé Blédina 15 mois carotte pâte épices poulet 200g","p":2.56,"u":"12,80 €/KG","img":"https://fd13-photos.leclercdrive.fr/image.ashx?id=2951632&use=l&cat=p&typeid=i","cat":312238},{"id":200266,"n":"Piles alcalines Energizer Max AA/LR6 x14","p":13.25,"img":"https://fd13-photos.leclercdrive.fr/image.ashx?id=2447226&use=l&cat=p&typeid=i","cat":300572},{"id":200269,"n":"Pile Alcalines Energizer Max AAA/LR03 x14","p":13.45,"img":"https://fd13-photos.leclercdrive.fr/image.ashx?id=2447388&use=l&cat=p&typeid=i","cat":300572},{"id":200317,"n":"Olives Vertes et noires  Dénoyautées - 170g","p":2.45,"u":"14,41 €/KG","img":"https://fd13-photos.leclercdrive.fr/image.ashx?id=2733511&use=l&cat=p&typeid=i","cat":284450},{"id":200323,"n":"Cassoulet Castelnaudary NRT 420g","p":2.49,"u":"5,93 €/KG","img":"https://fd13-photos.leclercdrive.fr/image.ashx?id=2805990&use=l&cat=p&typeid=i","cat":284440},{"id":200369,"n":"Lait chocolaté Cacolac Mon premier Cacolac - 1L","p":3.02,"u":"3,02 €/L","img":"https://fd13-photos.leclercdrive.fr/image.ashx?id=3011179&use=l&cat=p&typeid=i","cat":295246},{"id":200377,"n":"Plat bébé soir Blédîner 15 mois Légumes macaroni persil - 200g","p":2.39,"u":"11,95 €/KG","img":"https://fd13-photos.leclercdrive.fr/image.ashx?id=2866292&use=l&cat=p&typeid=i","cat":312239},{"id":200378,"n":"Repas bébé Blédina 15 mois Pâtes brocolis jambon - 200g","p":2.39,"u":"11,95 €/KG","img":"https://fd13-photos.leclercdrive.fr/image.ashx?id=2975104&use=l&cat=p&typeid=i","cat":312238},{"id":200709,"n":"Soupe liquide brique Liebig  Cèpes & Bolets - 2x30cl","p":2.68,"u":"4,47 €/L","img":"https://fd13-photos.leclercdrive.fr/image.ashx?id=2472204&use=l&cat=p&typeid=i","cat":284462},{"id":200714,"n":"Céréales Lion Nestlé   Triple Crunchy - 550g","p":3.95,"u":"7,18 €/KG","img":"https://fd13-photos.leclercdrive.fr/image.ashx?id=2893538&use=l&cat=p&typeid=i","cat":309513},{"id":200736,"n":"Crayon à sourcils Maybelline Express Brow 04 Marron foncé","p":9.48,"img":"https://fd13-photos.leclercdrive.fr/image.ashx?id=2452224&use=l&cat=p&typeid=i","cat":287029},{"id":200738,"n":"Crayon à sourcils Maybelline Express Brow 05 Brun cendré","p":9.48,"img":"https://fd13-photos.leclercdrive.fr/image.ashx?id=2452227&use=l&cat=p&typeid=i","cat":287029},{"id":200739,"n":"Crayon à sourcils Maybelline Express Brow 01 Blond foncé","p":9.48,"img":"https://fd13-photos.leclercdrive.fr/image.ashx?id=2452221&use=l&cat=p&typeid=i","cat":287029},{"id":200763,"n":"Gel lavant hydratant Sanytol Aloe vera Bio - 250ml","p":2.71,"u":"10,84 €/L","img":"https://fd13-photos.leclercdrive.fr/image.ashx?id=2905273&use=l&cat=p&typeid=i","cat":284597},{"id":200779,"n":"Nettoyant sol Vigor Désincrustant intense - 1L","p":3.18,"u":"3,18 €/L","img":"https://fd13-photos.leclercdrive.fr/image.ashx?id=2736160&use=l&cat=p&typeid=i","cat":284907},{"id":200780,"n":"Protège-lingerie Nana x30","p":1.67,"u":"0,06 €/P","img":"https://fd13-photos.leclercdrive.fr/image.ashx?id=3003432&use=l&cat=p&typeid=i","cat":284625},{"id":200781,"n":"Serviettes hygiéniques Nana Maxi régulier+ x16","p":1.82,"u":"0,11 €/P","img":"https://fd13-photos.leclercdrive.fr/image.ashx?id=2454454&use=l&cat=p&typeid=i","cat":284624},{"id":200938,"n":"Langue de boeuf Larzul Sauce moutarde 410g","p":7.05,"u":"17,20 €/KG","img":"https://fd13-photos.leclercdrive.fr/image.ashx?id=2670731&use=l&cat=p&typeid=i","cat":284441},{"id":200943,"n":"Langue de boeuf Larzul Sauce tomate 410g","p":7.05,"u":"17,20 €/KG","img":"https://fd13-photos.leclercdrive.fr/image.ashx?id=2453412&use=l&cat=p&typeid=i","cat":284441},{"id":201001,"n":"Eau de source de Montagne 8L","p":1.89,"u":"0,24 €/L","img":"https://fd13-photos.leclercdrive.fr/image.ashx?id=2453162&use=l&cat=p&typeid=i","cat":284535},{"id":201017,"n":"Crêpes dentelles Bretagne NRT 120g","p":1.72,"u":"14,33 €/KG","img":"https://fd13-photos.leclercdrive.fr/image.ashx?id=2622359&use=l&cat=p&typeid=i","cat":284487},{"id":201081,"n":"Yaourt à la grecque Yaos  Morceaux de fraises - 4x125g","p":2.53,"u":"5,06 €/KG","img":"https://fd13-photos.leclercdrive.fr/image.ashx?id=2454772&use=l&cat=p&typeid=i","cat":284410},{"id":201107,"n":"Café dosettes Tassimo Café au Lait x21","p":5.43,"u":"22,44 €/KG","img":"https://fd13-photos.leclercdrive.fr/image.ashx?id=2457605&use=l&cat=p&typeid=i","cat":293240},{"id":201116,"n":"Vinaigre d'alcool blanc 14° Saas Melfor - 3L","p":5.87,"u":"1,96 €/L","img":"https://fd13-photos.leclercdrive.fr/image.ashx?id=2456858&use=l&cat=p&typeid=i","cat":325365},{"id":201117,"n":"Vinaigrette Melfor Balsamique/huile d'olive - 50cl","p":2.82,"u":"5,64 €/L","img":"https://fd13-photos.leclercdrive.fr/image.ashx?id=2456861&use=l&cat=p&typeid=i","cat":284456},{"id":201140,"n":"Yaourt à la grecque Yaos  Morceaux d'abricots - 4x125g","p":2.5,"u":"5,00 €/KG","img":"https://fd13-photos.leclercdrive.fr/image.ashx?id=2455123&use=l&cat=p&typeid=i","cat":284410},{"id":201142,"n":"Yaourt à la grecque Yaos  Morceaux de pêches - 4x125g","p":2.49,"u":"4,98 €/KG","img":"https://fd13-photos.leclercdrive.fr/image.ashx?id=2455126&use=l&cat=p&typeid=i","cat":284410},{"id":201192,"n":"Boisson fermentée désalcoolisée Rouge - à base de raisin - 75cl","p":3.3,"u":"4,40 €/L","img":"https://fd13-photos.leclercdrive.fr/image.ashx?id=2477664&use=l&cat=p&typeid=i","cat":284549},{"id":201193,"n":"Boisson fermentée désalcoolisée Rosé - à base de raisin - 75cl","p":3.32,"u":"4,43 €/L","img":"https://fd13-photos.leclercdrive.fr/image.ashx?id=2477667&use=l&cat=p&typeid=i","cat":284549},{"id":201194,"n":"Boisson fermentée désalcoolisée Blanc - à base de raisin - 75cl","p":3.25,"u":"4,33 €/L","img":"https://fd13-photos.leclercdrive.fr/image.ashx?id=2477670&use=l&cat=p&typeid=i","cat":284549},{"id":201202,"n":"AOP Vin Blanc Bourgogne Mâcon Azé - 75cl","p":7.85,"u":"10,47 €/L","img":"https://fd13-photos.leclercdrive.fr/image.ashx?id=2916117&use=l&cat=p&typeid=i","cat":289557},{"id":201203,"n":"Préparation Pancakes Mapple Joe - 215g 8à10 pancakes","p":2.49,"u":"11,58 €/KG","img":"https://fd13-photos.leclercdrive.fr/image.ashx?id=2657394&use=l&cat=p&typeid=i","cat":284504},{"id":201298,"n":"Fromage enfant La Vache qui rit Original 12P à tartiner - 192g","p":2.45,"u":"12,76 €/KG","img":"https://fd13-photos.leclercdrive.fr/image.ashx?id=2945442&use=l&cat=p&typeid=i","cat":314030},{"id":201300,"n":"Fromage enfant La Vache qui rit Original 32P à tartiner - 512g","p":4.8,"u":"9,38 €/KG","img":"https://fd13-photos.leclercdrive.fr/image.ashx?id=2945448&use=l&cat=p&typeid=i","cat":314030},{"id":201340,"n":"Pâte à pizza Piz'up 400g","p":2.18,"u":"5,45 €/KG","img":"https://fd13-photos.leclercdrive.fr/image.ashx?id=2875075&use=l&cat=p&typeid=i","cat":333681},{"id":201341,"n":"Iceberg Eco+","p":0.99,"img":"https://fd13-photos.leclercdrive.fr/image.ashx?id=2715747&use=l&cat=p&typeid=i","cat":284352},{"id":201349,"n":"Noix de jambon Petit Gas Tranches fines x10 - 125g","p":3.36,"u":"26,88 €/KG","img":"https://fd13-photos.leclercdrive.fr/image.ashx?id=2464087&use=l&cat=p&typeid=i","cat":316007},{"id":201351,"n":"Framboises Fresh Cueillette 500g","p":9.44,"u":"18,88 €/KG","img":"https://fd13-photos.leclercdrive.fr/image.ashx?id=2600746&use=l&cat=p&typeid=i","cat":284268},{"id":201353,"n":"Cocktail de fruits rouges Fresh Cueillette - 500g","p":4.19,"u":"8,38 €/KG","img":"https://fd13-photos.leclercdrive.fr/image.ashx?id=2917936&use=l&cat=p&typeid=i","cat":284268},{"id":201354,"n":"Riz au lait Ker Ronan Vanille - 4x105g","p":2.41,"u":"5,74 €/KG","img":"https://fd13-photos.leclercdrive.fr/image.ashx?id=2458832&use=l&cat=p&typeid=i","cat":284418},{"id":201356,"n":"Riz au lait Ker Ronan Caramel - 4x105g","p":2.4,"u":"5,71 €/KG","img":"https://fd13-photos.leclercdrive.fr/image.ashx?id=2458835&use=l&cat=p&typeid=i","cat":284418},{"id":201360,"n":"AOC Buzet L'Excellence Blanc - 75cl","p":5.2,"u":"6,93 €/L","img":"https://fd13-photos.leclercdrive.fr/image.ashx?id=2833423&use=l&cat=p&typeid=i","cat":289557},{"id":201410,"n":"Saucisses cocktail Stéphan Au piment d'Espelette - 400g","p":2.65,"u":"6,63 €/KG","img":"https://fd13-photos.leclercdrive.fr/image.ashx?id=2767543&use=l&cat=p&typeid=i","cat":284450},{"id":201421,"n":"Saucisses cocktail Stéphan Au chorizo - 400g","p":2.53,"u":"6,33 €/KG","img":"https://fd13-photos.leclercdrive.fr/image.ashx?id=2767546&use=l&cat=p&typeid=i","cat":284450},{"id":201422,"n":"Saucisses cocktail Stéphan Mexicaine - 400g","p":2.52,"u":"6,30 €/KG","img":"https://fd13-photos.leclercdrive.fr/image.ashx?id=2767540&use=l&cat=p&typeid=i","cat":284450},{"id":201455,"n":"Thé vert Boost Yate x20 - 32g","p":1.49,"u":"46,56 €/KG","img":"https://fd13-photos.leclercdrive.fr/image.ashx?id=2645975&use=l&cat=p&typeid=i","cat":293233},{"id":201456,"n":"Maté Yate x20 - 30g","p":1.49,"u":"49,67 €/KG","img":"https://fd13-photos.leclercdrive.fr/image.ashx?id=2854252&use=l&cat=p&typeid=i","cat":293233},{"id":201457,"n":"Infusion détente Tisea x20","p":1.49,"u":"46,56 €/KG","img":"https://fd13-photos.leclercdrive.fr/image.ashx?id=2672948&use=l&cat=p&typeid=i","cat":293234},{"id":201460,"n":"Terrine de campagne Côté Table Sel de guérande - 180g","p":1.47,"u":"8,17 €/KG","img":"https://fd13-photos.leclercdrive.fr/image.ashx?id=2460418&use=l&cat=p&typeid=i","cat":305149},{"id":201461,"n":"Terrine de campagne bio Piment d’Espelette - 180g","p":2.79,"u":"15,50 €/KG","img":"https://fd13-photos.leclercdrive.fr/image.ashx?id=2460421&use=l&cat=p&typeid=i","cat":305149},{"id":201528,"n":"Porto ruby Dorrao 18%vol - 75cl","p":8.45,"u":"11,27 €/L","img":"https://fd13-photos.leclercdrive.fr/image.ashx?id=2869871&use=l&cat=p&typeid=i","cat":284913},{"id":201548,"n":"Rillettes de thon Petit Navire Olives - 2x125g","p":3.38,"u":"13,52 €/KG","img":"https://fd13-photos.leclercdrive.fr/image.ashx?id=2461427&use=l&cat=p&typeid=i","cat":303867},{"id":201554,"n":"Lames de rasoir Gillette Mach3 Lot de 3x4","p":44.67,"u":"3,72 €/P","img":"https://fd13-photos.leclercdrive.fr/image.ashx?id=2894506&use=l&cat=p&typeid=i","cat":284616},{"id":201556,"n":"Miel De France Crémeux 500 g","p":6.73,"u":"13,46 €/KG","img":"https://fd13-photos.leclercdrive.fr/image.ashx?id=2461629&use=l&cat=p&typeid=i","cat":287643},{"id":201688,"n":"Beurre plaquette Eco+ Doux - 60% MG  - 200g","p":1.45,"u":"7,25 €/KG","img":"https://fd13-photos.leclercdrive.fr/image.ashx?id=2794187&use=l&cat=p&typeid=i","cat":284379},{"id":201689,"n":"Café capsules Plantation Lungo -","p":5.15,"u":"33,01 €/KG","img":"https://fd13-photos.leclercdrive.fr/image.ashx?id=2860085&use=l&cat=p&typeid=i","cat":284749},{"id":201690,"n":"Beurre plaquette Eco+ Demi-sel - 60% MG - 200g","p":1.47,"u":"7,35 €/KG","img":"https://fd13-photos.leclercdrive.fr/image.ashx?id=2794184&use=l&cat=p&typeid=i","cat":284379},{"id":201692,"n":"Frites Crousti Express Findus Micro-ondes Allumette 2x100g","p":1.92,"u":"9,60 €/KG","img":"https://fd13-photos.leclercdrive.fr/image.ashx?id=2648274&use=l&cat=p&typeid=i","cat":319791},{"id":201693,"n":"Frites Crousti Express Findus Micro-ondes Classique 2x100g","p":1.91,"u":"9,55 €/KG","img":"https://fd13-photos.leclercdrive.fr/image.ashx?id=2648271&use=l&cat=p&typeid=i","cat":319791},{"id":201702,"n":"Bière Leffe Ruby 5% - 6x25cl","p":5.19,"u":"3,46 €/L","img":"https://fd13-photos.leclercdrive.fr/image.ashx?id=2811581&use=l&cat=p&typeid=i","cat":334878},{"id":201706,"n":"Bière Leffe Ruby 5% - 12x25cl","p":9.16,"u":"3,05 €/L","img":"https://fd13-photos.leclercdrive.fr/image.ashx?id=2813008&use=l&cat=p&typeid=i","cat":334878},{"id":201747,"n":"Thé vert Lipton Fleur d'oranger - x20 - 30g","p":2.56,"u":"85,33 €/KG","img":"https://fd13-photos.leclercdrive.fr/image.ashx?id=2463398&use=l&cat=p&typeid=i","cat":293233},{"id":201759,"n":"Infusion Twinings Ayurveda citron vert mangue curcuma x20","p":2.66,"u":"88,67 €/KG","img":"https://fd13-photos.leclercdrive.fr/image.ashx?id=2893051&use=l&cat=p&typeid=i","cat":293234},{"id":201772,"n":"Dentifrice Elmex Sensitive Blancheur douce - 75ml","p":4.62,"u":"61,60 €/L","img":"https://fd13-photos.leclercdrive.fr/image.ashx?id=2721187&use=l&cat=p&typeid=i","cat":284612},{"id":201774,"n":"Sous-vêtements nuit DryNites® Garçons 4-7 ans (17-30 kg) x16","p":11.85,"u":"0,74 €/P","img":"https://fd13-photos.leclercdrive.fr/image.ashx?id=2844727&use=l&cat=p&typeid=i","cat":290633},{"id":201775,"n":"Sous-vêtements nuit DryNites® Garçons 8-13 ans (30-48 kg) x13","p":11.85,"u":"0,91 €/P","img":"https://fd13-photos.leclercdrive.fr/image.ashx?id=2971314&use=l&cat=p&typeid=i","cat":290633},{"id":201776,"n":"Sous-vêtements nuit DryNites® Filles 8-13 ans (30-48 kg) x13","p":11.85,"u":"0,91 €/P","img":"https://fd13-photos.leclercdrive.fr/image.ashx?id=2844736&use=l&cat=p&typeid=i","cat":290633},{"id":201790,"n":"Sachet repas chat Purina One Chats difficiles 4x85g","p":2.82,"u":"8,29 €/KG","img":"https://fd13-photos.leclercdrive.fr/image.ashx?id=2477868&use=l&cat=p&typeid=i","cat":285286},{"id":201791,"n":"Soupe en sachets chat Felix Sélection de poissons - 6x48g","p":2.06,"u":"7,15 €/KG","img":"https://fd13-photos.leclercdrive.fr/image.ashx?id=2887251&use=l&cat=p&typeid=i","cat":285286},{"id":201792,"n":"Mousseline Purina Gourmet Thon nappé de sauce - 4x57g","p":3.03,"u":"13,29 €/KG","img":"https://fd13-photos.leclercdrive.fr/image.ashx?id=2899722&use=l&cat=p&typeid=i","cat":285601},{"id":201837,"n":"Protège-slips Doulys Ultra-mince normal - x45","p":0.87,"u":"0,02 €/P","img":"https://fd13-photos.leclercdrive.fr/image.ashx?id=2849590&use=l&cat=p&typeid=i","cat":284625},{"id":201838,"n":"Fraizibus Haribo Sachet bonbons - 220g","p":1.62,"u":"7,36 €/KG","img":"https://fd13-photos.leclercdrive.fr/image.ashx?id=2984955&use=l&cat=p&typeid=i","cat":304250},{"id":201839,"n":"Sauce arrabbiata Turini 420g","p":1.14,"u":"2,71 €/KG","img":"https://fd13-photos.leclercdrive.fr/image.ashx?id=2465062&use=l&cat=p&typeid=i","cat":287599},{"id":201840,"n":"Poudre chocolat Ovomaltine 350g","p":3.8,"u":"10,86 €/KG","img":"https://fd13-photos.leclercdrive.fr/image.ashx?id=2465610&use=l&cat=p&typeid=i","cat":293235},{"id":201846,"n":"Sucre vanillé Alsa x5 - 40g","p":2.62,"u":"65,50 €/KG","img":"https://fd13-photos.leclercdrive.fr/image.ashx?id=3004381&use=l&cat=p&typeid=i","cat":294686},{"id":201915,"n":"Protège-slips Doulys Slip ou string - x45","p":1.61,"u":"0,04 €/P","img":"https://fd13-photos.leclercdrive.fr/image.ashx?id=2877466&use=l&cat=p&typeid=i","cat":284625},{"id":201934,"n":"Protège-slips Vania Confort Fresh - x56","p":2.63,"img":"https://fd13-photos.leclercdrive.fr/image.ashx?id=2735227&use=l&cat=p&typeid=i","cat":284625},{"id":201935,"n":"Protège-slips Confort Vania  Sans parfum - x56","p":2.5,"u":"0,04 €/P","img":"https://fd13-photos.leclercdrive.fr/image.ashx?id=2735230&use=l&cat=p&typeid=i","cat":284625},{"id":201937,"n":"Gel douche Mixa Bébé Bio  Très Doux Corps Cheveux - 300ml","p":5.2,"u":"17,33 €/L","img":"https://fd13-photos.leclercdrive.fr/image.ashx?id=2468548&use=l&cat=p&typeid=i","cat":284740},{"id":201942,"n":"Spray désinfectant Clair Multi-surfaces - 400ml","p":3.85,"u":"9,63 €/MT","img":"https://fd13-photos.leclercdrive.fr/image.ashx?id=2467682&use=l&cat=p&typeid=i","cat":325357},{"id":201945,"n":"Gel Douche Le Petit Marseillais  Lait de vanille - 250ml","p":1.41,"u":"5,64 €/L","img":"https://fd13-photos.leclercdrive.fr/image.ashx?id=2676096&use=l&cat=p&typeid=i","cat":284594},{"id":201946,"n":"Gel Douche Le Petit Marseillais Lait de vanille - 650 ml","p":3.26,"u":"5,02 €/L","img":"https://fd13-photos.leclercdrive.fr/image.ashx?id=2674794&use=l&cat=p&typeid=i","cat":284594},{"id":201947,"n":"Gel Douche Le Petit Marseillais Fleur de cerisie - 650ml","p":3.28,"u":"5,05 €/L","img":"https://fd13-photos.leclercdrive.fr/image.ashx?id=2676099&use=l&cat=p&typeid=i","cat":284594},{"id":201948,"n":"Gel Douche Le Petit Marseillais Abricot et noisette - 650ml","p":3.26,"u":"5,02 €/MT","img":"https://fd13-photos.leclercdrive.fr/image.ashx?id=2676102&use=l&cat=p&typeid=i","cat":284594},{"id":201949,"n":"Gel Douche Le Petit Marseillais Fleur d'oranger - 250ml","p":1.6,"u":"6,40 €/MT","img":"https://fd13-photos.leclercdrive.fr/image.ashx?id=2963397&use=l&cat=p&typeid=i","cat":284594},{"id":201950,"n":"Gel Douche Le Petit Marseillais Amande douce - 250ml","p":1.47,"u":"5,88 €/MT","img":"https://fd13-photos.leclercdrive.fr/image.ashx?id=2946592&use=l&cat=p&typeid=i","cat":284594},{"id":201951,"n":"Gel Douche Le Petit Marseillais Lait - 250ml","p":1.6,"u":"6,40 €/MT","img":"https://fd13-photos.leclercdrive.fr/image.ashx?id=2676108&use=l&cat=p&typeid=i","cat":284594},{"id":201952,"n":"Gel Douche Le Petit Marseillais Lait - 650ml","p":3.26,"u":"5,02 €/L","img":"https://fd13-photos.leclercdrive.fr/image.ashx?id=2676111&use=l&cat=p&typeid=i","cat":284594},{"id":201953,"n":"Gel Douche Le Petit Marseillais Pêche nectarine - 250ml","p":1.57,"u":"6,28 €/L","img":"https://fd13-photos.leclercdrive.fr/image.ashx?id=2938761&use=l&cat=p&typeid=i","cat":284594},{"id":201954,"n":"Gel Douche Le Petit Marseillais  Peche nectarine - 650ml","p":3.22,"u":"4,95 €/L","img":"https://fd13-photos.leclercdrive.fr/image.ashx?id=2676114&use=l&cat=p&typeid=i","cat":284594},{"id":201955,"n":"Gel Douche Le Petit Marseillais Olivier Tillieul - 650ml","p":3.55,"u":"5,46 €/MT","img":"https://fd13-photos.leclercdrive.fr/image.ashx?id=2676117&use=l&cat=p&typeid=i","cat":284594},{"id":201956,"n":"Gel Douche Le Petit Marseillais Verveine citron - 250ml","p":1.39,"u":"5,56 €/MT","img":"https://fd13-photos.leclercdrive.fr/image.ashx?id=2941769&use=l&cat=p&typeid=i","cat":284594},{"id":201957,"n":"Gel douche pamplemousse orange  Le Petit marseillais - 650ml","p":3.28,"u":"5,05 €/L","img":"https://fd13-photos.leclercdrive.fr/image.ashx?id=2676123&use=l&cat=p&typeid=i","cat":284594},{"id":201967,"n":"Bière blonde Corona 12x33cl","p":13.98,"u":"3,53 €/L","img":"https://fd13-photos.leclercdrive.fr/image.ashx?id=2544521&use=l&cat=p&typeid=i","cat":334873},{"id":201968,"n":"Bière blonde Corona Extra 4,5% - 6x33cl","p":8.99,"u":"4,54 €/L","img":"https://fd13-photos.leclercdrive.fr/image.ashx?id=2865452&use=l&cat=p&typeid=i","cat":334873},{"id":201989,"n":"IGP Sauvignon Atlantique 5L","p":15.9,"u":"3,18 €/L","img":"https://fd13-photos.leclercdrive.fr/image.ashx?id=2572212&use=l&cat=p&typeid=i","cat":289557},{"id":201993,"n":"Repas Plaisir chien adulte Terrines viande - 4x300g","p":6.09,"u":"5,08 €/KG","img":"https://fd13-photos.leclercdrive.fr/image.ashx?id=2734489&use=l&cat=p&typeid=i","cat":288578},{"id":202009,"n":"Pur jus matin tonique bio Jardin Bio - 75cl","p":2.99,"u":"3,99 €/L","img":"https://fd13-photos.leclercdrive.fr/image.ashx?id=2469238&use=l&cat=p&typeid=i","cat":284915},{"id":202051,"n":"Crème glacée Trium Macadamia - 430g","p":3.91,"u":"9,09 €/KG","img":"https://fd13-photos.leclercdrive.fr/image.ashx?id=2469043&use=l&cat=p&typeid=i","cat":284725},{"id":202059,"n":"Salade pièmontaise poulet Menu Fraîcheur - 300g","p":2.19,"u":"7,30 €/KG","img":"https://fd13-photos.leclercdrive.fr/image.ashx?id=2646017&use=l&cat=p&typeid=i","cat":333657},{"id":202076,"n":"AOP rosé Côte de Provence Aimé Roquesanté  - 75cl","p":7.5,"u":"10,00 €/L","img":"https://fd13-photos.leclercdrive.fr/image.ashx?id=2941032&use=l&cat=p&typeid=i","cat":289558},{"id":202077,"n":"Crème semi-épaisse Soutenons Nos Agriculteurs - 3x20cl","p":2.89,"u":"4,82 €/L","img":"https://fd13-photos.leclercdrive.fr/image.ashx?id=2469067&use=l&cat=p&typeid=i","cat":284381},{"id":202350,"n":"Salade laitue verte 1p","p":0.99,"img":"https://fd13-photos.leclercdrive.fr/image.ashx?id=1633040&use=l&cat=p&typeid=i","cat":284352},{"id":202407,"n":"Pur jus Jardin Bio Raisin bio - 75cl","p":2.7,"u":"3,60 €/L","img":"https://fd13-photos.leclercdrive.fr/image.ashx?id=2471163&use=l&cat=p&typeid=i","cat":284915},{"id":202454,"n":"Pomme de terre Princesse Amandine - 2kg","p":3.39,"u":"1,70 €/KG","img":"https://fd13-photos.leclercdrive.fr/image.ashx?id=1625739&use=l&cat=p&typeid=i","cat":284352},{"id":202525,"n":"Gâteau de riz chocolat Yabon  4x125g","p":2.93,"u":"5,86 €/KG","img":"https://fd13-photos.leclercdrive.fr/image.ashx?id=2624733&use=l&cat=p&typeid=i","cat":284506},{"id":202544,"n":"Gel douche Le Petit Marseillais Grenade - 250ml","p":1.7,"u":"6,80 €/L","img":"https://fd13-photos.leclercdrive.fr/image.ashx?id=2685126&use=l&cat=p&typeid=i","cat":284594},{"id":202545,"n":"Gel douche Le Petit Marseillais Fleur de Tiare - 250ml","p":1.49,"u":"5,96 €/L","img":"https://fd13-photos.leclercdrive.fr/image.ashx?id=2676093&use=l&cat=p&typeid=i","cat":284594},{"id":202546,"n":"Gel douche Le Petit Marseillais Mandarine - 250ml","p":1.49,"u":"5,96 €/L","img":"https://fd13-photos.leclercdrive.fr/image.ashx?id=2684527&use=l&cat=p&typeid=i","cat":284594},{"id":202547,"n":"Gel douche Le Petit Marseillais Mangue Passion - 250ml","p":1.53,"u":"6,12 €/L","img":"https://fd13-photos.leclercdrive.fr/image.ashx?id=2685189&use=l&cat=p&typeid=i","cat":284594},{"id":202549,"n":"Gel douche Le Petit Marseillais Argan et Karité - 250ml","p":1.57,"u":"6,28 €/L","img":"https://fd13-photos.leclercdrive.fr/image.ashx?id=2684539&use=l&cat=p&typeid=i","cat":284594},{"id":202614,"n":"Gel douche Concentré Nateïs Cactus banane - 100ml","p":1.49,"u":"14,90 €/L","img":"https://fd13-photos.leclercdrive.fr/image.ashx?id=2474069&use=l&cat=p&typeid=i","cat":284594},{"id":202620,"n":"Purée de tomate Panzani Tomacouli nature bio - 265g","p":1.03,"u":"3,89 €/KG","img":"https://fd13-photos.leclercdrive.fr/image.ashx?id=2890604&use=l&cat=p&typeid=i","cat":288384},{"id":202623,"n":"Lentilles blondes Eco  500g","p":0.89,"u":"1,78 €/KG","img":"https://fd13-photos.leclercdrive.fr/image.ashx?id=2553851&use=l&cat=p&typeid=i","cat":284430},{"id":202647,"n":"Bière blonde Jenlain Pack 6x25cl","p":5.85,"u":"3,90 €/L","img":"https://fd13-photos.leclercdrive.fr/image.ashx?id=2474380&use=l&cat=p&typeid=i","cat":334852},{"id":202649,"n":"Bière blonde Jenlain 75 cl","p":2.56,"u":"3,41 €/L","img":"https://fd13-photos.leclercdrive.fr/image.ashx?id=2732851&use=l&cat=p&typeid=i","cat":334852},{"id":202675,"n":"Pavé d'Affinois Extra gourmand - 200g","p":2.73,"u":"13,65 €/KG","img":"https://fd13-photos.leclercdrive.fr/image.ashx?id=3002072&use=l&cat=p&typeid=i","cat":314033},{"id":202744,"n":"Oignon jaune  1kg","p":3.39,"u":"3,39 €/KG","img":"https://fd13-photos.leclercdrive.fr/image.ashx?id=1632422&use=l&cat=p&typeid=i","cat":284352},{"id":202857,"n":"Couches Pampers Premium Protection - T2 - x54","p":16.92,"u":"0,31 €/P","img":"https://fd13-photos.leclercdrive.fr/image.ashx?id=2683367&use=l&cat=p&typeid=i","cat":284737},{"id":202870,"n":"Sucrines bicolores Panier du Primeur x3","p":1.29,"u":"0,43 €/P","img":"https://fd13-photos.leclercdrive.fr/image.ashx?id=2477544&use=l&cat=p&typeid=i","cat":284352},{"id":202873,"n":"Couches Pampers Protection Premium - T6 - x30","p":17.2,"u":"0,57 €/P","img":"https://fd13-photos.leclercdrive.fr/image.ashx?id=2812025&use=l&cat=p&typeid=i","cat":284737},{"id":202884,"n":"Gel douche Adidas Ice dive - 250ml","p":1.9,"u":"7,60 €/KG","img":"https://fd13-photos.leclercdrive.fr/image.ashx?id=2990802&use=l&cat=p&typeid=i","cat":284619},{"id":202888,"n":"Gel douche Adidas Active Start - 250ml","p":2.0,"u":"8,00 €/L","img":"https://fd13-photos.leclercdrive.fr/image.ashx?id=2990805&use=l&cat=p&typeid=i","cat":284619},{"id":202908,"n":"Skyr Yoplait  Nature 0%MG - 450G","p":2.2,"u":"4,89 €/KG","img":"https://fd13-photos.leclercdrive.fr/image.ashx?id=2884468&use=l&cat=p&typeid=i","cat":315000},{"id":202942,"n":"Gaufre nappée P'tit Déli 296g","p":2.8,"u":"9,46 €/KG","img":"https://fd13-photos.leclercdrive.fr/image.ashx?id=2476875&use=l&cat=p&typeid=i","cat":294777},{"id":203036,"n":"Gel douche Mixa Bébé  Très Doux Corps Cheveux - 300ml","p":2.79,"u":"9,30 €/L","img":"https://fd13-photos.leclercdrive.fr/image.ashx?id=2479318&use=l&cat=p&typeid=i","cat":284740},{"id":203037,"n":"Shampooing Mixa Bébé  Très Doux - 300ml","p":2.42,"u":"8,07 €/L","img":"https://fd13-photos.leclercdrive.fr/image.ashx?id=2479321&use=l&cat=p&typeid=i","cat":284740},{"id":203038,"n":"Shampooing démêlant Mixa Bébé Karité - 300ml","p":2.42,"u":"8,07 €/L","img":"https://fd13-photos.leclercdrive.fr/image.ashx?id=2478640&use=l&cat=p&typeid=i","cat":284740},{"id":203039,"n":"Shampooing Mixa Bébé Bio Très Doux - 300ml","p":4.12,"u":"13,73 €/L","img":"https://fd13-photos.leclercdrive.fr/image.ashx?id=2478643&use=l&cat=p&typeid=i","cat":284740},{"id":203041,"n":"Lait de toilette Mixa Bébé  Très Doux - 300ml","p":2.47,"u":"8,23 €/L","img":"https://fd13-photos.leclercdrive.fr/image.ashx?id=2479324&use=l&cat=p&typeid=i","cat":284741},{"id":203042,"n":"Gel Toilette Intime Extra Doux Intima Natural Hamamélis 200ml","p":3.15,"u":"15,75 €/L","img":"https://fd13-photos.leclercdrive.fr/image.ashx?id=2959871&use=l&cat=p&typeid=i","cat":284627},{"id":203043,"n":"Gel Toilette Intime Régulateur Intima Natural Cranberry 200ml","p":3.49,"u":"17,45 €/L","img":"https://fd13-photos.leclercdrive.fr/image.ashx?id=2959874&use=l&cat=p&typeid=i","cat":284627},{"id":203050,"n":"Recharge Sense & Spray Glade Ocean Adventure - 18 ml","p":3.6,"u":"200,00 €/L","img":"https://fd13-photos.leclercdrive.fr/image.ashx?id=2634352&use=l&cat=p&typeid=i","cat":311629},{"id":203051,"n":"Recharge Sense & Spray Glade Relaxing Zen - 18 ml","p":3.82,"u":"212,22 €/L","img":"https://fd13-photos.leclercdrive.fr/image.ashx?id=2634355&use=l&cat=p&typeid=i","cat":311629},{"id":203052,"n":"Recharge pour diffuseur Glade  Bois de Santal & Jasmin - 18ml","p":3.89,"u":"216,11 €/L","img":"https://fd13-photos.leclercdrive.fr/image.ashx?id=2634358&use=l&cat=p&typeid=i","cat":311629},{"id":203053,"n":"Diffuseur & recharge 18ml Glade Bois de Santal&Jasmin - 1 pièce","p":6.93,"pp":4.16,"img":"https://fd13-photos.leclercdrive.fr/image.ashx?id=2684293&use=l&cat=p&typeid=i","cat":311629},{"id":203056,"n":"Recharge Touch & Fresh Glade Marine - 10 ml","p":3.11,"u":"311,00 €/L","img":"https://fd13-photos.leclercdrive.fr/image.ashx?id=2506609&use=l&cat=p&typeid=i","cat":311629},{"id":203059,"n":"Recharge Touch & Fresh Glade Sandalwood & Jasmine - 10 ml","p":3.16,"u":"316,00 €/L","img":"https://fd13-photos.leclercdrive.fr/image.ashx?id=2914744&use=l&cat=p&typeid=i","cat":311629},{"id":203060,"n":"Diffuseur Touch & Fresh Glade Relaxing Zen - 10 ml","p":4.35,"u":"435,00 €/L","img":"https://fd13-photos.leclercdrive.fr/image.ashx?id=2914753&use=l&cat=p&typeid=i","cat":311629},{"id":203063,"n":"Gel désodorisant Glade  Longue durée - Muguet - x1","p":1.58,"img":"https://fd13-photos.leclercdrive.fr/image.ashx?id=2479429&use=l&cat=p&typeid=i","cat":311628},{"id":203089,"n":"Pizza au feu de bois Turini Chèvre et miel - 410g","p":2.81,"u":"6,85 €/KG","img":"https://fd13-photos.leclercdrive.fr/image.ashx?id=2816615&use=l&cat=p&typeid=i","cat":284256},{"id":203203,"n":"Moulage  Kinder Surprise 36g","p":2.09,"u":"58,06 €/KG","img":"https://fd13-photos.leclercdrive.fr/image.ashx?id=2509089&use=l&cat=p&typeid=i","cat":327592},{"id":203209,"n":"Petits plaisirs  Ferrero Rocher Chocolat - 126g","p":3.61,"u":"28,65 €/KG","img":"https://fd13-photos.leclercdrive.fr/image.ashx?id=2945008&use=l&cat=p&typeid=i","cat":327600},{"id":203310,"n":"Diffuseur Touch & Fresh Glade Marine - 10 ml","p":4.25,"img":"https://fd13-photos.leclercdrive.fr/image.ashx?id=2914750&use=l&cat=p&typeid=i","cat":311629},{"id":203319,"n":"AOP Champagne Brut M.H Martel Cuvée Victoire 75cl","p":26.68,"u":"35,57 €/L","img":"https://fd13-photos.leclercdrive.fr/image.ashx?id=2947949&use=l&cat=p&typeid=i","cat":284542},{"id":203367,"n":"Aiguillettes de poulet blanc Bon Plan Le Gaulois - 400g","p":5.75,"u":"14,38 €/KG","img":"https://fd13-photos.leclercdrive.fr/image.ashx?id=2481586&use=l&cat=p&typeid=i","cat":284336},{"id":203368,"n":"Filet de poulet blanc  Bon Plan Le Gaulois - 500g","p":6.07,"u":"12,14 €/KG","img":"https://fd13-photos.leclercdrive.fr/image.ashx?id=2481589&use=l&cat=p&typeid=i","cat":284336},{"id":203407,"n":"Chocolat Merveilles du Monde Lait Amandes Noisettes  - 100g","p":2.9,"u":"29,00 €/KG","img":"https://fd13-photos.leclercdrive.fr/image.ashx?id=2663030&use=l&cat=p&typeid=i","cat":284497},{"id":203409,"n":"Chocolat Merveilles du Monde Noir Amandes Noisettes - 100g","p":3.06,"u":"30,60 €/KG","img":"https://fd13-photos.leclercdrive.fr/image.ashx?id=2663033&use=l&cat=p&typeid=i","cat":284497},{"id":203433,"n":"Gel douche Homme Adidas After Sport - 250ml","p":1.68,"u":"6,72 €/L","img":"https://fd13-photos.leclercdrive.fr/image.ashx?id=2990799&use=l&cat=p&typeid=i","cat":284619},{"id":203471,"n":"Banane Eco+ x4","p":0.79,"u":"0,20 €/P","img":"https://fd13-photos.leclercdrive.fr/image.ashx?id=2600252&use=l&cat=p&typeid=i","cat":284356},{"id":203506,"n":"Apéricroq Le Richelieu Maison Monterrat - 450g","p":4.13,"u":"9,18 €/KG","img":"https://fd13-photos.leclercdrive.fr/image.ashx?id=2482687&use=l&cat=p&typeid=i","cat":316003},{"id":203565,"n":"Lait Sans Lactose Candia   1% MG - 1L","p":1.56,"u":"1,56 €/L","img":"https://fd13-photos.leclercdrive.fr/image.ashx?id=2482714&use=l&cat=p&typeid=i","cat":317169},{"id":203596,"n":"Plat cuisiné Jardin Bio Bio Lentilles à l'indienne - 680g","p":3.87,"u":"5,69 €/KG","img":"https://fd13-photos.leclercdrive.fr/image.ashx?id=2811179&use=l&cat=p&typeid=i","cat":287600},{"id":203601,"n":"Infusion Rooibos Jardin Bio Vanille Bio - 30g","p":2.14,"u":"71,33 €/KG","img":"https://fd13-photos.leclercdrive.fr/image.ashx?id=3000791&use=l&cat=p&typeid=i","cat":293234},{"id":203603,"n":"Petit gourmand bio Jardin Bio A la pâte à tartiner - 155g","p":2.45,"u":"15,81 €/KG","img":"https://fd13-photos.leclercdrive.fr/image.ashx?id=2990676&use=l&cat=p&typeid=i","cat":284488},{"id":203642,"n":"Porto Tawny Eco+ 75Cl","p":5.43,"u":"7,24 €/L","img":"https://fd13-photos.leclercdrive.fr/image.ashx?id=2869844&use=l&cat=p&typeid=i","cat":284913},{"id":203658,"n":"Camembert d'Isigny Sainte Mère 250g","p":3.4,"u":"13,60 €/KG","img":"https://fd13-photos.leclercdrive.fr/image.ashx?id=2890884&use=l&cat=p&typeid=i","cat":314033},{"id":203668,"n":"Capri Sun monster alarm 10x20cl","p":3.69,"u":"1,85 €/L","img":"https://fd13-photos.leclercdrive.fr/image.ashx?id=2490885&use=l&cat=p&typeid=i","cat":295018},{"id":203671,"n":"Les Arrangés du Rhum Breiz'Ile Vanille noisette 28%vol. - 70cl","p":21.25,"u":"30,36 €/L","img":"https://fd13-photos.leclercdrive.fr/image.ashx?id=2940102&use=l&cat=p&typeid=i","cat":284550},{"id":203749,"n":"Coloration Cheveux  Les Naturelles Châtin clair N°3","p":3.95,"img":"https://fd13-photos.leclercdrive.fr/image.ashx?id=2486305&use=l&cat=p&typeid=i","cat":288899},{"id":203755,"n":"Coloration Cheveux  Marron clair doré N°76","p":4.09,"img":"https://fd13-photos.leclercdrive.fr/image.ashx?id=2486239&use=l&cat=p&typeid=i","cat":288899},{"id":203757,"n":"Coloration Cheveux Raffinées Marron cacao - N°17","p":3.95,"img":"https://fd13-photos.leclercdrive.fr/image.ashx?id=2486251&use=l&cat=p&typeid=i","cat":288899},{"id":203759,"n":"Coloration Cheveux Raffinées Marron Moka - N°74","p":4.0,"img":"https://fd13-photos.leclercdrive.fr/image.ashx?id=2486248&use=l&cat=p&typeid=i","cat":288899},{"id":203783,"n":"Grilletine Pasquier Céréales et graines - 255g","p":1.85,"u":"7,25 €/KG","img":"https://fd13-photos.leclercdrive.fr/image.ashx?id=2642393&use=l&cat=p&typeid=i","cat":284479},{"id":203801,"n":"Dentifrice Parodontax Haleine gencives et Sensibilité 75ml","p":5.49,"u":"73,20 €/L","img":"https://fd13-photos.leclercdrive.fr/image.ashx?id=2487084&use=l&cat=p&typeid=i","cat":284612},{"id":203803,"n":"Crème soin Nuit Diadermine Expert Fondamental 50ml","p":9.85,"u":"197,00 €/L","img":"https://fd13-photos.leclercdrive.fr/image.ashx?id=2519108&use=l&cat=p&typeid=i","cat":325345},{"id":203821,"n":"Boîte chien Pedigree  Cuisinés en sauce - 6x400g","p":7.71,"u":"3,21 €/KG","img":"https://fd13-photos.leclercdrive.fr/image.ashx?id=2849722&use=l&cat=p&typeid=i","cat":288578},{"id":203822,"n":"Boîte chien Pedigree Cuisinés en sauce - 4x400g","p":5.99,"u":"3,74 €/KG","img":"https://fd13-photos.leclercdrive.fr/image.ashx?id=2849719&use=l&cat=p&typeid=i","cat":288578},{"id":203823,"n":"Sachet fraicheur chat Whiskas Carte mixte en gelée - 48x85g","p":14.55,"u":"3,57 €/KG","img":"https://fd13-photos.leclercdrive.fr/image.ashx?id=2486916&use=l&cat=p&typeid=i","cat":285286},{"id":203824,"n":"Sachet fraicheur chat Whiskas Classiques en sauce - 24x85g","p":10.05,"u":"4,93 €/KG","img":"https://fd13-photos.leclercdrive.fr/image.ashx?id=2486913&use=l&cat=p&typeid=i","cat":285286},{"id":203826,"n":"Sachet fraicheur chat Whiskas Poissons en gelée - 12x85g","p":4.41,"u":"4,32 €/KG","img":"https://fd13-photos.leclercdrive.fr/image.ashx?id=2486910&use=l&cat=p&typeid=i","cat":285286},{"id":203828,"n":"Sachet repas chaton Whiskas Festins volaille gelée - 12x85g","p":5.0,"u":"4,90 €/KG","img":"https://fd13-photos.leclercdrive.fr/image.ashx?id=2487093&use=l&cat=p&typeid=i","cat":285286},{"id":203927,"n":"Mousse à raser  Gillette Labs - 240ml","p":6.43,"u":"26,79 €/L","img":"https://fd13-photos.leclercdrive.fr/image.ashx?id=2849289&use=l&cat=p&typeid=i","cat":284617},{"id":204050,"n":"Haricots vert Bio Village Bio 220g","p":1.49,"u":"6,77 €/KG","img":"https://fd13-photos.leclercdrive.fr/image.ashx?id=3002716&use=l&cat=p&typeid=i","cat":312606},{"id":204056,"n":"Céréales Spécial K Kellogg's Fruits rouges - 450g","p":4.13,"u":"9,18 €/KG","img":"https://fd13-photos.leclercdrive.fr/image.ashx?id=2775029&use=l&cat=p&typeid=i","cat":309512},{"id":204057,"n":"Céréales Spécial K Kellogg's Chocolat noir - 500g","p":4.05,"u":"8,10 €/KG","img":"https://fd13-photos.leclercdrive.fr/image.ashx?id=2692710&use=l&cat=p&typeid=i","cat":309512},{"id":204058,"n":"Céréales Special K Kellogg's Chocolat au Lait - 500g","p":3.75,"u":"7,50 €/KG","img":"https://fd13-photos.leclercdrive.fr/image.ashx?id=2692713&use=l&cat=p&typeid=i","cat":309512},{"id":204061,"n":"Mais Bio Village Bio - 285g","p":1.09,"u":"3,82 €/KG","img":"https://fd13-photos.leclercdrive.fr/image.ashx?id=3002719&use=l&cat=p&typeid=i","cat":312611},{"id":204064,"n":"Haricots verts d'aucy  Bio - 2x110g","p":2.3,"u":"10,45 €/KG","img":"https://fd13-photos.leclercdrive.fr/image.ashx?id=2496995&use=l&cat=p&typeid=i","cat":312606},{"id":204070,"n":"Pur jus de pommes NRT De Bretagne - 6x20cl","p":2.5,"u":"2,08 €/L","img":"https://fd13-photos.leclercdrive.fr/image.ashx?id=2590517&use=l&cat=p&typeid=i","cat":284522},{"id":204073,"n":"Fromage Fouetté Ail Fines Herbe à tartiner Les Croisés - 150g","p":1.53,"u":"10,20 €/KG","img":"https://fd13-photos.leclercdrive.fr/image.ashx?id=2487398&use=l&cat=p&typeid=i","cat":314029},{"id":204119,"n":"Décolor Stop  Ravive le blanc - x22 - 52g","p":4.99,"u":"95,96 €/KG","img":"https://fd13-photos.leclercdrive.fr/image.ashx?id=2489407&use=l&cat=p&typeid=i","cat":290450},{"id":204153,"n":"Gel douche des Îles Naturé Moi Fleur de tiaré - 500ml","p":3.9,"u":"7,80 €/L","img":"https://fd13-photos.leclercdrive.fr/image.ashx?id=2753656&use=l&cat=p&typeid=i","cat":284594},{"id":204157,"n":"Pâte feuilletée Herta Trésor de Grand-Mère  280g","p":1.56,"u":"5,57 €/KG","img":"https://fd13-photos.leclercdrive.fr/image.ashx?id=2833303&use=l&cat=p&typeid=i","cat":333681},{"id":204158,"n":"Pâte brisée Herta Trésor de Grand-Mère - 280g","p":1.56,"u":"5,57 €/KG","img":"https://fd13-photos.leclercdrive.fr/image.ashx?id=2833306&use=l&cat=p&typeid=i","cat":333681},{"id":204159,"n":"Pâte à tarte sablée Herta Trésor de Grand-Mère - 280g","p":1.87,"u":"6,68 €/KG","img":"https://fd13-photos.leclercdrive.fr/image.ashx?id=2814536&use=l&cat=p&typeid=i","cat":333681},{"id":204162,"n":"Boîte chien Pedigree Terrine - 6x400g","p":8.79,"img":"https://fd13-photos.leclercdrive.fr/image.ashx?id=2849725&use=l&cat=p&typeid=i","cat":288578},{"id":204164,"n":"Sachet fraicheur chat Whiskas Poissons en gelée - 24x85g","p":8.45,"u":"4,14 €/KG","img":"https://fd13-photos.leclercdrive.fr/image.ashx?id=2490200&use=l&cat=p&typeid=i","cat":285286},{"id":204167,"n":"Sachet chat senior Whiskas Festins volaille sauce - 12x85g","p":5.04,"u":"4,94 €/KG","img":"https://fd13-photos.leclercdrive.fr/image.ashx?id=2588999&use=l&cat=p&typeid=i","cat":285286},{"id":204168,"n":"Rasoir xtreme 3 Wilkinson Sensitive - x24","p":23.75,"img":"https://fd13-photos.leclercdrive.fr/image.ashx?id=2844691&use=l&cat=p&typeid=i","cat":284616},{"id":204169,"n":"Sachet fraicheur chat Whiskas Festins volaille gelée - 12x85g","p":4.47,"u":"4,38 €/KG","img":"https://fd13-photos.leclercdrive.fr/image.ashx?id=2490329&use=l&cat=p&typeid=i","cat":285286},{"id":204179,"n":"Sachet fraicheur chat Whiskas Tasty Mix en sauce - 40x85g","p":16.1,"u":"4,74 €/KG","img":"https://fd13-photos.leclercdrive.fr/image.ashx?id=2589488&use=l&cat=p&typeid=i","cat":285286},{"id":204239,"n":"Recharges Venus Gillette Deluxe Smooth Swirl - x3","p":15.46,"u":"5,15 €/P","img":"https://fd13-photos.leclercdrive.fr/image.ashx?id=2536239&use=l&cat=p&typeid=i","cat":325352},{"id":204247,"n":"Protège-slip Vania Confort Multiformes - 1p","p":2.42,"img":"https://fd13-photos.leclercdrive.fr/image.ashx?id=2735224&use=l&cat=p&typeid=i","cat":284625},{"id":204248,"n":"Galettes St Michel Fourrées Chocolat au lait 240g","p":1.73,"u":"7,21 €/KG","img":"https://fd13-photos.leclercdrive.fr/image.ashx?id=2950000&use=l&cat=p&typeid=i","cat":284487},{"id":204249,"n":"Galettes Moelleuses St Michel  Tigrées Chocolat - 180g","p":1.77,"u":"9,83 €/KG","img":"https://fd13-photos.leclercdrive.fr/image.ashx?id=2950006&use=l&cat=p&typeid=i","cat":284495},{"id":204275,"n":"Soin Hydratant So Bio Etic Grenade bio - 50ml","p":11.79,"u":"235,80 €/L","img":"https://fd13-photos.leclercdrive.fr/image.ashx?id=2787110&use=l&cat=p&typeid=i","cat":325345},{"id":204302,"n":"Shampoing nutrition Ultra Doux Lait de coco - 300ml","p":2.66,"u":"8,87 €/L","img":"https://fd13-photos.leclercdrive.fr/image.ashx?id=2492788&use=l&cat=p&typeid=i","cat":284606},{"id":204303,"n":"Shampoing purifiant Ultra Doux Cheveux gras - 300ml","p":2.6,"u":"8,67 €/L","img":"https://fd13-photos.leclercdrive.fr/image.ashx?id=2492791&use=l&cat=p&typeid=i","cat":284606},{"id":204305,"n":"Shampoing nutrition Ultra Doux Argan et camélia - 300ml","p":2.54,"u":"8,47 €/L","img":"https://fd13-photos.leclercdrive.fr/image.ashx?id=2492797&use=l&cat=p&typeid=i","cat":284606},{"id":204306,"n":"Shampoing nutrition Ultra Doux Cheveu Bouclé à Frisé - 300ml","p":2.54,"u":"8,47 €/L","img":"https://fd13-photos.leclercdrive.fr/image.ashx?id=2926599&use=l&cat=p&typeid=i","cat":284606},{"id":204307,"n":"Shampoing Couleur Ultra Doux Cheveux colorés - 300ml","p":2.57,"u":"8,57 €/L","img":"https://fd13-photos.leclercdrive.fr/image.ashx?id=2492803&use=l&cat=p&typeid=i","cat":284606},{"id":204310,"n":"Shampoing Hydratant Ultra Doux Cheveux délicats - 300ml","p":2.69,"u":"8,97 €/L","img":"https://fd13-photos.leclercdrive.fr/image.ashx?id=2492812&use=l&cat=p&typeid=i","cat":284606},{"id":204311,"n":"Shampoing doux Ultra Doux Extrait de tilleul - 300ml","p":2.7,"u":"9,00 €/L","img":"https://fd13-photos.leclercdrive.fr/image.ashx?id=2492815&use=l&cat=p&typeid=i","cat":284606},{"id":204312,"n":"Shampoing Ultra Doux  Erable Huile de Ricin - 300ml","p":3.35,"u":"11,17 €/L","img":"https://fd13-photos.leclercdrive.fr/image.ashx?id=2492818&use=l&cat=p&typeid=i","cat":284606},{"id":204313,"n":"Après-shampooing karité Garnier Cheveu bouclé à Frisé - 250ml","p":2.64,"u":"10,56 €/L","img":"https://fd13-photos.leclercdrive.fr/image.ashx?id=2986651&use=l&cat=p&typeid=i","cat":284607},{"id":204314,"n":"Après-shampoing Ultra doux Cheveux fragiles - 250ml","p":2.47,"u":"9,88 €/L","img":"https://fd13-photos.leclercdrive.fr/image.ashx?id=2646569&use=l&cat=p&typeid=i","cat":284607},{"id":204315,"n":"Démêlant nourrissant Garnier Cheveu sec à très sec - 250ml","p":2.65,"u":"10,60 €/L","img":"https://fd13-photos.leclercdrive.fr/image.ashx?id=2492827&use=l&cat=p&typeid=i","cat":284607},{"id":204316,"n":"Shampoing réparateur Ultra Doux Cheveux fragiles - 300ml","p":2.68,"u":"8,93 €/L","img":"https://fd13-photos.leclercdrive.fr/image.ashx?id=2646572&use=l&cat=p&typeid=i","cat":284606},{"id":204323,"n":"Chips Vico Paprika - 125g","p":1.33,"u":"10,64 €/KG","img":"https://fd13-photos.leclercdrive.fr/image.ashx?id=2921298&use=l&cat=p&typeid=i","cat":284447},{"id":204327,"n":"Soupe instantanée Royco  Velouté Tomates - 4x200ml","p":1.34,"u":"1,68 €/L","img":"https://fd13-photos.leclercdrive.fr/image.ashx?id=2650991&use=l&cat=p&typeid=i","cat":293527},{"id":204328,"n":"Soupe instantanée Royco  Mouliné 12 Légumes - 4x200ml","p":1.73,"u":"2,16 €/L","img":"https://fd13-photos.leclercdrive.fr/image.ashx?id=2650994&use=l&cat=p&typeid=i","cat":293527},{"id":204329,"n":"Soupe liquide Liebig  Façon napolitaine - 1L","p":3.02,"u":"3,02 €/L","img":"https://fd13-photos.leclercdrive.fr/image.ashx?id=2493133&use=l&cat=p&typeid=i","cat":284462},{"id":204330,"n":"Soupe liquide brique Liebig  Poule Vermicelles - 1L","p":2.55,"u":"2,55 €/L","img":"https://fd13-photos.leclercdrive.fr/image.ashx?id=2493136&use=l&cat=p&typeid=i","cat":284462},{"id":204488,"n":"Dentifrice Aquafresh Triple Protection Blancheur - 125ml","p":2.25,"u":"18,00 €/L","img":"https://fd13-photos.leclercdrive.fr/image.ashx?id=2546755&use=l&cat=p&typeid=i","cat":284612},{"id":204700,"n":"BB crème soin 5en1 Garnier Anti-âge teinte medium - 50ml","p":7.8,"u":"156,00 €/L","img":"https://fd13-photos.leclercdrive.fr/image.ashx?id=2494974&use=l&cat=p&typeid=i","cat":325345},{"id":204701,"n":"BB Crème Soin Tout en 1 Garnier Teinte claire - 50ml","p":7.51,"u":"150,20 €/L","img":"https://fd13-photos.leclercdrive.fr/image.ashx?id=2495746&use=l&cat=p&typeid=i","cat":325345},{"id":204702,"n":"BB Crème Soin tout en 1 Garnier Teinte medium - 50ml","p":7.36,"u":"147,20 €/L","img":"https://fd13-photos.leclercdrive.fr/image.ashx?id=2494977&use=l&cat=p&typeid=i","cat":325345},{"id":204717,"n":"Soda Schweppes Saveur Agrumes Zero - 1,5L","p":1.68,"u":"1,12 €/L","img":"https://fd13-photos.leclercdrive.fr/image.ashx?id=2852444&use=l&cat=p&typeid=i","cat":284532},{"id":204718,"n":"Soda Schweppes Saveur Agrumes - 1,5L","p":1.66,"u":"1,11 €/L","img":"https://fd13-photos.leclercdrive.fr/image.ashx?id=2852447&use=l&cat=p&typeid=i","cat":284532},{"id":204719,"n":"Soda Schweppes Indian Tonic - 1,5L","p":1.65,"u":"1,10 €/L","img":"https://fd13-photos.leclercdrive.fr/image.ashx?id=2852456&use=l&cat=p&typeid=i","cat":284531},{"id":204731,"n":"Sachet fraîcheur chat Whiskas  Sélection en sauce - 12x85g","p":5.21,"u":"5,11 €/KG","img":"https://fd13-photos.leclercdrive.fr/image.ashx?id=2495764&use=l&cat=p&typeid=i","cat":285286},{"id":204734,"n":"Boîte chien Pedigree Cuisinés en sauce - 3x800g","p":6.98,"u":"2,91 €/KG","img":"https://fd13-photos.leclercdrive.fr/image.ashx?id=2849731&use=l&cat=p&typeid=i","cat":288578},{"id":204747,"n":"Dentifrice Aquafresh Menthe fraîche - 125ml","p":2.24,"u":"17,92 €/L","img":"https://fd13-photos.leclercdrive.fr/image.ashx?id=2546752&use=l&cat=p&typeid=i","cat":284612},{"id":204748,"n":"Boisson énergisante Red Bull Goût Abricot-Fraise, 250ml","p":1.21,"u":"4,84 €/L","img":"https://fd13-photos.leclercdrive.fr/image.ashx?id=3011995&use=l&cat=p&typeid=i","cat":284533},{"id":204787,"n":"Grands lardons fumé Petitgas - 200g","p":2.86,"u":"14,30 €/KG","img":"https://fd13-photos.leclercdrive.fr/image.ashx?id=2504716&use=l&cat=p&typeid=i","cat":316011},{"id":204788,"n":"Gnocchi à poêler Lustucru 325g","p":1.5,"u":"4,62 €/KG","img":"https://fd13-photos.leclercdrive.fr/image.ashx?id=2975218&use=l&cat=p&typeid=i","cat":333682},{"id":204789,"n":"Gnocchi à poêler Lustucru 520g","p":2.24,"u":"4,31 €/KG","img":"https://fd13-photos.leclercdrive.fr/image.ashx?id=2792423&use=l&cat=p&typeid=i","cat":333682},{"id":204791,"n":"Gnocchi à poêler Lustucru  Format XXL - 720g","p":2.85,"u":"3,96 €/KG","img":"https://fd13-photos.leclercdrive.fr/image.ashx?id=2788556&use=l&cat=p&typeid=i","cat":333682},{"id":204796,"n":"Tortellini Lustucru Jambon cru - 250g","p":2.37,"u":"9,48 €/KG","img":"https://fd13-photos.leclercdrive.fr/image.ashx?id=2974360&use=l&cat=p&typeid=i","cat":333682},{"id":204907,"n":"Saucisses 100% végétal Accro x4 - 200g","p":3.87,"u":"19,35 €/KG","img":"https://fd13-photos.leclercdrive.fr/image.ashx?id=2498434&use=l&cat=p&typeid=i","cat":316036},{"id":204944,"n":"Paëlla de volaille et moules  Eco+ - 1kg","p":3.32,"u":"3,32 €/KG","img":"https://fd13-photos.leclercdrive.fr/image.ashx?id=2781287&use=l&cat=p&typeid=i","cat":325094},{"id":204946,"n":"Café moulu La Brûlerie Sonneurs 100% Arabica - 500g","p":8.34,"u":"16,68 €/KG","img":"https://fd13-photos.leclercdrive.fr/image.ashx?id=2669262&use=l&cat=p&typeid=i","cat":284750},{"id":204952,"n":"Thon Sauce Catalane Petit Navire - 140g","p":1.65,"u":"11,79 €/KG","img":"https://fd13-photos.leclercdrive.fr/image.ashx?id=2989072&use=l&cat=p&typeid=i","cat":303867},{"id":204953,"n":"Foie de Morue MSC Petit Navire Pointe de Sel - 120g","p":2.02,"u":"16,83 €/KG","img":"https://fd13-photos.leclercdrive.fr/image.ashx?id=2829673&use=l&cat=p&typeid=i","cat":305147},{"id":205008,"n":"Compotes Pom'Potes Gourdes  Recette Douceur d’Asie - 12x90g","p":6.0,"u":"5,56 €/KG","img":"https://fd13-photos.leclercdrive.fr/image.ashx?id=2563391&use=l&cat=p&typeid=i","cat":284508},{"id":205009,"n":"Colin d'Alaska & riz D'Aucy Crème de St Jacques 280g","p":3.25,"u":"11,61 €/KG","img":"https://fd13-photos.leclercdrive.fr/image.ashx?id=2498221&use=l&cat=p&typeid=i","cat":284953},{"id":205011,"n":"Lasagnes au saumon d'aucy 300g","p":3.3,"u":"11,00 €/KG","img":"https://fd13-photos.leclercdrive.fr/image.ashx?id=2522539&use=l&cat=p&typeid=i","cat":284953},{"id":205079,"n":"Bière summer IPA Britt 6X25CL","p":5.65,"u":"3,77 €/L","img":"https://fd13-photos.leclercdrive.fr/image.ashx?id=2540745&use=l&cat=p&typeid=i","cat":334872},{"id":205082,"n":"AOC buzet vin rouge BIO L'intact - 75cl","p":6.32,"u":"8,43 €/L","img":"https://fd13-photos.leclercdrive.fr/image.ashx?id=2674722&use=l&cat=p&typeid=i","cat":289556},{"id":205100,"n":"Ruban Crystal  Scotch 7,5mx19mm","p":1.25,"img":"https://fd13-photos.leclercdrive.fr/image.ashx?id=2612589&use=l&cat=p&typeid=i","cat":334133},{"id":205101,"n":"Ruban d'emballage Scotch  20,3mx50","p":3.6,"img":"https://fd13-photos.leclercdrive.fr/image.ashx?id=2498639&use=l&cat=p&typeid=i","cat":334133},{"id":205102,"n":"Ruban Magic Scotch 7,5mx19mm","p":1.45,"img":"https://fd13-photos.leclercdrive.fr/image.ashx?id=2613963&use=l&cat=p&typeid=i","cat":334133},{"id":205103,"n":"Colle extra forte Scotch 30ml","p":1.89,"u":"63,00 €/L","img":"https://fd13-photos.leclercdrive.fr/image.ashx?id=2625232&use=l&cat=p&typeid=i","cat":334133},{"id":205104,"n":"Colle universelle Scotch 30ml","p":1.54,"u":"51,33 €/L","img":"https://fd13-photos.leclercdrive.fr/image.ashx?id=2498720&use=l&cat=p&typeid=i","cat":334133},{"id":205105,"n":"Colle transparente Scotch 30ml","p":1.6,"u":"53,33 €/L","img":"https://fd13-photos.leclercdrive.fr/image.ashx?id=2519882&use=l&cat=p&typeid=i","cat":334133},{"id":205117,"n":"Litière chats Tranquille Cristalite - 4L","p":5.7,"u":"1,43 €/L","img":"https://fd13-photos.leclercdrive.fr/image.ashx?id=2536032&use=l&cat=p&typeid=i","cat":284683},{"id":205171,"n":"Soupe instantanée Royco  Velouté 12 Légumes - 4x200ml","p":1.6,"u":"2,00 €/L","img":"https://fd13-photos.leclercdrive.fr/image.ashx?id=2650997&use=l&cat=p&typeid=i","cat":293527},{"id":205182,"n":"Soupe liquide brique Liebig  Poule Vermicelles - 2x30cl","p":2.89,"u":"4,82 €/KG","img":"https://fd13-photos.leclercdrive.fr/image.ashx?id=2693488&use=l&cat=p&typeid=i","cat":284462},{"id":205233,"n":"Serviettes Always Ultra Long - T2 - x12","p":2.47,"u":"0,21 €/P","img":"https://fd13-photos.leclercdrive.fr/image.ashx?id=2851324&use=l&cat=p&typeid=i","cat":284624},{"id":205235,"n":"Serviettes Always Ultra Secure night -T4 - x9","p":2.5,"u":"0,28 €/P","img":"https://fd13-photos.leclercdrive.fr/image.ashx?id=2851330&use=l&cat=p&typeid=i","cat":284624},{"id":205236,"n":"Protège-slip Always Fresh & Protect - Normal - x30","p":1.81,"u":"0,06 €/P","img":"https://fd13-photos.leclercdrive.fr/image.ashx?id=2949070&use=l&cat=p&typeid=i","cat":284625},{"id":205237,"n":"Sérum anti-âge L'Oréal Paris Revitalift Vitamine C - 30ml","p":13.7,"u":"456,67 €/L","img":"https://fd13-photos.leclercdrive.fr/image.ashx?id=3003351&use=l&cat=p&typeid=i","cat":325345},{"id":205238,"n":"Savon Eco+ Amande douce - 150g","p":0.65,"u":"4,33 €/KG","img":"https://fd13-photos.leclercdrive.fr/image.ashx?id=2499058&use=l&cat=p&typeid=i","cat":284597},{"id":205239,"n":"Nettoyant four Decapfour Confort - 500ml","p":3.75,"u":"7,50 €/L","img":"https://fd13-photos.leclercdrive.fr/image.ashx?id=2499669&use=l&cat=p&typeid=i","cat":325363},{"id":205281,"n":"Huile d'olive vierge extra Terra Delyssa - 75cl","p":9.89,"u":"13,19 €/L","img":"https://fd13-photos.leclercdrive.fr/image.ashx?id=2679356&use=l&cat=p&typeid=i","cat":284453},{"id":205302,"n":"Gel lavant Sanytol Nourrisant Bio - 250ml","p":2.81,"u":"11,24 €/L","img":"https://fd13-photos.leclercdrive.fr/image.ashx?id=2904658&use=l&cat=p&typeid=i","cat":284597},{"id":205304,"n":"Bandes de cire froide Expert Veet Corps Peaux sensibles x40","p":8.8,"u":"0,22 €/P","img":"https://fd13-photos.leclercdrive.fr/image.ashx?id=2964959&use=l&cat=p&typeid=i","cat":325351},{"id":205305,"n":"Bandes de cire froide Expert Veet Visage Peaux sensibles x20","p":5.35,"u":"0,27 €/P","img":"https://fd13-photos.leclercdrive.fr/image.ashx?id=2915440&use=l&cat=p&typeid=i","cat":325351},{"id":205311,"n":"Masque Remède Garnier Cheveux normaux à gras - 340ml","p":6.36,"u":"18,71 €/L","img":"https://fd13-photos.leclercdrive.fr/image.ashx?id=2500171&use=l&cat=p&typeid=i","cat":284608},{"id":205312,"n":"Coloration Permanente Olia 4.0 Châtain cacao","p":10.9,"img":"https://fd13-photos.leclercdrive.fr/image.ashx?id=2518718&use=l&cat=p&typeid=i","cat":288899},{"id":205313,"n":"Coloration Permanente Olia 5.0 Châtain Clair Café","p":12.04,"img":"https://fd13-photos.leclercdrive.fr/image.ashx?id=2521167&use=l&cat=p&typeid=i","cat":288899},{"id":205314,"n":"Coloration Permanente Olia 6.0 Châtain Très Clair","p":11.96,"img":"https://fd13-photos.leclercdrive.fr/image.ashx?id=2521170&use=l&cat=p&typeid=i","cat":288899},{"id":205315,"n":"Coloration Permanente Olia 8.0 Blond miel sans ammoniaque","p":12.23,"u":"12,23 €/TRC","img":"https://fd13-photos.leclercdrive.fr/image.ashx?id=2521173&use=l&cat=p&typeid=i","cat":288899},{"id":205317,"n":"Après-Shampooing Garnier Cheveux normaux à gras - 200ml","p":2.58,"u":"12,90 €/L","img":"https://fd13-photos.leclercdrive.fr/image.ashx?id=2500174&use=l&cat=p&typeid=i","cat":284607},{"id":205318,"n":"Shampoing charbon Ultra Doux Equilibrant - 250ml","p":2.42,"u":"9,68 €/L","img":"https://fd13-photos.leclercdrive.fr/image.ashx?id=2500177&use=l&cat=p&typeid=i","cat":284606},{"id":205319,"n":"Coloration Garnier Good 3.12 Châtain foncé Myrtille","p":12.35,"img":"https://fd13-photos.leclercdrive.fr/image.ashx?id=2521176&use=l&cat=p&typeid=i","cat":288899},{"id":205320,"n":"Masque Assouplissant Garnier Cheveu sec à très sec - 340ml","p":4.99,"u":"14,68 €/L","img":"https://fd13-photos.leclercdrive.fr/image.ashx?id=2500162&use=l&cat=p&typeid=i","cat":284608},{"id":205321,"n":"Masque Merveilleux Garnier Cheveux Secs, Ternes - 340ml","p":5.18,"u":"15,24 €/L","img":"https://fd13-photos.leclercdrive.fr/image.ashx?id=2500165&use=l&cat=p&typeid=i","cat":284608},{"id":205322,"n":"Masque remède Nutrition Garnier Avocat karité - 340ml","p":4.68,"u":"13,76 €/L","img":"https://fd13-photos.leclercdrive.fr/image.ashx?id=2875453&use=l&cat=p&typeid=i","cat":284608},{"id":205327,"n":"Pâte Nocciolata Bio cacao 250g","p":3.47,"u":"13,88 €/KG","img":"https://fd13-photos.leclercdrive.fr/image.ashx?id=2807897&use=l&cat=p&typeid=i","cat":284481},{"id":205344,"n":"Pâte à tartiner Nocciolata  Bio cacao Noisettes - 650g","p":7.62,"u":"11,72 €/KG","img":"https://fd13-photos.leclercdrive.fr/image.ashx?id=2883248&use=l&cat=p&typeid=i","cat":284481},{"id":205351,"n":"Pâte à tartiner Nocciolata  Bio - 650g","p":7.81,"u":"12,02 €/KG","img":"https://fd13-photos.leclercdrive.fr/image.ashx?id=2868194&use=l&cat=p&typeid=i","cat":284481},{"id":205364,"n":"Vin Mousseux Bio Sud Ouest Fraise Framboise Chenet 75cl","p":5.27,"u":"7,03 €/L","img":"https://fd13-photos.leclercdrive.fr/image.ashx?id=2544329&use=l&cat=p&typeid=i","cat":284544},{"id":205365,"n":"Vin Mousseux Bio Sud Ouest Pêche Fashion Chenet 75cl","p":5.2,"u":"6,93 €/L","img":"https://fd13-photos.leclercdrive.fr/image.ashx?id=2689598&use=l&cat=p&typeid=i","cat":284544},{"id":205439,"n":"Sirop sans sucre Teisseire  Fraise - 60cl","p":2.99,"u":"4,98 €/L","img":"https://fd13-photos.leclercdrive.fr/image.ashx?id=2500455&use=l&cat=p&typeid=i","cat":295020},{"id":205459,"n":"Sandwich Wraper's Sodebo  Poulet Bacon - 190g","p":2.73,"u":"14,37 €/KG","img":"https://fd13-photos.leclercdrive.fr/image.ashx?id=2886789&use=l&cat=p&typeid=i","cat":333658},{"id":205520,"n":"Crème glacée La Laitière Rhum Raisins - 490g","p":3.24,"pp":2.27,"u":"4,63 €/KG","img":"https://fd13-photos.leclercdrive.fr/image.ashx?id=2877877&use=l&cat=p&typeid=i","cat":284263},{"id":205522,"n":"Shampoing Réparateur Elsève Pro Bond Repair - 200ml","p":5.05,"u":"25,25 €/L","img":"https://fd13-photos.leclercdrive.fr/image.ashx?id=3008779&use=l&cat=p&typeid=i","cat":284606},{"id":205525,"n":"Démêlant Intense Elsève Pro Bond Repair - 150ml","p":5.7,"u":"38,00 €/L","img":"https://fd13-photos.leclercdrive.fr/image.ashx?id=3008782&use=l&cat=p&typeid=i","cat":284607},{"id":205655,"n":"Couches Pampers Baby Dry Taille 4 - 9 à 15kg - x90","p":38.99,"u":"0,43 €/P","img":"https://fd13-photos.leclercdrive.fr/image.ashx?id=2517049&use=l&cat=p&typeid=i","cat":284737},{"id":205920,"n":"Cracotte Lu Briochée - 240g","p":2.16,"u":"9,00 €/KG","img":"https://fd13-photos.leclercdrive.fr/image.ashx?id=2645408&use=l&cat=p&typeid=i","cat":284479},{"id":205934,"n":"Culottes Pampers Premium P Protection - T4 - x31","p":18.43,"u":"0,59 €/P","img":"https://fd13-photos.leclercdrive.fr/image.ashx?id=2670881&use=l&cat=p&typeid=i","cat":290633},{"id":205938,"n":"Couches Pampers Baby-dry Taille 2 - x58","p":17.0,"u":"0,29 €/P","img":"https://fd13-photos.leclercdrive.fr/image.ashx?id=2655151&use=l&cat=p&typeid=i","cat":284737},{"id":205940,"n":"Couches Pampers Baby-dry T4+ - x40","p":15.89,"u":"0,40 €/P","img":"https://fd13-photos.leclercdrive.fr/image.ashx?id=2655526&use=l&cat=p&typeid=i","cat":284737},{"id":205941,"n":"Couches Pampers Baby-dry T4 - x45","p":17.0,"u":"0,38 €/P","img":"https://fd13-photos.leclercdrive.fr/image.ashx?id=2655157&use=l&cat=p&typeid=i","cat":284737},{"id":205943,"n":"Couches Pampers Baby-dry T6 - x34","p":17.9,"u":"0,53 €/P","img":"https://fd13-photos.leclercdrive.fr/image.ashx?id=2655532&use=l&cat=p&typeid=i","cat":284737},{"id":206033,"n":"Biscuits Mots Doux P'tit Déli Chocolat noisettes - 180g","p":1.89,"u":"10,50 €/KG","img":"https://fd13-photos.leclercdrive.fr/image.ashx?id=2771136&use=l&cat=p&typeid=i","cat":284488},{"id":206040,"n":"Bière Duvel 6.6% - 75cl","p":4.15,"u":"5,53 €/L","img":"https://fd13-photos.leclercdrive.fr/image.ashx?id=2533997&use=l&cat=p&typeid=i","cat":334872},{"id":206050,"n":"Thé glacé Fuze Tea Framboise Menthe  Sans sucres - 1.25L","p":1.55,"u":"1,24 €/L","img":"https://fd13-photos.leclercdrive.fr/image.ashx?id=2997217&use=l&cat=p&typeid=i","cat":295019},{"id":206105,"n":"Gel Nettoyant Visage Nivea Peaux à Imperfections - 150ml","p":4.31,"u":"28,73 €/L","img":"https://fd13-photos.leclercdrive.fr/image.ashx?id=2878243&use=l&cat=p&typeid=i","cat":284603},{"id":206106,"n":"Crème Visage Nuit Nivea Peaux à Imperfections - 40ml","p":8.99,"u":"224,75 €/L","img":"https://fd13-photos.leclercdrive.fr/image.ashx?id=2894999&use=l&cat=p&typeid=i","cat":325345},{"id":206108,"n":"Gommage Visage Nivea Peaux à Imperfections - 150ml","p":4.49,"u":"29,93 €/L","img":"https://fd13-photos.leclercdrive.fr/image.ashx?id=2836121&use=l&cat=p&typeid=i","cat":325346},{"id":206115,"n":"Serviette hygiénique Always Ultra normal - T1 - x16","p":2.42,"u":"0,15 €/P","img":"https://fd13-photos.leclercdrive.fr/image.ashx?id=2867809&use=l&cat=p&typeid=i","cat":284624},{"id":206117,"n":"Gel lavant hydratant Sanytol Aloe Vera & Thé Vert Bio-500ml","p":5.12,"u":"10,24 €/L","img":"https://fd13-photos.leclercdrive.fr/image.ashx?id=2512131&use=l&cat=p&typeid=i","cat":284597},{"id":206120,"n":"Crème dépilatoire Expert Veet Corps Peaux sensibles 200ml","p":5.32,"u":"26,60 €/L","img":"https://fd13-photos.leclercdrive.fr/image.ashx?id=2970804&use=l&cat=p&typeid=i","cat":325351},{"id":206122,"n":"Liquide vaisselle Rainett Concentré - Framboise - 500ml","p":1.82,"u":"3,64 €/L","img":"https://fd13-photos.leclercdrive.fr/image.ashx?id=2508792&use=l&cat=p&typeid=i","cat":284655},{"id":206123,"n":"Liquide vaisselle Paic Bi Activ Vinaigre et Sel minéral - 750ml","p":2.97,"u":"3,96 €/L","img":"https://fd13-photos.leclercdrive.fr/image.ashx?id=2508843&use=l&cat=p&typeid=i","cat":284655},{"id":206125,"n":"Riz parfumé  1kg","p":2.29,"u":"2,29 €/KG","img":"https://fd13-photos.leclercdrive.fr/image.ashx?id=2515521&use=l&cat=p&typeid=i","cat":284428},{"id":206126,"n":"Infusion La Tisanière Nuit calme - x20 - 28g","p":1.85,"u":"66,07 €/KG","img":"https://fd13-photos.leclercdrive.fr/image.ashx?id=2907863&use=l&cat=p&typeid=i","cat":293234},{"id":206130,"n":"Rasoir Gillette Venus Smooth 2 lames - x1","p":7.88,"img":"https://fd13-photos.leclercdrive.fr/image.ashx?id=2595803&use=l&cat=p&typeid=i","cat":325352},{"id":206135,"n":"Infusion La Tisanière Fleur de camomille - x20  - 30g","p":1.85,"u":"61,67 €/KG","img":"https://fd13-photos.leclercdrive.fr/image.ashx?id=2880700&use=l&cat=p&typeid=i","cat":293234},{"id":206139,"n":"Sirop Teisseire Cassis - 60cl","p":3.3,"u":"5,50 €/L","img":"https://fd13-photos.leclercdrive.fr/image.ashx?id=2508588&use=l&cat=p&typeid=i","cat":295020},{"id":206140,"n":"Sirop concentré Teisseire Citron vert - 60cl","p":3.3,"u":"5,50 €/L","img":"https://fd13-photos.leclercdrive.fr/image.ashx?id=2508591&use=l&cat=p&typeid=i","cat":295020},{"id":206142,"n":"Sirop Teisseire  Fraise - 60cl","p":3.3,"u":"5,50 €/L","img":"https://fd13-photos.leclercdrive.fr/image.ashx?id=2771750&use=l&cat=p&typeid=i","cat":295020},{"id":206143,"n":"Sirop Teisseire  Pêche - 60cl","p":3.3,"u":"5,50 €/L","img":"https://fd13-photos.leclercdrive.fr/image.ashx?id=2508597&use=l&cat=p&typeid=i","cat":295020},{"id":206144,"n":"Boisson concentrée Teisseire A diluer grenadine Zéro - 60cl","p":2.72,"u":"4,53 €/L","img":"https://fd13-photos.leclercdrive.fr/image.ashx?id=2508600&use=l&cat=p&typeid=i","cat":295020},{"id":206147,"n":"Boisson concentrée Teisseire Menthe verte sans sucres - 60cl","p":2.6,"u":"4,33 €/L","img":"https://fd13-photos.leclercdrive.fr/image.ashx?id=2508603&use=l&cat=p&typeid=i","cat":295020},{"id":206149,"n":"Boisson concentrée Teisseire Citron sans sucres - 60cl","p":2.95,"u":"4,92 €/L","img":"https://fd13-photos.leclercdrive.fr/image.ashx?id=2508606&use=l&cat=p&typeid=i","cat":295020},{"id":206154,"n":"Saucisson Herta  Fuet - 180g","p":2.8,"u":"15,56 €/KG","img":"https://fd13-photos.leclercdrive.fr/image.ashx?id=2767648&use=l&cat=p&typeid=i","cat":316006},{"id":206163,"n":"Sirop Teisseire  Menthe verte - 60cl","p":2.25,"u":"3,75 €/L","img":"https://fd13-photos.leclercdrive.fr/image.ashx?id=2772726&use=l&cat=p&typeid=i","cat":295020},{"id":206164,"n":"Sirop Teisseire  Grenadine - 60cl","p":2.2,"u":"3,67 €/L","img":"https://fd13-photos.leclercdrive.fr/image.ashx?id=2772729&use=l&cat=p&typeid=i","cat":295020},{"id":206169,"n":"Sirop Tesseire Citron - 60cl","p":2.25,"u":"3,75 €/L","img":"https://fd13-photos.leclercdrive.fr/image.ashx?id=2771747&use=l&cat=p&typeid=i","cat":295020},{"id":206170,"n":"Sirop Teisseire Framboise - 60cl","p":3.36,"u":"5,60 €/L","img":"https://fd13-photos.leclercdrive.fr/image.ashx?id=2509331&use=l&cat=p&typeid=i","cat":295020},{"id":206172,"n":"Biscuits Kinder Tronky fourrés Cacao et au lait  - 90g","p":2.01,"u":"22,33 €/KG","img":"https://fd13-photos.leclercdrive.fr/image.ashx?id=2916462&use=l&cat=p&typeid=i","cat":284488},{"id":206282,"n":"Filet de dinde Douce France Extra tendre - 300g","p":6.95,"u":"23,17 €/KG","img":"https://fd13-photos.leclercdrive.fr/image.ashx?id=2509583&use=l&cat=p&typeid=i","cat":284337},{"id":206297,"n":"Litière chats Tous mes Amis Agglomérante - 10L","p":3.99,"u":"0,40 €/L","img":"https://fd13-photos.leclercdrive.fr/image.ashx?id=2580261&use=l&cat=p&typeid=i","cat":284683},{"id":206300,"n":"Sirop Teisseire  Fruit de la passion - 60cl","p":3.59,"u":"5,98 €/L","img":"https://fd13-photos.leclercdrive.fr/image.ashx?id=2510780&use=l&cat=p&typeid=i","cat":295020},{"id":206312,"n":"Litière chats Tous mes Amis Minérale absorbante - 13L","p":3.5,"u":"0,27 €/L","img":"https://fd13-photos.leclercdrive.fr/image.ashx?id=2517830&use=l&cat=p&typeid=i","cat":284683},{"id":206315,"n":"Boisson énergisante  Monster - Juiced khaotic 50cl","p":1.65,"u":"3,30 €/L","img":"https://fd13-photos.leclercdrive.fr/image.ashx?id=2511047&use=l&cat=p&typeid=i","cat":284533},{"id":206317,"n":"Boisson énergisante zéro sucres Monster Ultra Watermelon 50cl","p":1.48,"u":"2,96 €/L","img":"https://fd13-photos.leclercdrive.fr/image.ashx?id=2511050&use=l&cat=p&typeid=i","cat":284533},{"id":206442,"n":"Sirop Kiwi Teisseire  60cl","p":3.44,"u":"5,73 €/L","img":"https://fd13-photos.leclercdrive.fr/image.ashx?id=2510783&use=l&cat=p&typeid=i","cat":295020},{"id":206443,"n":"Sirop Teisseire  Violette - 60cl","p":3.3,"u":"5,50 €/L","img":"https://fd13-photos.leclercdrive.fr/image.ashx?id=2510786&use=l&cat=p&typeid=i","cat":295020},{"id":206444,"n":"Sirop Teisseire  Ice Tea pêche - 1.3L","p":5.66,"u":"4,35 €/L","img":"https://fd13-photos.leclercdrive.fr/image.ashx?id=2510789&use=l&cat=p&typeid=i","cat":295020},{"id":206445,"n":"Sirop Tropical  Teisseire Zéro sucres - 60cl","p":3.18,"u":"5,30 €/L","img":"https://fd13-photos.leclercdrive.fr/image.ashx?id=2510792&use=l&cat=p&typeid=i","cat":295020},{"id":206446,"n":"Bière d'Abbaye Grimbergen 6,5° - 20x25cl","p":14.95,"u":"2,99 €/L","img":"https://fd13-photos.leclercdrive.fr/image.ashx?id=2510771&use=l&cat=p&typeid=i","cat":334852},{"id":206530,"n":"Mini Génoises Balconi Chocolat & Lait - 300g","p":1.67,"u":"5,57 €/KG","img":"https://fd13-photos.leclercdrive.fr/image.ashx?id=2964057&use=l&cat=p&typeid=i","cat":284495},{"id":206551,"n":"Serviettes hygiéniques Always Ultra Long Taille 2 - x26","p":4.9,"u":"0,19 €/P","img":"https://fd13-photos.leclercdrive.fr/image.ashx?id=2846493&use=l&cat=p&typeid=i","cat":284624},{"id":206553,"n":"Serviettes hygiéniques Always Ultra Jour&Nuit Taille 3 - x22","p":4.28,"u":"0,19 €/P","img":"https://fd13-photos.leclercdrive.fr/image.ashx?id=2849433&use=l&cat=p&typeid=i","cat":284624},{"id":206577,"n":"Crème fluide UHT Président Secret de Crème - 3x20cl","p":3.74,"u":"6,23 €/L","img":"https://fd13-photos.leclercdrive.fr/image.ashx?id=2678999&use=l&cat=p&typeid=i","cat":284381},{"id":206582,"n":"Liquide vaiselle Paic Bi Activ Vinaigre et citron - 750ml","p":3.01,"u":"4,01 €/L","img":"https://fd13-photos.leclercdrive.fr/image.ashx?id=2966797&use=l&cat=p&typeid=i","cat":284655},{"id":206583,"n":"Liquide vaiselle Paic Bi Activ Vinaigre et menthol - 750ml","p":3.3,"u":"4,40 €/L","img":"https://fd13-photos.leclercdrive.fr/image.ashx?id=2512075&use=l&cat=p&typeid=i","cat":284655},{"id":206598,"n":"Couches Pampers Baby-Dry Taille 3 - 6 à 10kg - x112","p":36.9,"u":"0,33 €/P","img":"https://fd13-photos.leclercdrive.fr/image.ashx?id=2677561&use=l&cat=p&typeid=i","cat":284737},{"id":206606,"n":"Bâtonnets Trium Vanille chocolat blanc x4 314g","p":3.28,"u":"10,45 €/KG","img":"https://fd13-photos.leclercdrive.fr/image.ashx?id=2791392&use=l&cat=p&typeid=i","cat":284265},{"id":206613,"n":"Thé glacé Oasis Ice Tea Saveur Framboise Cassis - 1,5L","p":1.85,"u":"1,23 €/L","img":"https://fd13-photos.leclercdrive.fr/image.ashx?id=2681730&use=l&cat=p&typeid=i","cat":295019},{"id":206614,"n":"Thé glacé Oasis Ice Tea Saveur Pêche - 6x33cl","p":3.0,"u":"1,52 €/L","img":"https://fd13-photos.leclercdrive.fr/image.ashx?id=2873865&use=l&cat=p&typeid=i","cat":295019},{"id":206615,"n":"Boisson aux fruits Oasis Tropical sans sucres - 1,5L","p":2.03,"u":"1,35 €/L","img":"https://fd13-photos.leclercdrive.fr/image.ashx?id=2681739&use=l&cat=p&typeid=i","cat":295018},{"id":206617,"n":"Lessive liquide Arbre Vert Recharge x34 - 1.53L","p":6.12,"u":"4,00 €/L","img":"https://fd13-photos.leclercdrive.fr/image.ashx?id=2680209&use=l&cat=p&typeid=i","cat":284640},{"id":206651,"n":"Mélange fruits exotiques DDV Sirop léger - 340g","p":1.99,"u":"5,85 €/KG","img":"https://fd13-photos.leclercdrive.fr/image.ashx?id=2512511&use=l&cat=p&typeid=i","cat":284507},{"id":206661,"n":"Pré shampooing Elsève  Pro Bond Repair - 200ml","p":8.64,"u":"43,20 €/L","img":"https://fd13-photos.leclercdrive.fr/image.ashx?id=2870680&use=l&cat=p&typeid=i","cat":284606},{"id":206721,"n":"Sundae Ben & Jerry's Dulce de-delish - 342g","p":4.95,"u":"14,14 €/KG","img":"https://fd13-photos.leclercdrive.fr/image.ashx?id=2805654&use=l&cat=p&typeid=i","cat":284725},{"id":206725,"n":"Bâtonnet Magnum Double Sunlover x4 - 300g","p":4.01,"u":"13,37 €/KG","img":"https://fd13-photos.leclercdrive.fr/image.ashx?id=2886397&use=l&cat=p&typeid=i","cat":284265},{"id":206726,"n":"Glace Bâtonnet MAGNUM Double Caramel 4x85ml","p":2.99,"u":"10,53 €/KG","img":"https://fd13-photos.leclercdrive.fr/image.ashx?id=2770626&use=l&cat=p&typeid=i","cat":284265},{"id":206727,"n":"Bâtonnet Magnum Double Chocolat x4 - 284g","p":2.99,"u":"10,53 €/KG","img":"https://fd13-photos.leclercdrive.fr/image.ashx?id=3009284&use=l&cat=p&typeid=i","cat":284265},{"id":206804,"n":"Fromage apéritif Apéricube Jambon 15 cubes","p":1.93,"u":"24,74 €/KG","img":"https://fd13-photos.leclercdrive.fr/image.ashx?id=2882659&use=l&cat=p&typeid=i","cat":314027},{"id":206893,"n":"Tranches de chèvre Soignon  150g","p":2.69,"u":"17,93 €/KG","img":"https://fd13-photos.leclercdrive.fr/image.ashx?id=2762229&use=l&cat=p&typeid=i","cat":314028},{"id":206921,"n":"Lessive en poudre L'Arbre Vert 1.8kg","p":7.95,"u":"4,42 €/KG","img":"https://fd13-photos.leclercdrive.fr/image.ashx?id=2794445&use=l&cat=p&typeid=i","cat":284642},{"id":206922,"n":"Soupe liquide brique Liebig  Façon napolitaine - 2x30cl","p":2.74,"u":"4,57 €/L","img":"https://fd13-photos.leclercdrive.fr/image.ashx?id=2517887&use=l&cat=p&typeid=i","cat":284462},{"id":206934,"n":"Soupe liquide Bio Liebig  Velouté de Potiron - 2x30cl","p":2.79,"u":"4,65 €/L","img":"https://fd13-photos.leclercdrive.fr/image.ashx?id=2643704&use=l&cat=p&typeid=i","cat":284462},{"id":206935,"n":"Thon entier Eco+ 140g","p":1.34,"u":"9,57 €/KG","img":"https://fd13-photos.leclercdrive.fr/image.ashx?id=2744440&use=l&cat=p&typeid=i","cat":303867},{"id":206943,"n":"Limonade Lorina Cristal zero 1.25L","p":2.33,"u":"1,86 €/L","img":"https://fd13-photos.leclercdrive.fr/image.ashx?id=2853221&use=l&cat=p&typeid=i","cat":284531},{"id":206944,"n":"Bière blanche Jenlain 4.5° - 75cl","p":3.85,"u":"5,13 €/L","img":"https://fd13-photos.leclercdrive.fr/image.ashx?id=2732860&use=l&cat=p&typeid=i","cat":334878},{"id":206950,"n":"Gaufrettes P'tit Déli Fourrés - 128g","p":1.59,"u":"12,42 €/KG","img":"https://fd13-photos.leclercdrive.fr/image.ashx?id=2842522&use=l&cat=p&typeid=i","cat":284488},{"id":206953,"n":"Tortilla chips chili Eco+ 300g","p":1.14,"u":"3,80 €/KG","img":"https://fd13-photos.leclercdrive.fr/image.ashx?id=2839818&use=l&cat=p&typeid=i","cat":287899},{"id":206963,"n":"Morceaux et coeurs de palmier  250g","p":2.71,"u":"10,84 €/KG","img":"https://fd13-photos.leclercdrive.fr/image.ashx?id=2670365&use=l&cat=p&typeid=i","cat":312611},{"id":206981,"n":"Rôti de poulet Fleury Michon 100% filet CSN x4 - 150g","p":2.2,"u":"14,67 €/KG","img":"https://fd13-photos.leclercdrive.fr/image.ashx?id=2892670&use=l&cat=p&typeid=i","cat":316010},{"id":206985,"n":"Haché de jambon Fleury Michon À poêler x2 - 190g","p":1.71,"u":"9,00 €/KG","img":"https://fd13-photos.leclercdrive.fr/image.ashx?id=2518649&use=l&cat=p&typeid=i","cat":316009},{"id":206987,"n":"Haché jambon fromage  Fleury Michon x2 - 180g","p":2.17,"u":"12,06 €/KG","img":"https://fd13-photos.leclercdrive.fr/image.ashx?id=2522164&use=l&cat=p&typeid=i","cat":316009},{"id":206990,"n":"Haché de poulet Fleury Michon À poêler x2 - 160g","p":1.72,"u":"10,75 €/KG","img":"https://fd13-photos.leclercdrive.fr/image.ashx?id=2524709&use=l&cat=p&typeid=i","cat":316010},{"id":206994,"n":"Allumettes de poulet  Fleury Michon x2 - 150g","p":1.65,"u":"11,00 €/KG","img":"https://fd13-photos.leclercdrive.fr/image.ashx?id=2659647&use=l&cat=p&typeid=i","cat":316011},{"id":206995,"n":"Cocktail prêt à boire Tails Rhum Daiquiri 14,9° - 50cl","p":14.7,"u":"29,40 €/L","img":"https://fd13-photos.leclercdrive.fr/image.ashx?id=2859860&use=l&cat=p&typeid=i","cat":284551},{"id":206996,"n":"Cocktail prêt à boire Tails Cosmo framboise 14,9° - 50cl","p":14.95,"u":"29,90 €/L","img":"https://fd13-photos.leclercdrive.fr/image.ashx?id=2858279&use=l&cat=p&typeid=i","cat":284551},{"id":206997,"n":"Couscous à la marocaine légumes Fleury Michon - 450g","p":3.27,"u":"7,27 €/KG","img":"https://fd13-photos.leclercdrive.fr/image.ashx?id=2656724&use=l&cat=p&typeid=i","cat":333665},{"id":207010,"n":"Aiguillettes de poulet rôti Fleury Michon - CSN - 150g","p":2.28,"u":"15,20 €/KG","img":"https://fd13-photos.leclercdrive.fr/image.ashx?id=2642555&use=l&cat=p&typeid=i","cat":316011},{"id":207017,"n":"Monster Top Speed Zero 50CL","p":1.56,"u":"3,12 €/L","img":"https://fd13-photos.leclercdrive.fr/image.ashx?id=2861174&use=l&cat=p&typeid=i","cat":284533},{"id":207018,"n":"Infusion La Tisanière Nuit calme - 30g","p":1.85,"u":"61,67 €/KG","img":"https://fd13-photos.leclercdrive.fr/image.ashx?id=2907866&use=l&cat=p&typeid=i","cat":293234},{"id":207019,"n":"Monster Aussie Lemonade Boite - 50cl","p":1.69,"u":"3,38 €/L","img":"https://fd13-photos.leclercdrive.fr/image.ashx?id=2519552&use=l&cat=p&typeid=i","cat":284533},{"id":207026,"n":"Infusion detox La Tisanière x20 - 30g","p":2.93,"u":"97,67 €/KG","img":"https://fd13-photos.leclercdrive.fr/image.ashx?id=2907869&use=l&cat=p&typeid=i","cat":293234},{"id":207029,"n":"Infusion La Tisanière Drainage pamplemousse - x20 30g","p":2.98,"u":"99,33 €/KG","img":"https://fd13-photos.leclercdrive.fr/image.ashx?id=2907872&use=l&cat=p&typeid=i","cat":293234},{"id":207033,"n":"Demi-poires Rochefontaine au sirop léger - 480g","p":2.9,"u":"6,04 €/KG","img":"https://fd13-photos.leclercdrive.fr/image.ashx?id=2639543&use=l&cat=p&typeid=i","cat":284507},{"id":207037,"n":"Demi-poires Rochefontaine au sirop léger - 230g","p":1.9,"u":"8,26 €/KG","img":"https://fd13-photos.leclercdrive.fr/image.ashx?id=2639540&use=l&cat=p&typeid=i","cat":284507},{"id":207045,"n":"Goûter frais Nesquik snack Chocolat au lait - 4x104g","p":1.49,"u":"14,33 €/KG","img":"https://fd13-photos.leclercdrive.fr/image.ashx?id=2661507&use=l&cat=p&typeid=i","cat":284420},{"id":207074,"n":"Vaisselle mains L'Arbre Vert Peaux sensibles - 500ml","p":1.62,"u":"3,24 €/L","img":"https://fd13-photos.leclercdrive.fr/image.ashx?id=2845428&use=l&cat=p&typeid=i","cat":284655},{"id":207075,"n":"Vaisselle Main L'Arbre Vert Amande - 500ml","p":1.55,"u":"3,10 €/L","img":"https://fd13-photos.leclercdrive.fr/image.ashx?id=2845431&use=l&cat=p&typeid=i","cat":284655},{"id":207078,"n":"Nectar orange  Cidou Bio - 1L","p":2.1,"u":"2,10 €/L","img":"https://fd13-photos.leclercdrive.fr/image.ashx?id=2520237&use=l&cat=p&typeid=i","cat":284521},{"id":207101,"n":"Boîte Cotons tiges Feel Natural Blanc - Bambou - x200","p":0.91,"pp":0.55,"img":"https://fd13-photos.leclercdrive.fr/image.ashx?id=2544888&use=l&cat=p&typeid=i","cat":284636},{"id":207137,"n":"Assouplissant Minidou Vent de fraîcheur - 1L - x50","p":4.55,"u":"4,55 €/L","img":"https://fd13-photos.leclercdrive.fr/image.ashx?id=2795887&use=l&cat=p&typeid=i","cat":284650},{"id":207139,"n":"Serviettes hygiéniques Always  Ultra - Secure night - x18","p":4.62,"u":"0,26 €/P","img":"https://fd13-photos.leclercdrive.fr/image.ashx?id=2849436&use=l&cat=p&typeid=i","cat":284624},{"id":207140,"n":"Serviettes hygiéniques Always Ultra - Secure night extra- x16","p":4.0,"u":"0,25 €/P","img":"https://fd13-photos.leclercdrive.fr/image.ashx?id=3000878&use=l&cat=p&typeid=i","cat":284624},{"id":207141,"n":"Préservatifs Durex Nude Extra Fins Peau contre Peau x10","p":7.89,"u":"0,79 €/P","img":"https://fd13-photos.leclercdrive.fr/image.ashx?id=2962017&use=l&cat=p&typeid=i","cat":284631},{"id":207142,"n":"Gel Lubrifiant Intime Durex Sensitive base Eau 100ml","p":8.08,"u":"80,80 €/L","img":"https://fd13-photos.leclercdrive.fr/image.ashx?id=2961203&use=l&cat=p&typeid=i","cat":285160},{"id":207149,"n":"Miettes de thon Petit Navire Sauce tomate - 140g","p":1.91,"u":"13,64 €/KG","img":"https://fd13-photos.leclercdrive.fr/image.ashx?id=2881284&use=l&cat=p&typeid=i","cat":303867},{"id":207154,"n":"Thon naturel Petit Navire 112g","p":2.29,"u":"20,45 €/KG","img":"https://fd13-photos.leclercdrive.fr/image.ashx?id=3003092&use=l&cat=p&typeid=i","cat":303867},{"id":207155,"n":"Cocktail prêt à boire Tails Fruit de la passion 14,9° -50cl","p":14.95,"u":"29,90 €/L","img":"https://fd13-photos.leclercdrive.fr/image.ashx?id=2858273&use=l&cat=p&typeid=i","cat":284551},{"id":207156,"n":"Demi-abricots Rochefontaine au sirop - 820g","p":3.29,"u":"4,01 €/KG","img":"https://fd13-photos.leclercdrive.fr/image.ashx?id=2617891&use=l&cat=p&typeid=i","cat":284507},{"id":207160,"n":"Olives farcies Menguy's Poivrons rouges -","p":2.99,"u":"19,93 €/KG","img":"https://fd13-photos.leclercdrive.fr/image.ashx?id=2733529&use=l&cat=p&typeid=i","cat":284450},{"id":207172,"n":"Nouilles de riz précuites Tanoshi saveur pho poulet -380g","p":3.18,"u":"8,37 €/KG","img":"https://fd13-photos.leclercdrive.fr/image.ashx?id=2999991&use=l&cat=p&typeid=i","cat":288992},{"id":207173,"n":"Sauce nems Tanoshi 150ml","p":2.13,"u":"14,20 €/L","img":"https://fd13-photos.leclercdrive.fr/image.ashx?id=2921615&use=l&cat=p&typeid=i","cat":288992},{"id":207199,"n":"Recharge lessive liquide  Rainett Savon de Marseille 1.6L","p":6.42,"u":"4,01 €/L","img":"https://fd13-photos.leclercdrive.fr/image.ashx?id=2842129&use=l&cat=p&typeid=i","cat":284640},{"id":207210,"n":"Fromage à tartiner Kiri Délicieusement fouetté - 125g","p":2.23,"u":"17,84 €/KG","img":"https://fd13-photos.leclercdrive.fr/image.ashx?id=2686591&use=l&cat=p&typeid=i","cat":314029},{"id":207226,"n":"Bâtonnet Magnum Mini Double Caramel x6 - 282g","p":4.2,"u":"14,89 €/KG","img":"https://fd13-photos.leclercdrive.fr/image.ashx?id=2805648&use=l&cat=p&typeid=i","cat":284265},{"id":207248,"n":"Infusion La Tisanière Nuit calme - x20 - 30g","p":2.28,"u":"76,00 €/KG","img":"https://fd13-photos.leclercdrive.fr/image.ashx?id=2816835&use=l&cat=p&typeid=i","cat":293234},{"id":207262,"n":"Capsules Nescafé Dolce Gusto  Grande - x16","p":5.0,"u":"36,76 €/KG","img":"https://fd13-photos.leclercdrive.fr/image.ashx?id=2964153&use=l&cat=p&typeid=i","cat":293239},{"id":207271,"n":"Tablette de chocolat Lindt Lait noisette - 190g","p":3.22,"u":"16,95 €/KG","img":"https://fd13-photos.leclercdrive.fr/image.ashx?id=2522674&use=l&cat=p&typeid=i","cat":284497},{"id":207351,"n":"Coquilles St-Jacques Maréval x4 - 440g","p":16.2,"pp":10.69,"u":"24,30 €/KG","img":"https://fd13-photos.leclercdrive.fr/image.ashx?id=2526130&use=l&cat=p&typeid=i","cat":319775},{"id":207377,"n":"Frites Pom Bistro au Romarin - 500g","p":3.85,"u":"7,70 €/KG","img":"https://fd13-photos.leclercdrive.fr/image.ashx?id=2866439&use=l&cat=p&typeid=i","cat":319791},{"id":207388,"n":"Cornichon Français  Hugo Aigre-doux - 360g","p":3.73,"u":"10,36 €/KG","img":"https://fd13-photos.leclercdrive.fr/image.ashx?id=2524377&use=l&cat=p&typeid=i","cat":284458},{"id":207389,"n":"Cornichon Français Vinaigre 210g","p":4.38,"u":"20,86 €/KG","img":"https://fd13-photos.leclercdrive.fr/image.ashx?id=2899033&use=l&cat=p&typeid=i","cat":284458},{"id":207390,"n":"Cornichon Français Hugo Aigre-doux - 210g","p":2.89,"u":"13,76 €/KG","img":"https://fd13-photos.leclercdrive.fr/image.ashx?id=2969103&use=l&cat=p&typeid=i","cat":284458},{"id":207392,"n":"Cornichon Français Hugo Vinaigre - 360g","p":6.23,"u":"17,31 €/KG","img":"https://fd13-photos.leclercdrive.fr/image.ashx?id=2524380&use=l&cat=p&typeid=i","cat":284458},{"id":207393,"n":"Rondelles de cornichon Français Aigre-doux - 42,5cl","p":2.7,"u":"6,35 €/L","img":"https://fd13-photos.leclercdrive.fr/image.ashx?id=2524383&use=l&cat=p&typeid=i","cat":284458},{"id":207396,"n":"Galettes moelleuses St Michel Marbrée Chocolat - 180g","p":2.04,"u":"11,33 €/KG","img":"https://fd13-photos.leclercdrive.fr/image.ashx?id=2936263&use=l&cat=p&typeid=i","cat":284487},{"id":207401,"n":"Adoucissant Soupline  Éclat de Fraîcheur - 28p","p":6.94,"u":"0,25 €/P","img":"https://fd13-photos.leclercdrive.fr/image.ashx?id=2583509&use=l&cat=p&typeid=i","cat":284650},{"id":207402,"n":"Adoucissant Soupline  Hypoallergénique - 28p","p":7.69,"u":"0,27 €/P","img":"https://fd13-photos.leclercdrive.fr/image.ashx?id=2818827&use=l&cat=p&typeid=i","cat":284650},{"id":207403,"n":"Adoucissant Soupline Lavande - x28 tablettes","p":7.66,"u":"0,27 €/P","img":"https://fd13-photos.leclercdrive.fr/image.ashx?id=2583515&use=l&cat=p&typeid=i","cat":284650},{"id":207438,"n":"Complément alimentaire Juvamine Passiflore 30 comprimés","p":4.99,"u":"0,17 €/P","img":"https://fd13-photos.leclercdrive.fr/image.ashx?id=2744719&use=l&cat=p&typeid=i","cat":313217},{"id":207450,"n":"Capsules Nescafé Dolce Gusto  Grande Intenso - x16","p":4.53,"u":"34,32 €/KG","img":"https://fd13-photos.leclercdrive.fr/image.ashx?id=2525962&use=l&cat=p&typeid=i","cat":293239},{"id":207455,"n":"Dosettes café Senseo Caramel x32","p":6.15,"u":"27,70 €/KG","img":"https://fd13-photos.leclercdrive.fr/image.ashx?id=2525977&use=l&cat=p&typeid=i","cat":293238},{"id":207460,"n":"Crème glacée La Laitière Vanille bourbon - 490g","p":3.24,"pp":2.27,"u":"4,63 €/KG","img":"https://fd13-photos.leclercdrive.fr/image.ashx?id=3000009&use=l&cat=p&typeid=i","cat":284263},{"id":207467,"n":"Moutarde Forte Amora 430g","p":1.47,"u":"3,42 €/KG","img":"https://fd13-photos.leclercdrive.fr/image.ashx?id=2526079&use=l&cat=p&typeid=i","cat":288850},{"id":207469,"n":"Moutarde Forte Amora 185g","p":1.47,"u":"7,95 €/KG","img":"https://fd13-photos.leclercdrive.fr/image.ashx?id=2526082&use=l&cat=p&typeid=i","cat":288850},{"id":207471,"n":"Moutarde Mi-forte Amora 415g","p":1.53,"u":"3,69 €/KG","img":"https://fd13-photos.leclercdrive.fr/image.ashx?id=2993176&use=l&cat=p&typeid=i","cat":288850},{"id":207476,"n":"Moutarde de Dijon Fine MAILLE L'Original Bocal - 360g","p":1.49,"u":"4,14 €/KG","img":"https://fd13-photos.leclercdrive.fr/image.ashx?id=2945841&use=l&cat=p&typeid=i","cat":288850},{"id":207478,"n":"Moutarde à l'Ancienne MAILLE Bocal - 360g","p":2.52,"u":"7,00 €/KG","img":"https://fd13-photos.leclercdrive.fr/image.ashx?id=2664307&use=l&cat=p&typeid=i","cat":288850},{"id":207480,"n":"Crème glacée La Laitière Caramel Beurre salé - 490g","p":3.24,"pp":2.27,"u":"4,63 €/KG","img":"https://fd13-photos.leclercdrive.fr/image.ashx?id=2877883&use=l&cat=p&typeid=i","cat":284263},{"id":207481,"n":"Bâtonnets de glace Nuii Chocolat et noisettes - 272g","p":4.29,"u":"15,77 €/KG","img":"https://fd13-photos.leclercdrive.fr/image.ashx?id=2525546&use=l&cat=p&typeid=i","cat":284265},{"id":207489,"n":"Pizza Feu de bois Turini Saisonnière - 450g","p":3.99,"u":"8,87 €/KG","img":"https://fd13-photos.leclercdrive.fr/image.ashx?id=2816618&use=l&cat=p&typeid=i","cat":284256},{"id":207492,"n":"Crème glacée La Laitière Vanille pécan - 490g","p":3.24,"pp":2.27,"u":"4,63 €/KG","img":"https://fd13-photos.leclercdrive.fr/image.ashx?id=3000015&use=l&cat=p&typeid=i","cat":284263},{"id":207498,"n":"Marsala Radicati  Aux amandes 15% 75cl","p":4.84,"u":"6,45 €/L","img":"https://fd13-photos.leclercdrive.fr/image.ashx?id=2524224&use=l&cat=p&typeid=i","cat":304569},{"id":207529,"n":"Recharge lessive L'Arbre Vert Peaux sensibles - x34 - 1.53L","p":6.5,"u":"4,25 €/L","img":"https://fd13-photos.leclercdrive.fr/image.ashx?id=2680212&use=l&cat=p&typeid=i","cat":284640},{"id":207530,"n":"Vaisselle mains L'Arbre Vert Peaux sensibles - 750ml","p":1.81,"u":"2,41 €/L","img":"https://fd13-photos.leclercdrive.fr/image.ashx?id=2850575&use=l&cat=p&typeid=i","cat":284655},{"id":207531,"n":"Serviettes hygiéniques Always Ultra - Normal - x30","p":4.59,"img":"https://fd13-photos.leclercdrive.fr/image.ashx?id=2846496&use=l&cat=p&typeid=i","cat":284624},{"id":207533,"n":"Préservatifs Durex Feeling  Extra Fins Extra Lubrifiés x12","p":6.7,"img":"https://fd13-photos.leclercdrive.fr/image.ashx?id=2962014&use=l&cat=p&typeid=i","cat":284631},{"id":207535,"n":"Préservatifs Durex Classic Jeans Confort et Confiance  x12","p":5.64,"img":"https://fd13-photos.leclercdrive.fr/image.ashx?id=2730475&use=l&cat=p&typeid=i","cat":284631},{"id":207536,"n":"Préservatifs Durex Nude Sans Latex Extra Lubrifié x10","p":8.6,"img":"https://fd13-photos.leclercdrive.fr/image.ashx?id=2730478&use=l&cat=p&typeid=i","cat":284631},{"id":207540,"n":"Croûtons Tipiak Ail - 75g","p":1.51,"u":"20,13 €/KG","img":"https://fd13-photos.leclercdrive.fr/image.ashx?id=2684461&use=l&cat=p&typeid=i","cat":284464},{"id":207545,"n":"Bandes de cire froide Aiselles Veet Expert Peaux sensibles x16","p":5.61,"u":"0,35 €/P","img":"https://fd13-photos.leclercdrive.fr/image.ashx?id=2970801&use=l&cat=p&typeid=i","cat":325351},{"id":207549,"n":"Shampoing purifiant Ultra Doux Force et Brillance - 300ml","p":2.66,"u":"8,87 €/L","img":"https://fd13-photos.leclercdrive.fr/image.ashx?id=2878072&use=l&cat=p&typeid=i","cat":284606},{"id":207551,"n":"Dentifrice Naturals Aquafresh Blancheur charbon - 75ml","p":1.87,"u":"24,93 €/L","img":"https://fd13-photos.leclercdrive.fr/image.ashx?id=2527079&use=l&cat=p&typeid=i","cat":284612},{"id":207553,"n":"Dentifrice Sensodyne  Junior - 6-12 ans - 50ml","p":3.87,"u":"77,40 €/L","img":"https://fd13-photos.leclercdrive.fr/image.ashx?id=2968920&use=l&cat=p&typeid=i","cat":288898},{"id":207555,"n":"Serviettes hygiéniques Always Ultra - Normal - x34","p":4.43,"u":"0,13 €/P","img":"https://fd13-photos.leclercdrive.fr/image.ashx?id=2866118&use=l&cat=p&typeid=i","cat":284624},{"id":207557,"n":"Préservatifs Durex Feeling  Extra Lubrifié Extra Fins x20","p":10.64,"u":"0,53 €/P","img":"https://fd13-photos.leclercdrive.fr/image.ashx?id=2964965&use=l&cat=p&typeid=i","cat":284631},{"id":207559,"n":"Préservatifs Durex Pleasure me Perlés et Nervurés x12","p":7.6,"u":"0,63 €/P","img":"https://fd13-photos.leclercdrive.fr/image.ashx?id=2730466&use=l&cat=p&typeid=i","cat":284631},{"id":207561,"n":"Recharge Savon Mains Dettol Miel et Beurre de Karité 250ml","p":3.49,"u":"13,96 €/L","img":"https://fd13-photos.leclercdrive.fr/image.ashx?id=2971751&use=l&cat=p&typeid=i","cat":284597},{"id":207573,"n":"Eau de source Ste Alix De Bretagne - 6x1.5L","p":2.13,"u":"0,24 €/L","img":"https://fd13-photos.leclercdrive.fr/image.ashx?id=2526800&use=l&cat=p&typeid=i","cat":284535},{"id":207601,"n":"Nettoyants Inserts Décapfeu Bbq - Aérosol - 500ml","p":5.12,"u":"10,24 €/L","img":"https://fd13-photos.leclercdrive.fr/image.ashx?id=2776543&use=l&cat=p&typeid=i","cat":325357},{"id":207604,"n":"Bandes de cire froide Maillot Veet Expert Peaux sensibles x16","p":5.79,"u":"0,36 €/P","img":"https://fd13-photos.leclercdrive.fr/image.ashx?id=2970798&use=l&cat=p&typeid=i","cat":325351},{"id":207606,"n":"Stick lèvres Le Petit Olivier Argan - 4g","p":2.17,"u":"542,50 €/KG","img":"https://fd13-photos.leclercdrive.fr/image.ashx?id=2527979&use=l&cat=p&typeid=i","cat":285485},{"id":207608,"n":"Déodorant Spray 48h Men Expert Anti-traces - 150ml","p":2.95,"u":"19,67 €/L","img":"https://fd13-photos.leclercdrive.fr/image.ashx?id=2867545&use=l&cat=p&typeid=i","cat":284618},{"id":207609,"n":"Masque reconstituant Ultra doux Cheveu fragile cassant - 340ml","p":4.68,"u":"13,76 €/L","img":"https://fd13-photos.leclercdrive.fr/image.ashx?id=2646924&use=l&cat=p&typeid=i","cat":284608},{"id":207615,"n":"Lessive capsule L'Arbre Vert Savon végétal - x24","p":8.43,"u":"13,32 €/KG","img":"https://fd13-photos.leclercdrive.fr/image.ashx?id=2742126&use=l&cat=p&typeid=i","cat":284641},{"id":207627,"n":"ST MARC Pistolet Antibactérien - 750ml","p":2.01,"u":"2,68 €/L","img":"https://fd13-photos.leclercdrive.fr/image.ashx?id=2528054&use=l&cat=p&typeid=i","cat":325357},{"id":207637,"n":"Calculatrice Fx-92 Casio Collège - Classwiz - x1","p":25.35,"u":"Dont 0,05 € d'éco-part.","img":"https://fd13-photos.leclercdrive.fr/image.ashx?id=2544915&use=l&cat=p&typeid=i","cat":334133},{"id":207809,"n":"Feutres de coloriage Maped Jungle multicoloris - x12","p":1.76,"img":"https://fd13-photos.leclercdrive.fr/image.ashx?id=2527838&use=l&cat=p&typeid=i","cat":284696},{"id":207810,"n":"Crayons graphites Maped Orange et noir - Bout gomme -x6","p":1.46,"img":"https://fd13-photos.leclercdrive.fr/image.ashx?id=2539764&use=l&cat=p&typeid=i","cat":284696},{"id":207812,"n":"Ciseaux asymétriques Maped Rose/violet - Sensoft - 13cm","p":2.85,"img":"https://fd13-photos.leclercdrive.fr/image.ashx?id=2541690&use=l&cat=p&typeid=i","cat":334133},{"id":207813,"n":"Ciseaux asymétriques Maped Bleu - Sensoft - 13cm","p":2.85,"img":"https://fd13-photos.leclercdrive.fr/image.ashx?id=2541693&use=l&cat=p&typeid=i","cat":334133},{"id":207814,"n":"Ciseaux asymétriques Maped Bleu/vert - Sensoft - 13cm","p":2.85,"img":"https://fd13-photos.leclercdrive.fr/image.ashx?id=2541696&use=l&cat=p&typeid=i","cat":334133},{"id":207815,"n":"Ciseaux Maped Smiling Plane  Marron/vert - Vivo - 12cm","p":1.55,"img":"https://fd13-photos.leclercdrive.fr/image.ashx?id=2527802&use=l&cat=p&typeid=i","cat":334133},{"id":207818,"n":"Crayons Colorpeps Maped Infinity - x18","p":4.04,"img":"https://fd13-photos.leclercdrive.fr/image.ashx?id=2527844&use=l&cat=p&typeid=i","cat":284696},{"id":207825,"n":"Surligneurs Maped Flex Pastel - x4","p":3.13,"img":"https://fd13-photos.leclercdrive.fr/image.ashx?id=2527817&use=l&cat=p&typeid=i","cat":284696},{"id":207828,"n":"Marqueur Maped  Peinture effaçable blanche -x1","p":2.04,"img":"https://fd13-photos.leclercdrive.fr/image.ashx?id=2527826&use=l&cat=p&typeid=i","cat":284696},{"id":207829,"n":"Porte-mine automatique Maped 0,5mmx3","p":2.68,"img":"https://fd13-photos.leclercdrive.fr/image.ashx?id=2527808&use=l&cat=p&typeid=i","cat":284696},{"id":207835,"n":"Surligneur Maped Flex - x4","p":4.15,"img":"https://fd13-photos.leclercdrive.fr/image.ashx?id=2527814&use=l&cat=p&typeid=i","cat":284696},{"id":207837,"n":"Taille crayon shaker Maped Pingouin - 1 trou - Réserve","p":1.29,"img":"https://fd13-photos.leclercdrive.fr/image.ashx?id=2541699&use=l&cat=p&typeid=i","cat":334133},{"id":207838,"n":"Taille crayon shaker Maped Panda - 1 trou - Réserve","p":1.29,"img":"https://fd13-photos.leclercdrive.fr/image.ashx?id=2541702&use=l&cat=p&typeid=i","cat":334133},{"id":207840,"n":"Stylos bille Papermate InkJoy  Bleu - x8","p":2.5,"u":"0,31 €/P","img":"https://fd13-photos.leclercdrive.fr/image.ashx?id=2605638&use=l&cat=p&typeid=i","cat":284696},{"id":207846,"n":"Cahiers Blush clairefontaine  17x22cm - 96 pages - Seyes - x5","p":3.3,"img":"https://fd13-photos.leclercdrive.fr/image.ashx?id=2527493&use=l&cat=p&typeid=i","cat":284697},{"id":207859,"n":"Boîte classement Exacompta Violet - 24x32cm - Dos 25mm","p":2.61,"img":"https://fd13-photos.leclercdrive.fr/image.ashx?id=2541784&use=l&cat=p&typeid=i","cat":284745},{"id":207860,"n":"Boîte classement Exacompta Noir - 24x32cm - Dos 25mm","p":2.61,"img":"https://fd13-photos.leclercdrive.fr/image.ashx?id=2541787&use=l&cat=p&typeid=i","cat":284745},{"id":207877,"n":"Cahier spirale Clairefontaine Rose - 16x22cm - 160 pages","p":2.65,"img":"https://fd13-photos.leclercdrive.fr/image.ashx?id=2541838&use=l&cat=p&typeid=i","cat":284697},{"id":207881,"n":"Cahier spirale Clairefontaine Orange - 16x22cm-160 pages","p":2.55,"img":"https://fd13-photos.leclercdrive.fr/image.ashx?id=2541850&use=l&cat=p&typeid=i","cat":284697},{"id":207882,"n":"Cahier spirale Clairefontaine Violet - 16x22cm - 160 pages","p":2.55,"img":"https://fd13-photos.leclercdrive.fr/image.ashx?id=2541853&use=l&cat=p&typeid=i","cat":284697},{"id":207883,"n":"Cahier spirale Clairefontaine Bleu foncé - 16x22cm -160 pages","p":2.55,"img":"https://fd13-photos.leclercdrive.fr/image.ashx?id=2541856&use=l&cat=p&typeid=i","cat":284697},{"id":207884,"n":"Cahier spirale Clairefontaine Vert paon - 16x22cm -160 pages","p":2.55,"img":"https://fd13-photos.leclercdrive.fr/image.ashx?id=2541859&use=l&cat=p&typeid=i","cat":284697},{"id":207908,"n":"Chemise élastique Exacompta Violet - 3 rabats - 12x16cm","p":2.16,"img":"https://fd13-photos.leclercdrive.fr/image.ashx?id=2544768&use=l&cat=p&typeid=i","cat":284745},{"id":208008,"n":"Stylo Media Clic Bic Noir - Bio Based - x2","p":3.19,"img":"https://fd13-photos.leclercdrive.fr/image.ashx?id=2544098&use=l&cat=p&typeid=i","cat":284696},{"id":208019,"n":"Porte-mine Bic  Fun x4 + Pastel x4 +Grip Fun x2","p":3.12,"img":"https://fd13-photos.leclercdrive.fr/image.ashx?id=2544092&use=l&cat=p&typeid=i","cat":284696},{"id":208020,"n":"Crayon à papier Bic Evolution HB - Gomme x6","p":1.9,"img":"https://fd13-photos.leclercdrive.fr/image.ashx?id=2527682&use=l&cat=p&typeid=i","cat":284696},{"id":208025,"n":"Marqueur permanent Bic Bleu - Marking 2300 - Ecolution","p":1.09,"img":"https://fd13-photos.leclercdrive.fr/image.ashx?id=2527589&use=l&cat=p&typeid=i","cat":284696},{"id":208034,"n":"Gomme Bulle Bic Vert - x1","p":1.42,"img":"https://fd13-photos.leclercdrive.fr/image.ashx?id=2527592&use=l&cat=p&typeid=i","cat":334133},{"id":208041,"n":"Stylo 4 couleurs Bic Wood - x1","p":5.13,"img":"https://fd13-photos.leclercdrive.fr/image.ashx?id=2778152&use=l&cat=p&typeid=i","cat":284696},{"id":208087,"n":"Marqueurs effaceur Esquisse Noir - Sec - x2","p":0.7,"img":"https://fd13-photos.leclercdrive.fr/image.ashx?id=2531563&use=l&cat=p&typeid=i","cat":284696},{"id":208088,"n":"Pochettes perforées Esquisse Premium - x50","p":2.59,"u":"0,05 €/P","img":"https://fd13-photos.leclercdrive.fr/image.ashx?id=2531575&use=l&cat=p&typeid=i","cat":284696},{"id":208092,"n":"Feutres Baby Esquisse Pointe large - x8","p":1.41,"img":"https://fd13-photos.leclercdrive.fr/image.ashx?id=2531566&use=l&cat=p&typeid=i","cat":284696},{"id":208097,"n":"Boîte de trombones Esquisse Couleur - x100","p":0.7,"img":"https://fd13-photos.leclercdrive.fr/image.ashx?id=2531557&use=l&cat=p&typeid=i","cat":334133},{"id":208144,"n":"Ciseaux gaucher Esquissse Vert - 13cm","p":0.89,"img":"https://fd13-photos.leclercdrive.fr/image.ashx?id=2543612&use=l&cat=p&typeid=i","cat":334133},{"id":208145,"n":"Ciseaux gaucher Esquissse Rouge - 13cm","p":0.89,"img":"https://fd13-photos.leclercdrive.fr/image.ashx?id=2543615&use=l&cat=p&typeid=i","cat":334133},{"id":208146,"n":"Ciseaux gaucher Esquissse Bleu - 13cm","p":0.89,"img":"https://fd13-photos.leclercdrive.fr/image.ashx?id=2543618&use=l&cat=p&typeid=i","cat":334133},{"id":208197,"n":"Crème Solaire Visage Nivea Sun FPS50+ Anti-taches - 40ml","p":13.8,"u":"345,00 €/L","img":"https://fd13-photos.leclercdrive.fr/image.ashx?id=2967373&use=l&cat=p&typeid=i","cat":325355},{"id":208271,"n":"Capsules café L'Or Espresso Forza N°9 x50","p":14.37,"u":"55,27 €/KG","img":"https://fd13-photos.leclercdrive.fr/image.ashx?id=3000471&use=l&cat=p&typeid=i","cat":284749},{"id":208357,"n":"Gilette Rasoirs Jetable Venus Simply x4 Lot de 12","p":13.49,"u":"1,12 €/P","img":"https://fd13-photos.leclercdrive.fr/image.ashx?id=2530422&use=l&cat=p&typeid=i","cat":325352},{"id":208385,"n":"Capsules café L'Or Espresso Delizioso N°5 x50","p":14.37,"u":"55,27 €/KG","img":"https://fd13-photos.leclercdrive.fr/image.ashx?id=2788064&use=l&cat=p&typeid=i","cat":284749},{"id":208417,"n":"Capsules café L'Or Espresso Ristretto N°11 x50","p":13.57,"u":"52,19 €/KG","img":"https://fd13-photos.leclercdrive.fr/image.ashx?id=3000474&use=l&cat=p&typeid=i","cat":284749},{"id":208419,"n":"Infusion Elephant Mure Myrtille vanille 40g","p":2.67,"u":"66,75 €/KG","img":"https://fd13-photos.leclercdrive.fr/image.ashx?id=2530278&use=l&cat=p&typeid=i","cat":293234},{"id":208421,"n":"Infusion fruits rouges Elephant Touche de menthe - 40g","p":2.8,"u":"70,00 €/KG","img":"https://fd13-photos.leclercdrive.fr/image.ashx?id=2813104&use=l&cat=p&typeid=i","cat":293234},{"id":208426,"n":"Infusion Eléphant Tilleul Citron  - x20 - 28g","p":2.86,"u":"102,14 €/KG","img":"https://fd13-photos.leclercdrive.fr/image.ashx?id=2530284&use=l&cat=p&typeid=i","cat":293234},{"id":208477,"n":"Chips paysanne Lay's Saveur Fromage du Jura - 120g","p":1.82,"u":"15,17 €/KG","img":"https://fd13-photos.leclercdrive.fr/image.ashx?id=2810774&use=l&cat=p&typeid=i","cat":284447},{"id":208484,"n":"Chips paysanne Lay's Saveur Oignon de Roscoff - 120g","p":1.74,"u":"14,50 €/KG","img":"https://fd13-photos.leclercdrive.fr/image.ashx?id=2810777&use=l&cat=p&typeid=i","cat":284447},{"id":208485,"n":"Chips paysanne Lay's Saveur Fromage Frais- 120g","p":1.83,"u":"15,25 €/KG","img":"https://fd13-photos.leclercdrive.fr/image.ashx?id=2810780&use=l&cat=p&typeid=i","cat":284447},{"id":208499,"n":"Eau plate aromatisée Vittel Pêche - 75cl","p":1.06,"u":"1,41 €/L","img":"https://fd13-photos.leclercdrive.fr/image.ashx?id=2849352&use=l&cat=p&typeid=i","cat":284537},{"id":208507,"n":"AOC Rosé d'Anjou rosé Plessis-Duval - 75cl","p":4.5,"u":"6,00 €/L","img":"https://fd13-photos.leclercdrive.fr/image.ashx?id=2731789&use=l&cat=p&typeid=i","cat":289558},{"id":208526,"n":"Eau aromatisée Vittel+Active Citron vert et menthe - 75cl","p":1.05,"u":"1,40 €/L","img":"https://fd13-photos.leclercdrive.fr/image.ashx?id=2532282&use=l&cat=p&typeid=i","cat":284537},{"id":208580,"n":"Frites Pom Bistro au Piment d'Espelette - 500g","p":4.28,"u":"8,56 €/KG","img":"https://fd13-photos.leclercdrive.fr/image.ashx?id=2532069&use=l&cat=p&typeid=i","cat":319791},{"id":208616,"n":"Biscuits Bonne Maman La pause choco - 235g","p":2.46,"u":"10,47 €/KG","img":"https://fd13-photos.leclercdrive.fr/image.ashx?id=2533022&use=l&cat=p&typeid=i","cat":284488},{"id":208633,"n":"Compotes Pom'Potes Gourdes  Pomme Brugnon - 4x90g","p":2.09,"u":"5,81 €/KG","img":"https://fd13-photos.leclercdrive.fr/image.ashx?id=3010903&use=l&cat=p&typeid=i","cat":284508},{"id":208635,"n":"Haricots rouges Vivien Paille 500g","p":1.69,"u":"3,38 €/KG","img":"https://fd13-photos.leclercdrive.fr/image.ashx?id=2533010&use=l&cat=p&typeid=i","cat":284430},{"id":208636,"n":"Purée Mousline Crème et noix de muscade - 500g","p":3.06,"u":"6,12 €/KG","img":"https://fd13-photos.leclercdrive.fr/image.ashx?id=3011728&use=l&cat=p&typeid=i","cat":284431},{"id":208638,"n":"Purée Mousline x3 sachets - 195g","p":1.41,"u":"7,23 €/KG","img":"https://fd13-photos.leclercdrive.fr/image.ashx?id=3004414&use=l&cat=p&typeid=i","cat":284431},{"id":208642,"n":"Purée Mousline x4 - 520g","p":2.39,"u":"4,60 €/KG","img":"https://fd13-photos.leclercdrive.fr/image.ashx?id=3011734&use=l&cat=p&typeid=i","cat":284431},{"id":208651,"n":"Purée Mousline  x8 - 1.04 kg","p":4.44,"u":"4,27 €/KG","img":"https://fd13-photos.leclercdrive.fr/image.ashx?id=2986780&use=l&cat=p&typeid=i","cat":284431},{"id":208658,"n":"Biscuit P'tit Deli Chocolat lait blanc - 150g","p":1.89,"u":"12,60 €/KG","img":"https://fd13-photos.leclercdrive.fr/image.ashx?id=2684835&use=l&cat=p&typeid=i","cat":284488},{"id":208749,"n":"Riz long grain 10 min Lustucru  x5 - 900g","p":2.16,"u":"2,40 €/KG","img":"https://fd13-photos.leclercdrive.fr/image.ashx?id=2963739&use=l&cat=p&typeid=i","cat":284428},{"id":208750,"n":"Purée Mousline x3 - 375g","p":2.47,"u":"6,59 €/KG","img":"https://fd13-photos.leclercdrive.fr/image.ashx?id=2940135&use=l&cat=p&typeid=i","cat":284431},{"id":208751,"n":"Riz long grain 10 min Lustucru x5 - 450g","p":1.46,"u":"3,24 €/KG","img":"https://fd13-photos.leclercdrive.fr/image.ashx?id=2955830&use=l&cat=p&typeid=i","cat":284428},{"id":208759,"n":"Purée Mousline  Presse purée - 375g","p":2.79,"u":"7,44 €/KG","img":"https://fd13-photos.leclercdrive.fr/image.ashx?id=2940117&use=l&cat=p&typeid=i","cat":284431},{"id":208761,"n":"Purée Mousline x4 - 125g","p":1.19,"u":"9,52 €/KG","img":"https://fd13-photos.leclercdrive.fr/image.ashx?id=2940126&use=l&cat=p&typeid=i","cat":284431},{"id":208763,"n":"Dentifrice Colgate Max Fresh Cristaux fraicheur - 75ml","p":1.88,"u":"25,07 €/L","img":"https://fd13-photos.leclercdrive.fr/image.ashx?id=2957311&use=l&cat=p&typeid=i","cat":284612},{"id":208766,"n":"Gel douche Sanex Natural Prebiotic - Protection - 700ml","p":6.43,"u":"9,19 €/L","img":"https://fd13-photos.leclercdrive.fr/image.ashx?id=2533145&use=l&cat=p&typeid=i","cat":284594},{"id":208769,"n":"Gelée Felix Tranches avec éffilés - 960g","p":4.87,"u":"5,07 €/KG","img":"https://fd13-photos.leclercdrive.fr/image.ashx?id=2561404&use=l&cat=p&typeid=i","cat":285286},{"id":208770,"n":"Gelée de poisson Felix Tranches avec effilés - 960g","p":4.87,"u":"5,07 €/KG","img":"https://fd13-photos.leclercdrive.fr/image.ashx?id=2879823&use=l&cat=p&typeid=i","cat":285286},{"id":208772,"n":"Gel douche Sanex Natural Prebiotic - Sensitive - 425ml","p":4.44,"u":"10,45 €/L","img":"https://fd13-photos.leclercdrive.fr/image.ashx?id=2757857&use=l&cat=p&typeid=i","cat":284594},{"id":208776,"n":"Gel douche Tahiti Vanille et huile de coco 250ml","p":2.27,"u":"9,08 €/L","img":"https://fd13-photos.leclercdrive.fr/image.ashx?id=2533130&use=l&cat=p&typeid=i","cat":284594},{"id":208782,"n":"Champagne Chanoine Frères  Demi-sec - 75cl","p":20.9,"u":"27,87 €/L","img":"https://fd13-photos.leclercdrive.fr/image.ashx?id=2673220&use=l&cat=p&typeid=i","cat":284542},{"id":208786,"n":"Thé glacé Lipton Ice Tea Pêche La bouteille de 1.25L","p":1.45,"u":"1,16 €/L","img":"https://fd13-photos.leclercdrive.fr/image.ashx?id=2731567&use=l&cat=p&typeid=i","cat":295019},{"id":208788,"n":"Thé glacé Lipton Ice Tea Pêche  Sans sucres bouteille de 1.25L","p":1.55,"u":"1,24 €/L","img":"https://fd13-photos.leclercdrive.fr/image.ashx?id=2731570&use=l&cat=p&typeid=i","cat":295019},{"id":208806,"n":"Grilletine blé complet Pasquier Sans sucre ajouté - 255g","p":2.25,"u":"8,82 €/KG","img":"https://fd13-photos.leclercdrive.fr/image.ashx?id=2533559&use=l&cat=p&typeid=i","cat":284479},{"id":208848,"n":"Café moulu L'Or Ristretto Intensité 10 - 2x250g","p":8.45,"u":"16,90 €/KG","img":"https://fd13-photos.leclercdrive.fr/image.ashx?id=2534398&use=l&cat=p&typeid=i","cat":284750},{"id":208855,"n":"Brosse à dent Colgate Deep Clean - Souple - x1","p":3.6,"img":"https://fd13-photos.leclercdrive.fr/image.ashx?id=2968938&use=l&cat=p&typeid=i","cat":284614},{"id":208856,"n":"Dentifrice Colgate Tonigencyl Expert - 75ml","p":1.87,"u":"24,93 €/L","img":"https://fd13-photos.leclercdrive.fr/image.ashx?id=2859992&use=l&cat=p&typeid=i","cat":284612},{"id":208865,"n":"Spray nasal Prorhinel Aloe Vera - Enfant/Adulte 100ml","p":5.79,"u":"57,90 €/L","img":"https://fd13-photos.leclercdrive.fr/image.ashx?id=2917861&use=l&cat=p&typeid=i","cat":284630},{"id":208867,"n":"Serum physiologique Prorhinel 30x5ml","p":3.91,"u":"26,07 €/L","img":"https://fd13-photos.leclercdrive.fr/image.ashx?id=2878303&use=l&cat=p&typeid=i","cat":284741},{"id":208881,"n":"Dosettes café Senseo Café au lait x16","p":4.14,"u":"24,64 €/KG","img":"https://fd13-photos.leclercdrive.fr/image.ashx?id=2662628&use=l&cat=p&typeid=i","cat":293238},{"id":208909,"n":"Merguez André Loussouarn x10 - 500g","p":8.95,"u":"17,90 €/KG","img":"https://fd13-photos.leclercdrive.fr/image.ashx?id=2535406&use=l&cat=p&typeid=i","cat":284334},{"id":208913,"n":"Saucisse Loussouarn Sans colorant x4 - 400g","p":5.05,"u":"12,63 €/KG","img":"https://fd13-photos.leclercdrive.fr/image.ashx?id=2537090&use=l&cat=p&typeid=i","cat":284334},{"id":208918,"n":"Langue de boeuf Sauce Madère - 300g","p":5.1,"u":"17,00 €/KG","img":"https://fd13-photos.leclercdrive.fr/image.ashx?id=2534803&use=l&cat=p&typeid=i","cat":333665},{"id":208924,"n":"Whisky Armorik Roch Du whisky 40% - 70cl","p":34.5,"pp":31.5,"u":"45,00 €/L","img":"https://fd13-photos.leclercdrive.fr/image.ashx?id=2830078&use=l&cat=p&typeid=i","cat":284547},{"id":209054,"n":"Wraps Old El Paso Extra fins x6 - 192g","p":2.79,"u":"14,53 €/KG","img":"https://fd13-photos.leclercdrive.fr/image.ashx?id=2737693&use=l&cat=p&typeid=i","cat":288993},{"id":209056,"n":"Vinaigre de riz Tanoshi - bouteille de 360ml","p":5.39,"u":"14,97 €/L","img":"https://fd13-photos.leclercdrive.fr/image.ashx?id=2906214&use=l&cat=p&typeid=i","cat":288992},{"id":209057,"n":"Céréales bébé P'TITE CEREALE chocolat biscuit 12M+ - 415g","p":3.46,"u":"8,34 €/KG","img":"https://fd13-photos.leclercdrive.fr/image.ashx?id=2537303&use=l&cat=p&typeid=i","cat":312225},{"id":209058,"n":"Collagène marin Juvamine Acide Hyaluronique x60 - 31g","p":10.06,"u":"324,52 €/KG","img":"https://fd13-photos.leclercdrive.fr/image.ashx?id=2785856&use=l&cat=p&typeid=i","cat":313217},{"id":209059,"n":"P'tite céréale Nestlé Noisettes Biscuit - 12M+ - 415g","p":3.45,"u":"8,31 €/KG","img":"https://fd13-photos.leclercdrive.fr/image.ashx?id=2679389&use=l&cat=p&typeid=i","cat":312225},{"id":209060,"n":"Chips nature Lay's Sel - 6x25g","p":1.83,"u":"12,20 €/KG","img":"https://fd13-photos.leclercdrive.fr/image.ashx?id=3011143&use=l&cat=p&typeid=i","cat":284447},{"id":209064,"n":"Céréales bébé BABICAO Cacao 10M+ - 400g","p":3.49,"u":"8,73 €/KG","img":"https://fd13-photos.leclercdrive.fr/image.ashx?id=2537294&use=l&cat=p&typeid=i","cat":312225},{"id":209093,"n":"Adoucissant Soupline Magnolia & lavande - x60 1.28L","p":6.97,"u":"5,36 €/L","img":"https://fd13-photos.leclercdrive.fr/image.ashx?id=2832569&use=l&cat=p&typeid=i","cat":284650},{"id":209094,"n":"Adoucissant Soupline Concentré Mandarine Vanille x60 - 1.28ml","p":7.2,"u":"5,63 €/L","img":"https://fd13-photos.leclercdrive.fr/image.ashx?id=2832572&use=l&cat=p&typeid=i","cat":284650},{"id":209113,"n":"Pâtes Collezione Barilla Farfalle Generose - 500g","p":1.68,"u":"3,36 €/KG","img":"https://fd13-photos.leclercdrive.fr/image.ashx?id=2654122&use=l&cat=p&typeid=i","cat":284427},{"id":209128,"n":"Huile d'olive vierge extra Abel  - 75cl","p":9.7,"u":"12,93 €/L","img":"https://fd13-photos.leclercdrive.fr/image.ashx?id=2882379&use=l&cat=p&typeid=i","cat":284453},{"id":209151,"n":"Pâtes Torti Legumes Panzani 3 Minutes - 500G","p":1.48,"u":"2,96 €/KG","img":"https://fd13-photos.leclercdrive.fr/image.ashx?id=2896117&use=l&cat=p&typeid=i","cat":284427},{"id":209179,"n":"Crème dépilatoire Expert Veet Bikini Maillot Intégral 200ml","p":8.98,"u":"89,80 €/L","img":"https://fd13-photos.leclercdrive.fr/image.ashx?id=2964968&use=l&cat=p&typeid=i","cat":325351},{"id":209207,"n":"Nouilles précuites Suzi Wan  Ramen pour wok - 2x150g","p":2.99,"u":"9,06 €/KG","img":"https://fd13-photos.leclercdrive.fr/image.ashx?id=2992272&use=l&cat=p&typeid=i","cat":288992},{"id":209208,"n":"Sauce soja Suzi Wan Sucrée - 135ml","p":1.82,"u":"13,48 €/KG","img":"https://fd13-photos.leclercdrive.fr/image.ashx?id=2892931&use=l&cat=p&typeid=i","cat":288992},{"id":209209,"n":"Sauce soja Suzi Wan 250ml","p":2.68,"u":"10,72 €/L","img":"https://fd13-photos.leclercdrive.fr/image.ashx?id=2990880&use=l&cat=p&typeid=i","cat":288992},{"id":209212,"n":"Graines de sésame doré Ducros  45g","p":2.0,"u":"44,44 €/KG","img":"https://fd13-photos.leclercdrive.fr/image.ashx?id=2538605&use=l&cat=p&typeid=i","cat":298297},{"id":209239,"n":"Pistaches grillées Natur' & Bon Non salées - 180g","p":4.6,"u":"25,56 €/KG","img":"https://fd13-photos.leclercdrive.fr/image.ashx?id=2989258&use=l&cat=p&typeid=i","cat":284448},{"id":209241,"n":"Mélange de noix non salées Vico Avec raisins secs - 180g","p":2.99,"u":"16,61 €/KG","img":"https://fd13-photos.leclercdrive.fr/image.ashx?id=2916893&use=l&cat=p&typeid=i","cat":284448},{"id":209245,"n":"Origan Ducros 12g","p":1.95,"u":"162,50 €/KG","img":"https://fd13-photos.leclercdrive.fr/image.ashx?id=2559517&use=l&cat=p&typeid=i","cat":298297},{"id":209246,"n":"Oignon de France Ducros 42g","p":2.15,"u":"51,19 €/KG","img":"https://fd13-photos.leclercdrive.fr/image.ashx?id=2538593&use=l&cat=p&typeid=i","cat":298297},{"id":209301,"n":"Thé vert glacé Lipton Ice Tea Citron vert menthe - 1.25L","p":1.74,"u":"1,39 €/L","img":"https://fd13-photos.leclercdrive.fr/image.ashx?id=2731579&use=l&cat=p&typeid=i","cat":295019},{"id":209302,"n":"Thé glacé Lipton Ice Tea Citron/citron vert - 1.25L","p":1.64,"u":"1,31 €/L","img":"https://fd13-photos.leclercdrive.fr/image.ashx?id=2731573&use=l&cat=p&typeid=i","cat":295019},{"id":209304,"n":"Thé vert glacé Lipton Ice Tea Pêche blanche - 1.25L","p":1.66,"u":"1,33 €/L","img":"https://fd13-photos.leclercdrive.fr/image.ashx?id=2538623&use=l&cat=p&typeid=i","cat":295019},{"id":209306,"n":"Thé glacé Lipton Ice Tea Mangue - 1.25L","p":1.98,"u":"1,58 €/L","img":"https://fd13-photos.leclercdrive.fr/image.ashx?id=2731585&use=l&cat=p&typeid=i","cat":295019},{"id":209309,"n":"Thé glacé Lipton Ice Tea Framboise - 1.25L","p":1.63,"u":"1,30 €/L","img":"https://fd13-photos.leclercdrive.fr/image.ashx?id=2731588&use=l&cat=p&typeid=i","cat":295019},{"id":209311,"n":"Thé glacé Lipton Ice Tea Pêche abricot - 1,25L","p":1.69,"u":"1,35 €/L","img":"https://fd13-photos.leclercdrive.fr/image.ashx?id=2731576&use=l&cat=p&typeid=i","cat":295019},{"id":209343,"n":"Harengs Petit Pierre Hareng moutarde - 367g","p":2.21,"u":"6,02 €/KG","img":"https://fd13-photos.leclercdrive.fr/image.ashx?id=3005152&use=l&cat=p&typeid=i","cat":305147},{"id":209353,"n":"Ratatouille provençale d'aucy 42,5cl","p":2.35,"u":"6,18 €/KG","img":"https://fd13-photos.leclercdrive.fr/image.ashx?id=2539512&use=l&cat=p&typeid=i","cat":312612},{"id":209354,"n":"Courgettes cuisinées D'Aucy Provencale - 380g","p":2.35,"u":"6,18 €/KG","img":"https://fd13-photos.leclercdrive.fr/image.ashx?id=2570088&use=l&cat=p&typeid=i","cat":312612},{"id":209355,"n":"Aubergines cuisinées D'Aucy 380g","p":2.35,"u":"6,18 €/KG","img":"https://fd13-photos.leclercdrive.fr/image.ashx?id=2539509&use=l&cat=p&typeid=i","cat":312612},{"id":209356,"n":"Curry de pois chiches d'aucy  42,5cl","p":2.35,"u":"6,18 €/KG","img":"https://fd13-photos.leclercdrive.fr/image.ashx?id=2539506&use=l&cat=p&typeid=i","cat":287599},{"id":209357,"n":"Mijote de lentilles d'aucy  42,5cl","p":2.55,"u":"6,71 €/KG","img":"https://fd13-photos.leclercdrive.fr/image.ashx?id=2592219&use=l&cat=p&typeid=i","cat":312612},{"id":209359,"n":"Petits Pois d'aucy Tendres et fondants - 280g","p":1.37,"u":"4,89 €/KG","img":"https://fd13-photos.leclercdrive.fr/image.ashx?id=2538437&use=l&cat=p&typeid=i","cat":312607},{"id":209368,"n":"Thé glacé Lipton Ice Tea Pêche La bouteille de 1.75L","p":1.88,"u":"1,07 €/L","img":"https://fd13-photos.leclercdrive.fr/image.ashx?id=2731594&use=l&cat=p&typeid=i","cat":295019},{"id":209371,"n":"Aneth Ducros 13g","p":2.1,"u":"161,54 €/KG","img":"https://fd13-photos.leclercdrive.fr/image.ashx?id=2538599&use=l&cat=p&typeid=i","cat":298297},{"id":209398,"n":"Pizza Crousti Moelleuse Marie Margherita x3 - 1.2kg","p":9.44,"u":"7,87 €/KG","img":"https://fd13-photos.leclercdrive.fr/image.ashx?id=2996776&use=l&cat=p&typeid=i","cat":284256},{"id":209421,"n":"Yaourt bifidus Activia céréales Aux fruits rouges - 4x115g","p":2.65,"u":"5,76 €/KG","img":"https://fd13-photos.leclercdrive.fr/image.ashx?id=2901647&use=l&cat=p&typeid=i","cat":315000},{"id":209428,"n":"Crème dessert Danette  Pistache lit chocolat - 4x125g","p":1.75,"u":"3,50 €/KG","img":"https://fd13-photos.leclercdrive.fr/image.ashx?id=2925325&use=l&cat=p&typeid=i","cat":285041},{"id":209429,"n":"Crème dessert vanille Danette Pop billes chocolat - 4x120g","p":2.48,"img":"https://fd13-photos.leclercdrive.fr/image.ashx?id=2935729&use=l&cat=p&typeid=i","cat":285041},{"id":209430,"n":"Skyr Danone Citron 0%mg - 2x140g","p":2.34,"u":"8,36 €/KG","img":"https://fd13-photos.leclercdrive.fr/image.ashx?id=2851728&use=l&cat=p&typeid=i","cat":315000},{"id":209431,"n":"Skyr Danone Fraise 0%mg - 2x140g","p":2.22,"u":"7,93 €/KG","img":"https://fd13-photos.leclercdrive.fr/image.ashx?id=2755270&use=l&cat=p&typeid=i","cat":315000},{"id":209432,"n":"Skyr Danone Vanille 0%mg - 2x140g","p":2.08,"u":"7,43 €/KG","img":"https://fd13-photos.leclercdrive.fr/image.ashx?id=2944654&use=l&cat=p&typeid=i","cat":315000},{"id":209438,"n":"Crème dessert protéinée Hipro  Vanille 0%mg- 180g","p":1.91,"u":"10,61 €/KG","img":"https://fd13-photos.leclercdrive.fr/image.ashx?id=2800291&use=l&cat=p&typeid=i","cat":285041},{"id":209465,"n":"Sirop Teisseire Ice Tea Pêche Bidon - 60cl","p":3.3,"u":"5,50 €/L","img":"https://fd13-photos.leclercdrive.fr/image.ashx?id=2539710&use=l&cat=p&typeid=i","cat":295020},{"id":209491,"n":"Couscous moyen Ferrero sachet -500g","p":1.45,"u":"2,90 €/KG","img":"https://fd13-photos.leclercdrive.fr/image.ashx?id=2869561&use=l&cat=p&typeid=i","cat":284429},{"id":209494,"n":"Salade & Cie Sodebo Roma Jambon Speck - 320g","p":3.05,"u":"9,53 €/KG","img":"https://fd13-photos.leclercdrive.fr/image.ashx?id=2732413&use=l&cat=p&typeid=i","cat":333657},{"id":209495,"n":"Salade & Cie Sodebo Manhattan Poulet rôti - 320g","p":2.89,"u":"9,03 €/KG","img":"https://fd13-photos.leclercdrive.fr/image.ashx?id=2732407&use=l&cat=p&typeid=i","cat":333657},{"id":209496,"n":"Salade & Cie Sodebo Montmartre Jambon supérieur - 320g","p":3.1,"u":"9,69 €/KG","img":"https://fd13-photos.leclercdrive.fr/image.ashx?id=2868945&use=l&cat=p&typeid=i","cat":333657},{"id":209510,"n":"Chips nature Lay's Sel - 250g","p":2.18,"u":"8,72 €/KG","img":"https://fd13-photos.leclercdrive.fr/image.ashx?id=2995073&use=l&cat=p&typeid=i","cat":284447},{"id":209514,"n":"Chips Lay's Nature - 135g","p":1.37,"u":"10,15 €/KG","img":"https://fd13-photos.leclercdrive.fr/image.ashx?id=2994482&use=l&cat=p&typeid=i","cat":284447},{"id":209557,"n":"Litière chats Eco+ Minérale agglomérante - 5L","p":1.8,"img":"https://fd13-photos.leclercdrive.fr/image.ashx?id=2545479&use=l&cat=p&typeid=i","cat":284683},{"id":209589,"n":"Pain Kebab La Boulangère x4 - 320g","p":1.43,"u":"5,50 €/KG","img":"https://fd13-photos.leclercdrive.fr/image.ashx?id=2912308&use=l&cat=p&typeid=i","cat":284985},{"id":209590,"n":"Pains libanais La Boulangère x5 - 250g","p":2.23,"u":"8,92 €/KG","img":"https://fd13-photos.leclercdrive.fr/image.ashx?id=2912305&use=l&cat=p&typeid=i","cat":284985},{"id":209591,"n":"Pains Pita La Boulangère x4  -320g","p":2.01,"u":"6,28 €/KG","img":"https://fd13-photos.leclercdrive.fr/image.ashx?id=2912311&use=l&cat=p&typeid=i","cat":284985},{"id":209593,"n":"Brioche Muffin La Boulangère x5 - 250g","p":1.13,"u":"4,52 €/KG","img":"https://fd13-photos.leclercdrive.fr/image.ashx?id=2912443&use=l&cat=p&typeid=i","cat":284478},{"id":209597,"n":"Compote Allégée en sucres Eco+ Bocal pomme poire - 720g","p":1.13,"u":"1,57 €/KG","img":"https://fd13-photos.leclercdrive.fr/image.ashx?id=2953206&use=l&cat=p&typeid=i","cat":284508},{"id":209598,"n":"Compote Allégée en sucres Eco+ Bocal pomme banane - 720g","p":1.07,"u":"1,49 €/KG","img":"https://fd13-photos.leclercdrive.fr/image.ashx?id=2953209&use=l&cat=p&typeid=i","cat":284508},{"id":209599,"n":"Capsules café L'Or Espresso Lungo Profondo N°8 x50","p":15.65,"u":"60,19 €/KG","img":"https://fd13-photos.leclercdrive.fr/image.ashx?id=2540898&use=l&cat=p&typeid=i","cat":284749},{"id":209600,"n":"Capsules café L'Or Espresso Splendente N°7 x50","p":13.89,"u":"53,42 €/KG","img":"https://fd13-photos.leclercdrive.fr/image.ashx?id=3000477&use=l&cat=p&typeid=i","cat":284749},{"id":209601,"n":"Thé vert Lipton Menthe intense - x20 - 32g","p":1.61,"u":"50,31 €/KG","img":"https://fd13-photos.leclercdrive.fr/image.ashx?id=2540907&use=l&cat=p&typeid=i","cat":293233},{"id":209639,"n":"AOC Vin Blanc Bourgogne Mâcon Villages - 75cl","p":7.99,"u":"10,65 €/L","img":"https://fd13-photos.leclercdrive.fr/image.ashx?id=2845296&use=l&cat=p&typeid=i","cat":289557},{"id":209648,"n":"Briochettes pépites de chocolat Pasquier - 400g","p":1.95,"u":"4,88 €/KG","img":"https://fd13-photos.leclercdrive.fr/image.ashx?id=2541196&use=l&cat=p&typeid=i","cat":296366},{"id":209677,"n":"Oreiller Greentop Tissaia Blanc - Moelleux - 60x60cm","p":10.45,"u":"Dont 0,20 € d'éco-part.","img":"https://fd13-photos.leclercdrive.fr/image.ashx?id=2541081&use=l&cat=p&typeid=i","cat":288835},{"id":209686,"n":"Thé vert Lipton Myrtille et mure - x20 - 32g","p":2.34,"u":"73,13 €/KG","img":"https://fd13-photos.leclercdrive.fr/image.ashx?id=2542816&use=l&cat=p&typeid=i","cat":293233},{"id":209688,"n":"Thé vert menthe Lipton Asie - x30s - 48g","p":2.68,"u":"55,83 €/KG","img":"https://fd13-photos.leclercdrive.fr/image.ashx?id=2542819&use=l&cat=p&typeid=i","cat":293233},{"id":209691,"n":"Thé vert Lipton x30s - 39g","p":2.64,"u":"67,69 €/KG","img":"https://fd13-photos.leclercdrive.fr/image.ashx?id=2542822&use=l&cat=p&typeid=i","cat":293233},{"id":209722,"n":"Dessert Glacé Viennetta Caramel beurre salé - 320g","p":1.97,"u":"6,16 €/KG","img":"https://fd13-photos.leclercdrive.fr/image.ashx?id=2802836&use=l&cat=p&typeid=i","cat":284266},{"id":209724,"n":"Dessert Glacé Viennetta Chocolat -  320g","p":2.94,"u":"9,19 €/KG","img":"https://fd13-photos.leclercdrive.fr/image.ashx?id=3009287&use=l&cat=p&typeid=i","cat":284266},{"id":209733,"n":"Dessert Glacé Viennetta Vanille -  320g","p":2.17,"u":"6,78 €/KG","img":"https://fd13-photos.leclercdrive.fr/image.ashx?id=3009182&use=l&cat=p&typeid=i","cat":284266},{"id":209739,"n":"Adoucissant concentré Soupline Hypoallergénique 64 lav. 1,35L","p":5.18,"u":"3,84 €/L","img":"https://fd13-photos.leclercdrive.fr/image.ashx?id=2831185&use=l&cat=p&typeid=i","cat":284650},{"id":209759,"n":"Jambon Le Bon Paris Herta Sans nitrite x4 - 140g","p":3.55,"u":"25,36 €/KG","img":"https://fd13-photos.leclercdrive.fr/image.ashx?id=2881801&use=l&cat=p&typeid=i","cat":316009},{"id":209795,"n":"Mascara L'Oréal Paris  Telescopic Lift longueur","p":14.74,"img":"https://fd13-photos.leclercdrive.fr/image.ashx?id=2543969&use=l&cat=p&typeid=i","cat":287029},{"id":209801,"n":"Rasoirs jetables Wilkinson Xtreme 3 - Pure sensitive - x12","p":15.0,"u":"1,25 €/P","img":"https://fd13-photos.leclercdrive.fr/image.ashx?id=2861719&use=l&cat=p&typeid=i","cat":284616},{"id":209804,"n":"Rasoirs jetables Wilkinson Xtreme 3 Ultimate confort - x8","p":9.93,"img":"https://fd13-photos.leclercdrive.fr/image.ashx?id=2846478&use=l&cat=p&typeid=i","cat":284616},{"id":209805,"n":"Rasoirs Essential 2 Wilkinson Precision plastique recyclé x12","p":4.8,"u":"0,40 €/P","img":"https://fd13-photos.leclercdrive.fr/image.ashx?id=2736337&use=l&cat=p&typeid=i","cat":284616},{"id":209806,"n":"Rasoirs Extra 3 Essentials Plastique recyclé - x8","p":5.39,"u":"0,67 €/P","img":"https://fd13-photos.leclercdrive.fr/image.ashx?id=2846481&use=l&cat=p&typeid=i","cat":284616},{"id":209832,"n":"Thé glacé Lipton Ice Tea Hibiscus framboise - 1.25L","p":1.99,"u":"1,59 €/L","img":"https://fd13-photos.leclercdrive.fr/image.ashx?id=2544167&use=l&cat=p&typeid=i","cat":295019},{"id":209834,"n":"Rhum Bologne Agricole de Guadeloupe  70cl","p":15.68,"u":"22,40 €/L","img":"https://fd13-photos.leclercdrive.fr/image.ashx?id=2554250&use=l&cat=p&typeid=i","cat":284550},{"id":209840,"n":"Cookies Cadbury Crunchy melts Coeur chocolat - 156g","p":2.02,"u":"12,95 €/KG","img":"https://fd13-photos.leclercdrive.fr/image.ashx?id=2544533&use=l&cat=p&typeid=i","cat":325066},{"id":209843,"n":"Thé vert menthe Lipton x50 - 80g","p":4.36,"u":"54,50 €/KG","img":"https://fd13-photos.leclercdrive.fr/image.ashx?id=2544629&use=l&cat=p&typeid=i","cat":293233},{"id":209850,"n":"Thé vert Lipton  Classique Asie  - x50 - 65g","p":4.52,"u":"69,54 €/KG","img":"https://fd13-photos.leclercdrive.fr/image.ashx?id=2544632&use=l&cat=p&typeid=i","cat":293233},{"id":209854,"n":"Thé vert citron Lipton Asie - x30 - 48g","p":2.62,"u":"54,58 €/KG","img":"https://fd13-photos.leclercdrive.fr/image.ashx?id=2544635&use=l&cat=p&typeid=i","cat":293233},{"id":209855,"n":"Thé vert Tchae menthe x20 - 40g","p":2.53,"u":"63,25 €/KG","img":"https://fd13-photos.leclercdrive.fr/image.ashx?id=2544638&use=l&cat=p&typeid=i","cat":293233},{"id":209856,"n":"Thé vert Tchaé orient  Lipton  x20 - 35g","p":2.6,"u":"74,29 €/KG","img":"https://fd13-photos.leclercdrive.fr/image.ashx?id=2544641&use=l&cat=p&typeid=i","cat":293233},{"id":209857,"n":"Thé vert Lipton Pamplemousse Mandarine x20 32g","p":2.7,"u":"84,38 €/KG","img":"https://fd13-photos.leclercdrive.fr/image.ashx?id=2544623&use=l&cat=p&typeid=i","cat":293233},{"id":209859,"n":"Déboucheur Liquide Destop  4 doses - 950ml","p":3.46,"u":"3,64 €/L","img":"https://fd13-photos.leclercdrive.fr/image.ashx?id=2832161&use=l&cat=p&typeid=i","cat":284908},{"id":209860,"n":"Déboucheur Gel Destop  Express - 4 doses - 950ml","p":2.85,"u":"3,00 €/L","img":"https://fd13-photos.leclercdrive.fr/image.ashx?id=2832164&use=l&cat=p&typeid=i","cat":284908},{"id":209862,"n":"Thé vert Lipton Mangue abricot - x20 32g","p":2.47,"u":"77,19 €/KG","img":"https://fd13-photos.leclercdrive.fr/image.ashx?id=2544626&use=l&cat=p&typeid=i","cat":293233},{"id":209863,"n":"Gel anti-calcaire Calgon  4 en 1 - 750ml","p":5.05,"u":"6,73 €/L","img":"https://fd13-photos.leclercdrive.fr/image.ashx?id=2963475&use=l&cat=p&typeid=i","cat":284653},{"id":209865,"n":"Gel anti-calcaire Calgon  4 en 1 - 2,25L","p":12.79,"u":"5,68 €/L","img":"https://fd13-photos.leclercdrive.fr/image.ashx?id=2953932&use=l&cat=p&typeid=i","cat":284653},{"id":209866,"n":"Infusion Elephant  Pêche Abricot - x20 38g","p":2.39,"u":"62,89 €/KG","img":"https://fd13-photos.leclercdrive.fr/image.ashx?id=2544617&use=l&cat=p&typeid=i","cat":293234},{"id":209867,"n":"AIRWICK Recharge diffuseur Fres hmatic Purefresh Agrumes 250ml","p":4.24,"u":"16,96 €/L","img":"https://fd13-photos.leclercdrive.fr/image.ashx?id=2963478&use=l&cat=p&typeid=i","cat":311629},{"id":209868,"n":"AIRWICK Recharge Freshmatic Vanille et Caramel - 250ml","p":3.73,"u":"14,92 €/L","img":"https://fd13-photos.leclercdrive.fr/image.ashx?id=2896348&use=l&cat=p&typeid=i","cat":311629},{"id":209869,"n":"Infusion Elephant Pomme cannelle - 36g","p":1.93,"u":"53,61 €/KG","img":"https://fd13-photos.leclercdrive.fr/image.ashx?id=2544614&use=l&cat=p&typeid=i","cat":293234},{"id":209872,"n":"Infusion Elephant  Pamplemousse Mandarine x20 38g","p":2.84,"u":"74,74 €/KG","img":"https://fd13-photos.leclercdrive.fr/image.ashx?id=2544620&use=l&cat=p&typeid=i","cat":293234},{"id":209876,"n":"Infusion mangue passion  x20 - 36g","p":2.71,"u":"75,28 €/KG","img":"https://fd13-photos.leclercdrive.fr/image.ashx?id=2544611&use=l&cat=p&typeid=i","cat":293234},{"id":209877,"n":"Aérosol Fabulon  Pressing express - 400ml","p":4.47,"u":"11,18 €/L","img":"https://fd13-photos.leclercdrive.fr/image.ashx?id=2544410&use=l&cat=p&typeid=i","cat":284652},{"id":209878,"n":"Spray vitres Ajax Triple action - 750ml","p":1.98,"u":"2,64 €/L","img":"https://fd13-photos.leclercdrive.fr/image.ashx?id=2544581&use=l&cat=p&typeid=i","cat":325363},{"id":209879,"n":"Spray nettoyant La Croix Salle de bain - 500ml","p":1.78,"u":"3,56 €/L","img":"https://fd13-photos.leclercdrive.fr/image.ashx?id=2544587&use=l&cat=p&typeid=i","cat":325357},{"id":209891,"n":"Nettoyant lave-vaisselle Finish  Intégral Anti-Odeurs - 250ml","p":3.31,"u":"13,24 €/L","img":"https://fd13-photos.leclercdrive.fr/image.ashx?id=2659735&use=l&cat=p&typeid=i","cat":284657},{"id":209893,"n":"Détachant poudre Vanish  940g","p":10.19,"u":"10,84 €/KG","img":"https://fd13-photos.leclercdrive.fr/image.ashx?id=2680308&use=l&cat=p&typeid=i","cat":284651},{"id":209894,"n":"Adoucissant concentré Soupline  Lavande 60 lavages 1,35 L","p":6.38,"u":"4,73 €/L","img":"https://fd13-photos.leclercdrive.fr/image.ashx?id=2912716&use=l&cat=p&typeid=i","cat":284650},{"id":209900,"n":"Biscuit Pick Up! Fourré lait - 168g","p":2.3,"u":"13,69 €/KG","img":"https://fd13-photos.leclercdrive.fr/image.ashx?id=2561314&use=l&cat=p&typeid=i","cat":284488},{"id":209922,"n":"AOP Cabernet d'Anjou vin rosé Dumnacus - 75cl","p":4.7,"pp":3.29,"u":"4,39 €/L","img":"https://fd13-photos.leclercdrive.fr/image.ashx?id=2544335&use=l&cat=p&typeid=i","cat":289558},{"id":209993,"n":"Démaquillant Yeux Nivea Sensibles Doux - 125 ml","p":2.83,"u":"22,64 €/L","img":"https://fd13-photos.leclercdrive.fr/image.ashx?id=2953941&use=l&cat=p&typeid=i","cat":284603},{"id":210011,"n":"Détachant poudre Vanish  Blanc - 940g","p":10.19,"u":"10,84 €/KG","img":"https://fd13-photos.leclercdrive.fr/image.ashx?id=2680311&use=l&cat=p&typeid=i","cat":284651},{"id":210012,"n":"Adoucissant concentré Soupline Moments magiques - x52 - 1.2L","p":5.95,"u":"4,96 €/L","img":"https://fd13-photos.leclercdrive.fr/image.ashx?id=2545207&use=l&cat=p&typeid=i","cat":284650},{"id":210015,"n":"Nettoyant ménager La Croix Spray - Ultra cuisine - 500ml","p":1.84,"u":"3,68 €/L","img":"https://fd13-photos.leclercdrive.fr/image.ashx?id=2545216&use=l&cat=p&typeid=i","cat":325357},{"id":210016,"n":"Mousse Marie Morin Chocolat au Lait - 2x100g","p":3.69,"u":"18,45 €/KG","img":"https://fd13-photos.leclercdrive.fr/image.ashx?id=2631702&use=l&cat=p&typeid=i","cat":284417},{"id":210017,"n":"Mascara Maybelline Falsies Surreal Noir","p":11.85,"img":"https://fd13-photos.leclercdrive.fr/image.ashx?id=2545099&use=l&cat=p&typeid=i","cat":287029},{"id":210018,"n":"Cheesecake citron Marie Morin - 2x100g","p":2.95,"u":"14,75 €/KG","img":"https://fd13-photos.leclercdrive.fr/image.ashx?id=2629031&use=l&cat=p&typeid=i","cat":284419},{"id":210019,"n":"Lotion Tonique Visage Nivea Peaux sèches&sensibles - 200ml","p":3.58,"u":"17,90 €/L","img":"https://fd13-photos.leclercdrive.fr/image.ashx?id=3014602&use=l&cat=p&typeid=i","cat":284603},{"id":210024,"n":"Lingettes désinfectantes St  Marc Soleil de Corse - x80","p":2.59,"u":"0,03 €/P","img":"https://fd13-photos.leclercdrive.fr/image.ashx?id=2757440&use=l&cat=p&typeid=i","cat":325358},{"id":210044,"n":"Dentifrice Colgate Blancheur Micro cristaux - 75ml","p":1.59,"u":"21,20 €/L","img":"https://fd13-photos.leclercdrive.fr/image.ashx?id=3011947&use=l&cat=p&typeid=i","cat":284612},{"id":210052,"n":"Pop up Smarties 4x52g","p":3.97,"u":"19,09 €/KG","img":"https://fd13-photos.leclercdrive.fr/image.ashx?id=2557734&use=l&cat=p&typeid=i","cat":285250},{"id":210060,"n":"Yaourt vanille Simplement Bio Les 300 Laitiers Bio -  4x110g","p":1.32,"u":"3,00 €/KG","img":"https://fd13-photos.leclercdrive.fr/image.ashx?id=2629142&use=l&cat=p&typeid=i","cat":286006},{"id":210064,"n":"Friandises pour chien Fido Poulet - 130g","p":2.09,"u":"16,08 €/KG","img":"https://fd13-photos.leclercdrive.fr/image.ashx?id=2561503&use=l&cat=p&typeid=i","cat":294527},{"id":210065,"n":"Friandises pour chat Felix nuggets canard - 180g","p":3.55,"u":"19,72 €/KG","img":"https://fd13-photos.leclercdrive.fr/image.ashx?id=2561509&use=l&cat=p&typeid=i","cat":285285},{"id":210066,"n":"Friandise pour chat Felix Tasty Saumon truite - 180g","p":3.37,"u":"18,72 €/KG","img":"https://fd13-photos.leclercdrive.fr/image.ashx?id=2561512&use=l&cat=p&typeid=i","cat":285285},{"id":210067,"n":"Riz Lustucru 900g","p":2.49,"u":"2,77 €/KG","img":"https://fd13-photos.leclercdrive.fr/image.ashx?id=2963742&use=l&cat=p&typeid=i","cat":284428},{"id":210069,"n":"Lait Démaquillant apaisant Mixa Peaux sensibles - 200ml","p":3.09,"u":"15,45 €/L","img":"https://fd13-photos.leclercdrive.fr/image.ashx?id=2546632&use=l&cat=p&typeid=i","cat":284603},{"id":210071,"n":"Eyeliner feutre Maybelline Ink Pen ultra-pigmenté","p":10.16,"img":"https://fd13-photos.leclercdrive.fr/image.ashx?id=2546629&use=l&cat=p&typeid=i","cat":287029},{"id":210074,"n":"Shampoing Hydratant Dessange Préparation Brushing - 250ml","p":3.45,"u":"13,80 €/L","img":"https://fd13-photos.leclercdrive.fr/image.ashx?id=2546638&use=l&cat=p&typeid=i","cat":284606},{"id":210075,"n":"Lait de Brushing Dessange Thermo-protecteur 230°C - 125ml","p":8.15,"u":"65,20 €/L","img":"https://fd13-photos.leclercdrive.fr/image.ashx?id=2870695&use=l&cat=p&typeid=i","cat":284608},{"id":210077,"n":"Croquette chien Edgard & Cooper Saumon - 1kg","p":10.89,"u":"10,89 €/KG","img":"https://fd13-photos.leclercdrive.fr/image.ashx?id=2891289&use=l&cat=p&typeid=i","cat":284672},{"id":210078,"n":"Les Effilochés Gourmet Gold En sauce - 12x85g","p":6.59,"u":"6,46 €/KG","img":"https://fd13-photos.leclercdrive.fr/image.ashx?id=2861809&use=l&cat=p&typeid=i","cat":285286},{"id":210120,"n":"Thé glacé Lipton Ice Tea Pastèque menthe - 1.25L","p":1.7,"u":"1,36 €/L","img":"https://fd13-photos.leclercdrive.fr/image.ashx?id=2731591&use=l&cat=p&typeid=i","cat":295019},{"id":210142,"n":"Soin nuit repulpant So'Bio Etic Bio - 50ml","p":12.38,"u":"247,60 €/L","img":"https://fd13-photos.leclercdrive.fr/image.ashx?id=2997013&use=l&cat=p&typeid=i","cat":325345},{"id":210147,"n":"Baume hydratant bio So'Bio Etic Apaisant - Eau thermale 50ML","p":12.11,"u":"242,20 €/L","img":"https://fd13-photos.leclercdrive.fr/image.ashx?id=2889634&use=l&cat=p&typeid=i","cat":325345},{"id":210168,"n":"Thé noir bio Kusmi Tea Anastasia x20 - 40g","p":6.46,"u":"161,50 €/KG","img":"https://fd13-photos.leclercdrive.fr/image.ashx?id=2841463&use=l&cat=p&typeid=i","cat":293233},{"id":210171,"n":"Infusion fruits Bio Kusmi Tea Aqua Rosa x20 - 40g","p":6.47,"u":"161,75 €/KG","img":"https://fd13-photos.leclercdrive.fr/image.ashx?id=2658953&use=l&cat=p&typeid=i","cat":293234},{"id":210172,"n":"Thé vert Bio Kusmi Tea BB Detox x20 - 40g","p":8.21,"u":"205,25 €/KG","img":"https://fd13-photos.leclercdrive.fr/image.ashx?id=2549020&use=l&cat=p&typeid=i","cat":293233},{"id":210177,"n":"Thé noir Bio Kusmi Tea Earl grey bergamote x20 - 40g","p":5.39,"u":"134,75 €/KG","img":"https://fd13-photos.leclercdrive.fr/image.ashx?id=2658249&use=l&cat=p&typeid=i","cat":293233},{"id":210179,"n":"Mélange thés noirs Kusmi Tea English Breakfast Bio x20 - 40g","p":5.39,"u":"134,75 €/KG","img":"https://fd13-photos.leclercdrive.fr/image.ashx?id=2658950&use=l&cat=p&typeid=i","cat":293233},{"id":210202,"n":"Thé vert Bio Kusmi Tea Gingembre citron x20 - 40g","p":5.39,"u":"134,75 €/KG","img":"https://fd13-photos.leclercdrive.fr/image.ashx?id=2658959&use=l&cat=p&typeid=i","cat":293233},{"id":210203,"n":"Thé vert Bio Kusmi Tea Jasmin x20 - 40g","p":5.35,"u":"133,75 €/KG","img":"https://fd13-photos.leclercdrive.fr/image.ashx?id=2658944&use=l&cat=p&typeid=i","cat":293233},{"id":210204,"n":"Thé vert Bio Kusmi Tea Menthe x20 - 40g","p":5.39,"u":"134,75 €/KG","img":"https://fd13-photos.leclercdrive.fr/image.ashx?id=2658947&use=l&cat=p&typeid=i","cat":293233},{"id":210206,"n":"Brossettes Oral-B 3D White x4","p":20.97,"u":"5,24 €/P","img":"https://fd13-photos.leclercdrive.fr/image.ashx?id=2617483&use=l&cat=p&typeid=i","cat":297133},{"id":210233,"n":"AOC Côtes de Provence rosé Bio Nos Racines - 75cl","p":8.35,"img":"https://fd13-photos.leclercdrive.fr/image.ashx?id=2546035&use=l&cat=p&typeid=i","cat":289558},{"id":210235,"n":"Serviettes Tena Discreet Extra - x10","p":3.88,"u":"0,39 €/P","img":"https://fd13-photos.leclercdrive.fr/image.ashx?id=2597244&use=l&cat=p&typeid=i","cat":284628},{"id":210236,"n":"Bière blanche Leffe  5,7% - 6x25cl","p":5.27,"u":"3,51 €/L","img":"https://fd13-photos.leclercdrive.fr/image.ashx?id=2546764&use=l&cat=p&typeid=i","cat":334878},{"id":210237,"n":"Sirop concentré La Maison Guiot Citron et Citron vert - 50cl","p":3.38,"u":"6,76 €/L","img":"https://fd13-photos.leclercdrive.fr/image.ashx?id=2857174&use=l&cat=p&typeid=i","cat":295020},{"id":210248,"n":"Gel à raser Gillette Fusion Hydratant  - 2x200ml","p":10.65,"u":"26,63 €/L","img":"https://fd13-photos.leclercdrive.fr/image.ashx?id=2546839&use=l&cat=p&typeid=i","cat":284617},{"id":210254,"n":"Brossettes Oral-B Pro Cross Action - x4","p":20.98,"img":"https://fd13-photos.leclercdrive.fr/image.ashx?id=2743643&use=l&cat=p&typeid=i","cat":297133},{"id":210303,"n":"Gel douche Le Petit Marseillais Bio Verveine/Citron - 250ml","p":2.38,"u":"9,52 €/L","img":"https://fd13-photos.leclercdrive.fr/image.ashx?id=2684530&use=l&cat=p&typeid=i","cat":284594},{"id":210401,"n":"Oreiller ergonomique Tissaia Blanc - 35x50cm","p":17.95,"u":"Dont 0,20 € d'éco-part.","img":"https://fd13-photos.leclercdrive.fr/image.ashx?id=2546932&use=l&cat=p&typeid=i","cat":288835},{"id":210402,"n":"Oreiller standard ferme Tissaia Blanc - 60x60cm","p":9.85,"u":"Dont 0,20 € d'éco-part.","img":"https://fd13-photos.leclercdrive.fr/image.ashx?id=2546974&use=l&cat=p&typeid=i","cat":288835},{"id":210417,"n":"Spaghetti Lustucru  Qualité supérieur - 500g","p":1.52,"u":"3,04 €/KG","img":"https://fd13-photos.leclercdrive.fr/image.ashx?id=2989348&use=l&cat=p&typeid=i","cat":284427},{"id":210490,"n":"Dessert liégeois Viennois  Caramel - 4x100g","p":2.11,"u":"5,28 €/KG","img":"https://fd13-photos.leclercdrive.fr/image.ashx?id=2686531&use=l&cat=p&typeid=i","cat":285042},{"id":210520,"n":"Smarties Fun Cônes x6 -  234g","p":3.77,"u":"16,11 €/KG","img":"https://fd13-photos.leclercdrive.fr/image.ashx?id=2557737&use=l&cat=p&typeid=i","cat":285250},{"id":210524,"n":"Compotes Pom'Potes Gourdes  Battle P. Framb P. Mûre - 4x90g","p":2.16,"u":"6,00 €/KG","img":"https://fd13-photos.leclercdrive.fr/image.ashx?id=3010915&use=l&cat=p&typeid=i","cat":284508},{"id":210531,"n":"Capsules Carte Noire Classique N°7 x80 - 440g","p":16.0,"u":"36,36 €/KG","img":"https://fd13-photos.leclercdrive.fr/image.ashx?id=2750660&use=l&cat=p&typeid=i","cat":284749},{"id":210618,"n":"AOP vin rouge Pic Saint-Loup  La bonne ambiance - 75cl","p":7.95,"u":"10,60 €/L","img":"https://fd13-photos.leclercdrive.fr/image.ashx?id=2551411&use=l&cat=p&typeid=i","cat":289556},{"id":210703,"n":"Terrine Tous mes amis Volaille carottes - 1.2kg","p":1.95,"u":"1,63 €/KG","img":"https://fd13-photos.leclercdrive.fr/image.ashx?id=2815758&use=l&cat=p&typeid=i","cat":288578},{"id":210705,"n":"Dragées chocolatées M&M's Cacahuètes - 250g","p":2.85,"u":"11,40 €/KG","img":"https://fd13-photos.leclercdrive.fr/image.ashx?id=3003393&use=l&cat=p&typeid=i","cat":304238},{"id":210717,"n":"Boulettes de boeuf Eco+ 1.2kg","p":1.53,"img":"https://fd13-photos.leclercdrive.fr/image.ashx?id=2815740&use=l&cat=p&typeid=i","cat":288578},{"id":210727,"n":"Poivre noir Ducros Bresil - 32g","p":2.62,"u":"81,88 €/KG","img":"https://fd13-photos.leclercdrive.fr/image.ashx?id=2552580&use=l&cat=p&typeid=i","cat":284457},{"id":210728,"n":"Sirop de glucose 250g","p":3.92,"u":"15,68 €/KG","img":"https://fd13-photos.leclercdrive.fr/image.ashx?id=2876308&use=l&cat=p&typeid=i","cat":284504},{"id":210737,"n":"Perles japon Tipiak 350g","p":2.22,"u":"6,34 €/KG","img":"https://fd13-photos.leclercdrive.fr/image.ashx?id=2812900&use=l&cat=p&typeid=i","cat":284429},{"id":210803,"n":"Adoucissant Hyperdou Douceur de pêche - 1.9L - x27","p":2.42,"u":"1,27 €/L","img":"https://fd13-photos.leclercdrive.fr/image.ashx?id=2603015&use=l&cat=p&typeid=i","cat":284650},{"id":210804,"n":"Adoucissant Hyperdou Rêve de fraîcheur - 1.9L - x27","p":2.15,"u":"1,13 €/L","img":"https://fd13-photos.leclercdrive.fr/image.ashx?id=2603012&use=l&cat=p&typeid=i","cat":284650},{"id":210806,"n":"Adoucissant Hyperdou Senstive - 1.9L - x27","p":2.38,"u":"1,25 €/L","img":"https://fd13-photos.leclercdrive.fr/image.ashx?id=2603024&use=l&cat=p&typeid=i","cat":284650},{"id":210821,"n":"Pommes rissolées Findus 590g","p":2.47,"u":"4,19 €/KG","img":"https://fd13-photos.leclercdrive.fr/image.ashx?id=2790099&use=l&cat=p&typeid=i","cat":319792},{"id":210823,"n":"Pommes noisette Findus 500g","p":2.27,"u":"4,54 €/KG","img":"https://fd13-photos.leclercdrive.fr/image.ashx?id=2865866&use=l&cat=p&typeid=i","cat":319792},{"id":210824,"n":"Pommes noisette Findus 900g","p":3.96,"u":"4,40 €/KG","img":"https://fd13-photos.leclercdrive.fr/image.ashx?id=2899500&use=l&cat=p&typeid=i","cat":319792},{"id":210825,"n":"Whisky Lord Moisans 3 ans - 40% - 70cl","p":21.8,"u":"31,14 €/L","img":"https://fd13-photos.leclercdrive.fr/image.ashx?id=2554220&use=l&cat=p&typeid=i","cat":284547},{"id":210827,"n":"Adoucissant Hyperdou Plaisir de vanille - 1.9L - x27","p":1.99,"u":"1,05 €/L","img":"https://fd13-photos.leclercdrive.fr/image.ashx?id=2603018&use=l&cat=p&typeid=i","cat":284650},{"id":210946,"n":"Margarine Planta Fin  Demi-sel 100% végétal - 450g","p":3.07,"u":"6,82 €/KG","img":"https://fd13-photos.leclercdrive.fr/image.ashx?id=2989474&use=l&cat=p&typeid=i","cat":315229},{"id":210948,"n":"Margarine Planta Fin Doux 100% végétal - 450g","p":2.33,"u":"5,18 €/KG","img":"https://fd13-photos.leclercdrive.fr/image.ashx?id=2989477&use=l&cat=p&typeid=i","cat":315229},{"id":210956,"n":"Yaourt gourmand Délisse Coco - 2x150g","p":1.09,"u":"3,63 €/KG","img":"https://fd13-photos.leclercdrive.fr/image.ashx?id=2556532&use=l&cat=p&typeid=i","cat":314999},{"id":210957,"n":"Yaourt gourmand Délisse Cerise - 2x150g","p":1.09,"u":"3,63 €/KG","img":"https://fd13-photos.leclercdrive.fr/image.ashx?id=2552502&use=l&cat=p&typeid=i","cat":314999},{"id":210958,"n":"Yaourt gourrmand Délisse  2x150g","p":1.13,"u":"3,77 €/KG","img":"https://fd13-photos.leclercdrive.fr/image.ashx?id=2552505&use=l&cat=p&typeid=i","cat":314999},{"id":210960,"n":"Bouchées Tous les Amis 1.2kg","p":2.15,"u":"1,79 €/KG","img":"https://fd13-photos.leclercdrive.fr/image.ashx?id=2815767&use=l&cat=p&typeid=i","cat":288578},{"id":210962,"n":"Emincés en sauce Tous les Amis Assortiment - 6x400g","p":5.28,"u":"2,20 €/KG","img":"https://fd13-photos.leclercdrive.fr/image.ashx?id=2815761&use=l&cat=p&typeid=i","cat":285601},{"id":210963,"n":"Boulettes de bœuf Eco+ 400g","p":0.87,"u":"2,18 €/KG","img":"https://fd13-photos.leclercdrive.fr/image.ashx?id=2815731&use=l&cat=p&typeid=i","cat":285601},{"id":210964,"n":"Cœurs en sucre Vahiné 20g","p":2.62,"u":"131,00 €/KG","img":"https://fd13-photos.leclercdrive.fr/image.ashx?id=2890875&use=l&cat=p&typeid=i","cat":284504},{"id":210965,"n":"Le Fondant Mamie Nova Caramel beurre salé - 2x150g","p":1.69,"u":"5,63 €/KG","img":"https://fd13-photos.leclercdrive.fr/image.ashx?id=2909038&use=l&cat=p&typeid=i","cat":285041},{"id":210968,"n":"Tajine de boeuf Fleury Michon 350g","p":2.93,"u":"8,37 €/KG","img":"https://fd13-photos.leclercdrive.fr/image.ashx?id=2656730&use=l&cat=p&typeid=i","cat":333665},{"id":210975,"n":"Cabillaud Fondue de poireaux Weight Watchers - 290g","p":4.42,"u":"15,24 €/KG","img":"https://fd13-photos.leclercdrive.fr/image.ashx?id=2610882&use=l&cat=p&typeid=i","cat":333665},{"id":210976,"n":"Émincés de boeuf Marie Sauce au poivre - 300g","p":4.57,"u":"15,23 €/KG","img":"https://fd13-photos.leclercdrive.fr/image.ashx?id=2554178&use=l&cat=p&typeid=i","cat":333665},{"id":210985,"n":"Mini Cookies Michel et Augustin lait et noir - 100g","p":2.46,"u":"24,60 €/KG","img":"https://fd13-photos.leclercdrive.fr/image.ashx?id=2554343&use=l&cat=p&typeid=i","cat":325066},{"id":211032,"n":"Saumon Fleury Michon Oseille et riz basmati - 290g","p":3.75,"u":"12,93 €/KG","img":"https://fd13-photos.leclercdrive.fr/image.ashx?id=2656721&use=l&cat=p&typeid=i","cat":333665},{"id":211041,"n":"Fromage à tartiner Kiri Délicieusement fouetté - 210g","p":3.36,"u":"16,00 €/KG","img":"https://fd13-photos.leclercdrive.fr/image.ashx?id=2686594&use=l&cat=p&typeid=i","cat":314029},{"id":211044,"n":"Gel Toilette Intime Extra Doux Intima Natural Hamamélis 500ml","p":5.99,"u":"11,98 €/L","img":"https://fd13-photos.leclercdrive.fr/image.ashx?id=2959877&use=l&cat=p&typeid=i","cat":284627},{"id":211054,"n":"Croûtons Tipiak Nature - 75g","p":1.49,"u":"19,87 €/KG","img":"https://fd13-photos.leclercdrive.fr/image.ashx?id=2812726&use=l&cat=p&typeid=i","cat":284464},{"id":211079,"n":"Terrine Tous Mes Amis 3x1.2kg","p":5.85,"u":"1,63 €/KG","img":"https://fd13-photos.leclercdrive.fr/image.ashx?id=2815770&use=l&cat=p&typeid=i","cat":288578},{"id":211082,"n":"Soda Canada Dry Ginger Ale 6x33cl","p":3.46,"u":"1,75 €/L","img":"https://fd13-photos.leclercdrive.fr/image.ashx?id=2669097&use=l&cat=p&typeid=i","cat":284531},{"id":211085,"n":"Thé glacé Lipton Ice Tea pêche Le lot de 4x1.25L","p":6.36,"pp":4.45,"u":"0,89 €/L","img":"https://fd13-photos.leclercdrive.fr/image.ashx?id=2554133&use=l&cat=p&typeid=i","cat":295019},{"id":211086,"n":"Noisettes décortiquées Vahiné  100g","p":3.38,"u":"33,80 €/KG","img":"https://fd13-photos.leclercdrive.fr/image.ashx?id=2554145&use=l&cat=p&typeid=i","cat":284504},{"id":211089,"n":"Pâte à sucre rose Vahiné  250g","p":3.71,"u":"14,84 €/KG","img":"https://fd13-photos.leclercdrive.fr/image.ashx?id=2554154&use=l&cat=p&typeid=i","cat":284504},{"id":211090,"n":"Liqueur de menthe Get 27 17,9° - 1L","p":17.31,"u":"17,31 €/L","img":"https://fd13-photos.leclercdrive.fr/image.ashx?id=2858276&use=l&cat=p&typeid=i","cat":286032},{"id":211092,"n":"Hit Cocoa  134g","p":1.09,"u":"8,13 €/KG","img":"https://fd13-photos.leclercdrive.fr/image.ashx?id=2554406&use=l&cat=p&typeid=i","cat":284488},{"id":211095,"n":"Dessert végétal Alpro Fraise - 500g","p":1.98,"u":"3,96 €/KG","img":"https://fd13-photos.leclercdrive.fr/image.ashx?id=2976071&use=l&cat=p&typeid=i","cat":316071},{"id":211096,"n":"Ciboulette Ducros 11g","p":2.02,"u":"183,64 €/KG","img":"https://fd13-photos.leclercdrive.fr/image.ashx?id=2554115&use=l&cat=p&typeid=i","cat":298297},{"id":211098,"n":"Emincée Tous Mes Amis Poissons - 4x400g","p":4.02,"u":"2,51 €/KG","img":"https://fd13-photos.leclercdrive.fr/image.ashx?id=2815764&use=l&cat=p&typeid=i","cat":285601},{"id":211114,"n":"Bigarreaux confits Vahiné Provence - 150g","p":3.38,"u":"22,53 €/KG","img":"https://fd13-photos.leclercdrive.fr/image.ashx?id=2554136&use=l&cat=p&typeid=i","cat":284504},{"id":211117,"n":"Paprika fumé Ducros 40g","p":1.68,"u":"42,00 €/KG","img":"https://fd13-photos.leclercdrive.fr/image.ashx?id=2559484&use=l&cat=p&typeid=i","cat":298297},{"id":211122,"n":"Curry Ducros 100g","p":2.37,"u":"23,70 €/KG","img":"https://fd13-photos.leclercdrive.fr/image.ashx?id=2554118&use=l&cat=p&typeid=i","cat":298297},{"id":211123,"n":"Paprika doux Ducros 100g","p":2.35,"u":"23,50 €/KG","img":"https://fd13-photos.leclercdrive.fr/image.ashx?id=2554121&use=l&cat=p&typeid=i","cat":298297},{"id":211125,"n":"Curry Ducros 47g","p":1.99,"u":"42,34 €/KG","img":"https://fd13-photos.leclercdrive.fr/image.ashx?id=2559496&use=l&cat=p&typeid=i","cat":298297},{"id":211127,"n":"Pignons de pin Vahiné  150g","p":12.65,"u":"84,33 €/KG","img":"https://fd13-photos.leclercdrive.fr/image.ashx?id=2554142&use=l&cat=p&typeid=i","cat":284357},{"id":211156,"n":"AOC Côtes de Bourg Château Castaing rouge 75cl","p":5.9,"u":"7,87 €/L","img":"https://fd13-photos.leclercdrive.fr/image.ashx?id=2742177&use=l&cat=p&typeid=i","cat":289556},{"id":211178,"n":"Papier cuisson Alfapac Rouleau 12m","p":2.49,"img":"https://fd13-photos.leclercdrive.fr/image.ashx?id=2887737&use=l&cat=p&typeid=i","cat":334134},{"id":211221,"n":"Huile d'olive AOP Melfor Terra Creta 75cl","p":11.65,"u":"15,53 €/L","img":"https://fd13-photos.leclercdrive.fr/image.ashx?id=2902304&use=l&cat=p&typeid=i","cat":284453},{"id":211223,"n":"Piment d'Espelette Ducros et origan - 25g","p":8.91,"u":"356,40 €/KG","img":"https://fd13-photos.leclercdrive.fr/image.ashx?id=2555340&use=l&cat=p&typeid=i","cat":298297},{"id":211225,"n":"Poivre blanc Ducros Grains 100g","p":3.87,"u":"38,70 €/KG","img":"https://fd13-photos.leclercdrive.fr/image.ashx?id=2555334&use=l&cat=p&typeid=i","cat":284457},{"id":211228,"n":"Pralines concassées Vahiné 100g","p":2.12,"u":"21,20 €/KG","img":"https://fd13-photos.leclercdrive.fr/image.ashx?id=2569434&use=l&cat=p&typeid=i","cat":284504},{"id":211229,"n":"Pépites chocolat corsé Vahiné 100g","p":3.15,"u":"31,50 €/KG","img":"https://fd13-photos.leclercdrive.fr/image.ashx?id=2555403&use=l&cat=p&typeid=i","cat":284504},{"id":211238,"n":"Paëlla Ô Bistro Riz et chorizo - 275g","p":3.97,"u":"14,44 €/KG","img":"https://fd13-photos.leclercdrive.fr/image.ashx?id=2556282&use=l&cat=p&typeid=i","cat":284953},{"id":211239,"n":"Chili con carne Ô Bistro Riz et paprika - 300g","p":3.97,"u":"13,23 €/KG","img":"https://fd13-photos.leclercdrive.fr/image.ashx?id=2556279&use=l&cat=p&typeid=i","cat":284953},{"id":211244,"n":"Boisson base vodka Eristoff Pink 18° - 70cl","p":12.95,"u":"18,50 €/L","img":"https://fd13-photos.leclercdrive.fr/image.ashx?id=2842933&use=l&cat=p&typeid=i","cat":284550},{"id":211245,"n":"AOP Coteaux d'Aix en Provence Bio rosé de nuit - 75cl","p":8.49,"u":"11,32 €/L","img":"https://fd13-photos.leclercdrive.fr/image.ashx?id=2955450&use=l&cat=p&typeid=i","cat":289558},{"id":211248,"n":"AOP Tavel Domaine Amido Les Baussières rosé - 75cl","p":7.82,"u":"10,43 €/L","img":"https://fd13-photos.leclercdrive.fr/image.ashx?id=2555307&use=l&cat=p&typeid=i","cat":289558},{"id":211249,"n":"AOP Vacqueyras rouge Domaine du Grand Prieur - 75cl","p":10.5,"u":"14,00 €/L","img":"https://fd13-photos.leclercdrive.fr/image.ashx?id=2555517&use=l&cat=p&typeid=i","cat":289556},{"id":211254,"n":"AOP Cahors  Château des Grézels rouge -75cl","p":6.9,"u":"9,20 €/L","img":"https://fd13-photos.leclercdrive.fr/image.ashx?id=2561014&use=l&cat=p&typeid=i","cat":289556},{"id":211260,"n":"AOC Haut Médoc  Château D'Agassac 75cl","p":16.95,"u":"22,60 €/L","img":"https://fd13-photos.leclercdrive.fr/image.ashx?id=2560170&use=l&cat=p&typeid=i","cat":289556},{"id":211300,"n":"Chips ancienne nature Lay's Sel maxi format  - 365g","p":3.29,"u":"9,01 €/KG","img":"https://fd13-photos.leclercdrive.fr/image.ashx?id=2996602&use=l&cat=p&typeid=i","cat":284447},{"id":211302,"n":"Chips paysanne nature Lay's Sel maxi format  - 365g","p":3.29,"u":"9,01 €/KG","img":"https://fd13-photos.leclercdrive.fr/image.ashx?id=2818605&use=l&cat=p&typeid=i","cat":284447},{"id":211334,"n":"Crème brûlée Nature Marie Morin - 2x130g","p":3.49,"u":"13,42 €/KG","img":"https://fd13-photos.leclercdrive.fr/image.ashx?id=2631732&use=l&cat=p&typeid=i","cat":284419},{"id":211342,"n":"Boisson gazeuse Nocco Limon del sol 33cl","p":2.3,"u":"6,97 €/L","img":"https://fd13-photos.leclercdrive.fr/image.ashx?id=2781129&use=l&cat=p&typeid=i","cat":284533},{"id":211344,"n":"Boisson gazeuse Nocco Tropical 33cl","p":2.3,"u":"6,97 €/L","img":"https://fd13-photos.leclercdrive.fr/image.ashx?id=2828688&use=l&cat=p&typeid=i","cat":284533},{"id":211346,"n":"AOC Côtes de Provence Mirabeau en Provence 75cl","p":10.18,"u":"13,57 €/L","img":"https://fd13-photos.leclercdrive.fr/image.ashx?id=2595519&use=l&cat=p&typeid=i","cat":289558},{"id":211397,"n":"Cacahuetes caramélisées Tokapi Salé - 150g","p":1.4,"u":"9,33 €/KG","img":"https://fd13-photos.leclercdrive.fr/image.ashx?id=2793329&use=l&cat=p&typeid=i","cat":284448},{"id":211398,"n":"Amandes  Tokapi 200g","p":2.78,"u":"13,90 €/KG","img":"https://fd13-photos.leclercdrive.fr/image.ashx?id=2793326&use=l&cat=p&typeid=i","cat":284448},{"id":211406,"n":"Mélange noix nobles Tokapi 100g","p":1.92,"u":"19,20 €/KG","img":"https://fd13-photos.leclercdrive.fr/image.ashx?id=2907473&use=l&cat=p&typeid=i","cat":284448},{"id":211409,"n":"AOP Crémant d'Alsace Rebmann Demi sec - 75cl","p":5.95,"u":"7,93 €/L","img":"https://fd13-photos.leclercdrive.fr/image.ashx?id=2684694&use=l&cat=p&typeid=i","cat":284545},{"id":211412,"n":"Gommes acacia Confiseo Citron miel - 250g","p":1.89,"u":"7,56 €/KG","img":"https://fd13-photos.leclercdrive.fr/image.ashx?id=2934772&use=l&cat=p&typeid=i","cat":304250},{"id":211413,"n":"Céréales Kit Kat 330g","p":3.72,"u":"11,27 €/KG","img":"https://fd13-photos.leclercdrive.fr/image.ashx?id=2989453&use=l&cat=p&typeid=i","cat":309513},{"id":211414,"n":"Céréales Miel Pops Kellogg's 330g","p":2.23,"u":"6,76 €/KG","img":"https://fd13-photos.leclercdrive.fr/image.ashx?id=3003423&use=l&cat=p&typeid=i","cat":309513},{"id":211415,"n":"Poules aux vermicelles Maggi 3x59g","p":1.19,"u":"6,72 €/KG","img":"https://fd13-photos.leclercdrive.fr/image.ashx?id=2556345&use=l&cat=p&typeid=i","cat":284463},{"id":211426,"n":"Pain burger Eco+ Nature x6 - 330g","p":0.88,"u":"2,67 €/KG","img":"https://fd13-photos.leclercdrive.fr/image.ashx?id=2854195&use=l&cat=p&typeid=i","cat":325067},{"id":211427,"n":"Pain burger Epi d'Or Nature x6 - 330g","p":0.93,"u":"2,82 €/KG","img":"https://fd13-photos.leclercdrive.fr/image.ashx?id=2807303&use=l&cat=p&typeid=i","cat":325067},{"id":211428,"n":"Céréales Special K Kellogg's Nature - 500g","p":3.05,"u":"6,10 €/KG","img":"https://fd13-photos.leclercdrive.fr/image.ashx?id=2583996&use=l&cat=p&typeid=i","cat":309512},{"id":211431,"n":"Oignon Ducros 9g","p":1.95,"u":"216,67 €/KG","img":"https://fd13-photos.leclercdrive.fr/image.ashx?id=2557332&use=l&cat=p&typeid=i","cat":298297},{"id":211432,"n":"Court bouillon Maggi Legumes et vin blanc 150g","p":1.42,"u":"9,47 €/KG","img":"https://fd13-photos.leclercdrive.fr/image.ashx?id=2557740&use=l&cat=p&typeid=i","cat":288379},{"id":211437,"n":"Céréales Kellogg's Rice Krispies - 360g","p":2.73,"u":"7,58 €/KG","img":"https://fd13-photos.leclercdrive.fr/image.ashx?id=3003420&use=l&cat=p&typeid=i","cat":309513},{"id":211441,"n":"Miel La Maison de l'Abeille Printemps 500g","p":9.26,"u":"18,52 €/KG","img":"https://fd13-photos.leclercdrive.fr/image.ashx?id=2770094&use=l&cat=p&typeid=i","cat":287643},{"id":211454,"n":"Beurre de Bretagne Le Gall Doux -  200g","p":2.51,"u":"12,55 €/KG","img":"https://fd13-photos.leclercdrive.fr/image.ashx?id=2557413&use=l&cat=p&typeid=i","cat":284379},{"id":211455,"n":"Les Oeufs d'Erwan plein air Calibre moyen x12","p":2.9,"pp":2.03,"u":"0,17 €/P","img":"https://fd13-photos.leclercdrive.fr/image.ashx?id=2557548&use=l&cat=p&typeid=i","cat":284378},{"id":211470,"n":"Dentifrice Signal Professionnel Action Sensibilité Complet 75ml","p":2.92,"u":"38,93 €/L","img":"https://fd13-photos.leclercdrive.fr/image.ashx?id=2961326&use=l&cat=p&typeid=i","cat":284612},{"id":211481,"n":"Biscottes Pasquier Sans sel et sucre ajoutés - 300","p":1.4,"u":"4,67 €/KG","img":"https://fd13-photos.leclercdrive.fr/image.ashx?id=2899407&use=l&cat=p&typeid=i","cat":284479},{"id":211492,"n":"Dessert végétal Alpro Pêche - 500g","p":2.18,"u":"4,36 €/KG","img":"https://fd13-photos.leclercdrive.fr/image.ashx?id=2556395&use=l&cat=p&typeid=i","cat":316071},{"id":211493,"n":"Pomme de terre Grenaille Maison Tino - 600g","p":4.89,"u":"8,15 €/KG","img":"https://fd13-photos.leclercdrive.fr/image.ashx?id=2903248&use=l&cat=p&typeid=i","cat":333665},{"id":211512,"n":"Dentifrice Blancheur Signal White Now Original 75ml","p":2.42,"u":"32,27 €/L","img":"https://fd13-photos.leclercdrive.fr/image.ashx?id=2832590&use=l&cat=p&typeid=i","cat":284612},{"id":211525,"n":"Lessive tablettes Persil Bouquet de Provence - x32","p":7.11,"u":"7,41 €/KG","img":"https://fd13-photos.leclercdrive.fr/image.ashx?id=2557809&use=l&cat=p&typeid=i","cat":284641},{"id":211527,"n":"Dentifrice Blancheur Signal White Now Super Pure 75ml","p":2.79,"u":"37,20 €/L","img":"https://fd13-photos.leclercdrive.fr/image.ashx?id=2770190&use=l&cat=p&typeid=i","cat":284612},{"id":211537,"n":"Céréales Miel Pops Loops Kellogg's 330g","p":2.38,"u":"7,21 €/KG","img":"https://fd13-photos.leclercdrive.fr/image.ashx?id=2561353&use=l&cat=p&typeid=i","cat":309513},{"id":211543,"n":"Adoucissant Cajoline L'Original Doux & Pur x60","p":3.75,"u":"2,72 €/L","img":"https://fd13-photos.leclercdrive.fr/image.ashx?id=2960267&use=l&cat=p&typeid=i","cat":284650},{"id":211545,"n":"Adoucissant Cajoline Créations Tiaré baies sauvages 1.38L x60","p":5.76,"u":"4,17 €/L","img":"https://fd13-photos.leclercdrive.fr/image.ashx?id=2765671&use=l&cat=p&typeid=i","cat":284650},{"id":211546,"n":"Adoucissant Cajoline Creations Fraîcheur ensolleilée 1.38L x60","p":5.76,"u":"4,17 €/L","img":"https://fd13-photos.leclercdrive.fr/image.ashx?id=2765665&use=l&cat=p&typeid=i","cat":284650},{"id":211547,"n":"Adoucissant Cajoline Rose & Lilas blanc - 1.035L x45","p":5.73,"u":"5,54 €/L","img":"https://fd13-photos.leclercdrive.fr/image.ashx?id=2960273&use=l&cat=p&typeid=i","cat":284650},{"id":211550,"n":"Sel Regénérant Sun Lave Vaisselle Standard 1Kg","p":1.56,"u":"1,56 €/KG","img":"https://fd13-photos.leclercdrive.fr/image.ashx?id=2729434&use=l&cat=p&typeid=i","cat":284657},{"id":211551,"n":"Déodorant bille homme Axe Aqua bergamot - 50ml","p":4.8,"u":"96,00 €/L","img":"https://fd13-photos.leclercdrive.fr/image.ashx?id=2850829&use=l&cat=p&typeid=i","cat":284618},{"id":211561,"n":"Déodorant Spray Dove Anti- Transpirant Invisible Dry 100ml","p":3.27,"u":"32,70 €/L","img":"https://fd13-photos.leclercdrive.fr/image.ashx?id=2905711&use=l&cat=p&typeid=i","cat":284595},{"id":211562,"n":"Déodorant Spray Compressé Dove Anti-Transpirant Original 100ml","p":3.6,"u":"36,00 €/L","img":"https://fd13-photos.leclercdrive.fr/image.ashx?id=2793098&use=l&cat=p&typeid=i","cat":284595},{"id":211563,"n":"Déodorant Spray Dove Anti- Transpirant Invisible Dry 200ml","p":2.99,"u":"14,95 €/L","img":"https://fd13-photos.leclercdrive.fr/image.ashx?id=2877244&use=l&cat=p&typeid=i","cat":284595},{"id":211564,"n":"Adoucissant concentré Soupline Coco fleurs blanches - 1.28L","p":6.74,"u":"5,27 €/L","img":"https://fd13-photos.leclercdrive.fr/image.ashx?id=2832566&use=l&cat=p&typeid=i","cat":284650},{"id":211573,"n":"Déodorant Spray Dove Anti- Transpirant Original 200ml","p":2.99,"u":"14,95 €/L","img":"https://fd13-photos.leclercdrive.fr/image.ashx?id=2878486&use=l&cat=p&typeid=i","cat":284595},{"id":211578,"n":"Déodorant bille Rexona Invisible aqua 72h - 50ml","p":2.99,"u":"59,80 €/L","img":"https://fd13-photos.leclercdrive.fr/image.ashx?id=2849674&use=l&cat=p&typeid=i","cat":284595},{"id":211579,"n":"Déodorant Bille Dove Anti- Transpirant Original 50ml","p":2.79,"u":"55,80 €/L","img":"https://fd13-photos.leclercdrive.fr/image.ashx?id=2877685&use=l&cat=p&typeid=i","cat":284595},{"id":211584,"n":"Déodorant spray homme Axe Aqua bergamot - 150ml","p":4.34,"u":"28,93 €/L","img":"https://fd13-photos.leclercdrive.fr/image.ashx?id=3004453&use=l&cat=p&typeid=i","cat":284618},{"id":211589,"n":"Coulis de tomate Alro Basilic - 680g","p":2.26,"u":"3,32 €/KG","img":"https://fd13-photos.leclercdrive.fr/image.ashx?id=2994542&use=l&cat=p&typeid=i","cat":289010},{"id":211597,"n":"Yaourt brassé Gervais Stracciatella - 4x115g","p":3.04,"u":"6,61 €/KG","img":"https://fd13-photos.leclercdrive.fr/image.ashx?id=2831678&use=l&cat=p&typeid=i","cat":314999},{"id":211598,"n":"Yaourt protéiné Hipro Stracciatella 0%mg - 2x160g","p":2.74,"u":"8,56 €/KG","img":"https://fd13-photos.leclercdrive.fr/image.ashx?id=2807438&use=l&cat=p&typeid=i","cat":315000},{"id":211631,"n":"Desserts Lactés P'TIT BRASSE   Abricot vanille -6m+ - 4x90g","p":2.11,"u":"5,86 €/KG","img":"https://fd13-photos.leclercdrive.fr/image.ashx?id=2600072&use=l&cat=p&typeid=i","cat":312392},{"id":211632,"n":"Desserts Lactés P'TIT ONCTUEUX Nature 6M+ - 8x90g","p":4.16,"u":"5,78 €/KG","img":"https://fd13-photos.leclercdrive.fr/image.ashx?id=2559161&use=l&cat=p&typeid=i","cat":312392},{"id":211652,"n":"Ravioli légumes Maison Rivière 400g","p":2.95,"u":"7,38 €/KG","img":"https://fd13-photos.leclercdrive.fr/image.ashx?id=2559071&use=l&cat=p&typeid=i","cat":284442},{"id":211723,"n":"Gel douche Adidas Active Skin & Mind- Deep Care - 250ml","p":2.55,"u":"10,20 €/L","img":"https://fd13-photos.leclercdrive.fr/image.ashx?id=2990778&use=l&cat=p&typeid=i","cat":284594},{"id":211758,"n":"Compas Maped Violet","p":2.02,"img":"https://fd13-photos.leclercdrive.fr/image.ashx?id=2560527&use=l&cat=p&typeid=i","cat":334133},{"id":211768,"n":"Tapas lomo César Moroni 18 tranches - 80g","p":2.37,"u":"29,63 €/KG","img":"https://fd13-photos.leclercdrive.fr/image.ashx?id=2560131&use=l&cat=p&typeid=i","cat":316007},{"id":211808,"n":"Olives Noires Confites Tramier  Dénoyautées 150g","p":1.77,"u":"11,80 €/KG","img":"https://fd13-photos.leclercdrive.fr/image.ashx?id=2840829&use=l&cat=p&typeid=i","cat":284450},{"id":211815,"n":"Crayons de couleur Maped Colorp'Peps Infinity - x12","p":1.59,"img":"https://fd13-photos.leclercdrive.fr/image.ashx?id=2562384&use=l&cat=p&typeid=i","cat":284696},{"id":211827,"n":"Céréales bébé BABIVANILLE Vanille 10M+ - 400g","p":3.5,"u":"8,75 €/KG","img":"https://fd13-photos.leclercdrive.fr/image.ashx?id=2562651&use=l&cat=p&typeid=i","cat":312225},{"id":211844,"n":"Pur jus Tropicana Orange sans pulpe - 4x1,5L","p":13.5,"pp":10.12,"u":"1,69 €/L","img":"https://fd13-photos.leclercdrive.fr/image.ashx?id=2562546&use=l&cat=p&typeid=i","cat":284521},{"id":211856,"n":"Biscuits Petits Chocos Bonne maman - 250g","p":2.2,"u":"8,80 €/KG","img":"https://fd13-photos.leclercdrive.fr/image.ashx?id=2949997&use=l&cat=p&typeid=i","cat":284488},{"id":211858,"n":"Chemise carte 3 rabats Good day - Fantaisie","p":0.7,"img":"https://fd13-photos.leclercdrive.fr/image.ashx?id=2562156&use=l&cat=p&typeid=i","cat":284745},{"id":211870,"n":"Compas open mine Maped Violet","p":1.84,"img":"https://fd13-photos.leclercdrive.fr/image.ashx?id=2562162&use=l&cat=p&typeid=i","cat":334133},{"id":211871,"n":"Coffret compas Maped Open Violet - 6 pièces","p":5.08,"img":"https://fd13-photos.leclercdrive.fr/image.ashx?id=2562165&use=l&cat=p&typeid=i","cat":334133},{"id":211896,"n":"Miel de France Lune de Miel 250g","p":3.82,"u":"15,28 €/KG","img":"https://fd13-photos.leclercdrive.fr/image.ashx?id=2944687&use=l&cat=p&typeid=i","cat":287643},{"id":211916,"n":"Chemise carte 3 rabats Confetti - Fantaisie","p":0.7,"img":"https://fd13-photos.leclercdrive.fr/image.ashx?id=2562341&use=l&cat=p&typeid=i","cat":284745},{"id":211971,"n":"Camembert E. Graindorge Au lait cru - 250g","p":3.06,"u":"12,24 €/KG","img":"https://fd13-photos.leclercdrive.fr/image.ashx?id=2601515&use=l&cat=p&typeid=i","cat":314033},{"id":212002,"n":"IGP Ile de Beauté rosé Thierry Pasqua 75cl","p":6.5,"u":"8,67 €/L","img":"https://fd13-photos.leclercdrive.fr/image.ashx?id=2579345&use=l&cat=p&typeid=i","cat":289558},{"id":212004,"n":"AOC Muscadet SM sur Lie Domaine Landreau Village 75cl","p":6.05,"u":"8,07 €/L","img":"https://fd13-photos.leclercdrive.fr/image.ashx?id=2579387&use=l&cat=p&typeid=i","cat":289557},{"id":212107,"n":"Brosse à dents Colgate Extra-clean médium - x4","p":1.82,"u":"0,46 €/P","img":"https://fd13-photos.leclercdrive.fr/image.ashx?id=2564309&use=l&cat=p&typeid=i","cat":284614},{"id":212110,"n":"Adoucissant Hyperdou Senteur de provence - 1.9L x 27","p":2.38,"u":"1,25 €/L","img":"https://fd13-photos.leclercdrive.fr/image.ashx?id=2603021&use=l&cat=p&typeid=i","cat":284650},{"id":212112,"n":"Céréales Frosties Kellogg's  330g","p":2.32,"u":"7,03 €/KG","img":"https://fd13-photos.leclercdrive.fr/image.ashx?id=2565362&use=l&cat=p&typeid=i","cat":309513},{"id":212125,"n":"Bière aromatisée Desperados Red - 20x25cl","p":20.7,"u":"4,14 €/L","img":"https://fd13-photos.leclercdrive.fr/image.ashx?id=2656565&use=l&cat=p&typeid=i","cat":334878},{"id":212248,"n":"Crème glacée La Laitière Chocolat avec copeaux - 490g","p":3.24,"pp":2.27,"u":"4,63 €/KG","img":"https://fd13-photos.leclercdrive.fr/image.ashx?id=3000012&use=l&cat=p&typeid=i","cat":284263},{"id":212383,"n":"Barres de céréales Spécial K Protein Coco cacao cajou -4x28g","p":3.09,"u":"27,59 €/KG","img":"https://fd13-photos.leclercdrive.fr/image.ashx?id=3011809&use=l&cat=p&typeid=i","cat":300032},{"id":212460,"n":"Couverts en métal Bebeconfort Little Buddies","p":5.9,"img":"https://fd13-photos.leclercdrive.fr/image.ashx?id=2566296&use=l&cat=p&typeid=i","cat":289435},{"id":212461,"n":"Sprite sans sucre  Citron & citron vert - 6x33cl","p":2.62,"u":"1,32 €/L","img":"https://fd13-photos.leclercdrive.fr/image.ashx?id=2566461&use=l&cat=p&typeid=i","cat":284531},{"id":212463,"n":"Gel douche Le Petit Marseillais Homme - Orange/Argan - 250ml","p":1.72,"u":"6,88 €/L","img":"https://fd13-photos.leclercdrive.fr/image.ashx?id=2684554&use=l&cat=p&typeid=i","cat":284619},{"id":212465,"n":"Protège-slip Confort Vania Coton Bio - x30","p":2.78,"img":"https://fd13-photos.leclercdrive.fr/image.ashx?id=2735215&use=l&cat=p&typeid=i","cat":284625},{"id":212466,"n":"Protège-slip Protection Vania Long voile Bio - x24","p":2.65,"img":"https://fd13-photos.leclercdrive.fr/image.ashx?id=2735218&use=l&cat=p&typeid=i","cat":284625},{"id":212467,"n":"Protège-slip Protection Vania Large Fresh - x36","p":3.03,"img":"https://fd13-photos.leclercdrive.fr/image.ashx?id=2735233&use=l&cat=p&typeid=i","cat":284625},{"id":212468,"n":"Protège-slips Confort Vania Aloe vera - x56","p":2.48,"img":"https://fd13-photos.leclercdrive.fr/image.ashx?id=2735236&use=l&cat=p&typeid=i","cat":284625},{"id":212469,"n":"Protège-slip Protection Vania Long Fresh - x40","p":2.57,"img":"https://fd13-photos.leclercdrive.fr/image.ashx?id=2735239&use=l&cat=p&typeid=i","cat":284625},{"id":212477,"n":"Déodorant spray Monsavon Compres$sé -  Vanille - 100ml","p":2.7,"u":"27,00 €/L","img":"https://fd13-photos.leclercdrive.fr/image.ashx?id=2566215&use=l&cat=p&typeid=i","cat":284595},{"id":212484,"n":"Déodorant bille Bio 48h Ushuaïa Hibiscus - 50ml","p":2.62,"u":"52,40 €/L","img":"https://fd13-photos.leclercdrive.fr/image.ashx?id=2582291&use=l&cat=p&typeid=i","cat":284595},{"id":212485,"n":"Déodorant bille Bio 48h Ushuaïa Vanille - 50ml","p":2.93,"u":"58,60 €/L","img":"https://fd13-photos.leclercdrive.fr/image.ashx?id=2582294&use=l&cat=p&typeid=i","cat":284595},{"id":212486,"n":"Film étirable Elembal 50m","p":1.8,"u":"0,04 €/MT","img":"https://fd13-photos.leclercdrive.fr/image.ashx?id=2566146&use=l&cat=p&typeid=i","cat":285194},{"id":212504,"n":"Crème hyaluronique Mixa 400ml","p":5.48,"u":"13,70 €/L","img":"https://fd13-photos.leclercdrive.fr/image.ashx?id=2585810&use=l&cat=p&typeid=i","cat":325350},{"id":212546,"n":"Macaroni et boulette Côté Table À la tomate - 280g","p":2.04,"u":"7,29 €/KG","img":"https://fd13-photos.leclercdrive.fr/image.ashx?id=2764149&use=l&cat=p&typeid=i","cat":333665},{"id":212577,"n":"Cahier Force 8 Clairefontaine Orange - 96 pages -21x29.7cm A4","p":1.6,"img":"https://fd13-photos.leclercdrive.fr/image.ashx?id=2569077&use=l&cat=p&typeid=i","cat":284697},{"id":212582,"n":"Blanquette de poulet Côté Table 300g","p":2.79,"u":"9,30 €/KG","img":"https://fd13-photos.leclercdrive.fr/image.ashx?id=2764146&use=l&cat=p&typeid=i","cat":333665},{"id":212583,"n":"Saucisse de Toulouse purée Côté Table - 290g","p":2.99,"u":"10,31 €/KG","img":"https://fd13-photos.leclercdrive.fr/image.ashx?id=2567613&use=l&cat=p&typeid=i","cat":333665},{"id":212585,"n":"Parmentier de canard Côté Table 320g","p":3.29,"u":"10,28 €/KG","img":"https://fd13-photos.leclercdrive.fr/image.ashx?id=2846571&use=l&cat=p&typeid=i","cat":333665},{"id":212593,"n":"Litière chats Tous mes Amis Triple action blanche - 5L","p":4.2,"u":"0,84 €/L","img":"https://fd13-photos.leclercdrive.fr/image.ashx?id=2568361&use=l&cat=p&typeid=i","cat":284683},{"id":212606,"n":"Sacs poubelle Alfapac Salle de bain - 20x10L","p":1.81,"img":"https://fd13-photos.leclercdrive.fr/image.ashx?id=2588534&use=l&cat=p&typeid=i","cat":285168},{"id":212613,"n":"Collant Well Infini confort Transparent noir - T2","p":5.95,"img":"https://fd13-photos.leclercdrive.fr/image.ashx?id=2586789&use=l&cat=p&typeid=i","cat":334130},{"id":212615,"n":"Collant Well Infini confort Transparent noir - T1","p":5.95,"img":"https://fd13-photos.leclercdrive.fr/image.ashx?id=2586786&use=l&cat=p&typeid=i","cat":334130},{"id":212616,"n":"Collant Well Infini confort Transparent noir - T3","p":5.95,"img":"https://fd13-photos.leclercdrive.fr/image.ashx?id=2586792&use=l&cat=p&typeid=i","cat":334130},{"id":212617,"n":"Collant Well Infini confort Transparent noir - T4","p":5.95,"img":"https://fd13-photos.leclercdrive.fr/image.ashx?id=2586795&use=l&cat=p&typeid=i","cat":334130},{"id":212620,"n":"Collant Well Infini confort Semi-opaque noir - T1","p":6.9,"img":"https://fd13-photos.leclercdrive.fr/image.ashx?id=2575018&use=l&cat=p&typeid=i","cat":334130},{"id":212621,"n":"Collant Well Infini confort Semi-opaque noir - T2","p":6.9,"img":"https://fd13-photos.leclercdrive.fr/image.ashx?id=2575021&use=l&cat=p&typeid=i","cat":334130},{"id":212622,"n":"Collant Well Infini confort Semi-opaque noir - T3","p":6.9,"img":"https://fd13-photos.leclercdrive.fr/image.ashx?id=2575024&use=l&cat=p&typeid=i","cat":334130},{"id":212623,"n":"Collant Well Infini confort Semi-opaque noir - T4","p":6.9,"img":"https://fd13-photos.leclercdrive.fr/image.ashx?id=2575027&use=l&cat=p&typeid=i","cat":334130},{"id":212624,"n":"Collant Well Morphologie Régular semi-opaque noir /+1m65","p":6.5,"img":"https://fd13-photos.leclercdrive.fr/image.ashx?id=2588519&use=l&cat=p&typeid=i","cat":334130},{"id":212625,"n":"Collant Well Morphologie Régular Semi-opaque noir /-1m65","p":6.5,"img":"https://fd13-photos.leclercdrive.fr/image.ashx?id=2588516&use=l&cat=p&typeid=i","cat":334130},{"id":212629,"n":"Collant Le Bourget Dressing Noir - T1/2","p":6.95,"img":"https://fd13-photos.leclercdrive.fr/image.ashx?id=2575159&use=l&cat=p&typeid=i","cat":334130},{"id":212643,"n":"Margarine Planta Fin Doux 100% végétal - 225g","p":1.67,"u":"7,42 €/KG","img":"https://fd13-photos.leclercdrive.fr/image.ashx?id=2989471&use=l&cat=p&typeid=i","cat":315229},{"id":212645,"n":"Margarine Planta Fin Demi-sel 100% végétal - 225g","p":2.02,"u":"8,98 €/KG","img":"https://fd13-photos.leclercdrive.fr/image.ashx?id=2989465&use=l&cat=p&typeid=i","cat":315229},{"id":212679,"n":"Céréales Coco Pops Chocos Kellogg's - 330g","p":2.39,"u":"7,24 €/KG","img":"https://fd13-photos.leclercdrive.fr/image.ashx?id=2571683&use=l&cat=p&typeid=i","cat":309513},{"id":212746,"n":"Lait bébé Calisma Gallia Pocket 2e âge 6-12 mois 504g","p":19.89,"u":"39,46 €/KG","img":"https://fd13-photos.leclercdrive.fr/image.ashx?id=2855067&use=l&cat=p&typeid=i","cat":284727},{"id":212749,"n":"Lait bébé Calisma Gallia Pocket 1er âge 0-6 mois 479g","p":20.1,"u":"41,61 €/KG","img":"https://fd13-photos.leclercdrive.fr/image.ashx?id=2983075&use=l&cat=p&typeid=i","cat":284726},{"id":212754,"n":"Soupe chinoise Maggi 60g","p":1.11,"u":"18,50 €/KG","img":"https://fd13-photos.leclercdrive.fr/image.ashx?id=2571869&use=l&cat=p&typeid=i","cat":288992},{"id":212762,"n":"Soupe à l'oignons Maggi 61g","p":0.75,"u":"12,30 €/KG","img":"https://fd13-photos.leclercdrive.fr/image.ashx?id=2571872&use=l&cat=p&typeid=i","cat":284463},{"id":212770,"n":"Ail & poivre Ducros 45g","p":2.68,"u":"59,56 €/KG","img":"https://fd13-photos.leclercdrive.fr/image.ashx?id=2570166&use=l&cat=p&typeid=i","cat":298297},{"id":212771,"n":"Pepites de chocolats Vahiné  Noisettes - 100g","p":3.25,"u":"32,50 €/KG","img":"https://fd13-photos.leclercdrive.fr/image.ashx?id=2570190&use=l&cat=p&typeid=i","cat":284504},{"id":212773,"n":"Curry Balti Ducros - 39g","p":1.73,"u":"44,36 €/KG","img":"https://fd13-photos.leclercdrive.fr/image.ashx?id=2570169&use=l&cat=p&typeid=i","cat":298297},{"id":212806,"n":"Bavoirs coton Mots d'enfants 0-6mois - x5","p":4.95,"u":"0,99 €/P","img":"https://fd13-photos.leclercdrive.fr/image.ashx?id=2693374&use=l&cat=p&typeid=i","cat":289435},{"id":212812,"n":"Skyr Siggi's  Céréales Muesli - 2x140g","p":2.15,"u":"7,68 €/KG","img":"https://fd13-photos.leclercdrive.fr/image.ashx?id=3007954&use=l&cat=p&typeid=i","cat":315000},{"id":212814,"n":"Skyr Siggi's  Céréales Miel & Noix - 2x140g","p":2.15,"u":"7,68 €/KG","img":"https://fd13-photos.leclercdrive.fr/image.ashx?id=2879673&use=l&cat=p&typeid=i","cat":315000},{"id":212815,"n":"Yaourt à la grecque YAOS  Stracciatella - 8x125g","p":4.69,"u":"4,69 €/KG","img":"https://fd13-photos.leclercdrive.fr/image.ashx?id=2570115&use=l&cat=p&typeid=i","cat":314999},{"id":212817,"n":"Nettoyant vitres Ajax Triple action Recharge - 750ml","p":1.7,"u":"2,27 €/L","img":"https://fd13-photos.leclercdrive.fr/image.ashx?id=2842969&use=l&cat=p&typeid=i","cat":325363},{"id":212819,"n":"Préparation moelleux Alsa Chocolat - 500g","p":3.62,"u":"7,24 €/KG","img":"https://fd13-photos.leclercdrive.fr/image.ashx?id=2812663&use=l&cat=p&typeid=i","cat":284504},{"id":212826,"n":"Poivre et épices Ducros 200g","p":7.14,"u":"35,70 €/KG","img":"https://fd13-photos.leclercdrive.fr/image.ashx?id=2571194&use=l&cat=p&typeid=i","cat":284457},{"id":212829,"n":"Moulin Ducros 5 baies - 24g","p":3.39,"u":"141,25 €/KG","img":"https://fd13-photos.leclercdrive.fr/image.ashx?id=2571197&use=l&cat=p&typeid=i","cat":298297},{"id":212876,"n":"AOP Champagne Moët & Chandon Brut impérial - 75cl","p":44.59,"u":"59,45 €/L","img":"https://fd13-photos.leclercdrive.fr/image.ashx?id=2578951&use=l&cat=p&typeid=i","cat":284542},{"id":212922,"n":"Déboucheur Gel Destop  Spécial Cuisine - 1L","p":3.14,"u":"3,14 €/L","img":"https://fd13-photos.leclercdrive.fr/image.ashx?id=2572278&use=l&cat=p&typeid=i","cat":284908},{"id":212923,"n":"Lardons fumés Herta  300g","p":2.63,"u":"8,77 €/KG","img":"https://fd13-photos.leclercdrive.fr/image.ashx?id=2572155&use=l&cat=p&typeid=i","cat":316011},{"id":212934,"n":"Lait bébé poudre Guigoz Optipro 3ème âge - dès 12 mois - 830g","p":10.57,"u":"12,73 €/KG","img":"https://fd13-photos.leclercdrive.fr/image.ashx?id=2895059&use=l&cat=p&typeid=i","cat":290219},{"id":212947,"n":"Spirales extérieures Catch 10 pièces","p":1.63,"u":"0,16 €/P","img":"https://fd13-photos.leclercdrive.fr/image.ashx?id=2843983&use=l&cat=p&typeid=i","cat":298368},{"id":212971,"n":"Barre Enrobage Blanc Lion x6 barres - 180g","p":2.44,"u":"13,56 €/KG","img":"https://fd13-photos.leclercdrive.fr/image.ashx?id=2813044&use=l&cat=p&typeid=i","cat":284498},{"id":213023,"n":"Pâtée et morceaux chiens Eco+ Boeuf - 1.2kg","p":1.67,"u":"1,39 €/KG","img":"https://fd13-photos.leclercdrive.fr/image.ashx?id=2815743&use=l&cat=p&typeid=i","cat":288578},{"id":213024,"n":"Boulettes volaille Eco+ 800g","p":1.47,"u":"1,84 €/KG","img":"https://fd13-photos.leclercdrive.fr/image.ashx?id=2815734&use=l&cat=p&typeid=i","cat":285601},{"id":213025,"n":"Boulettes à la volaille Eco+ 1.2kg","p":1.56,"u":"1,30 €/KG","img":"https://fd13-photos.leclercdrive.fr/image.ashx?id=2815737&use=l&cat=p&typeid=i","cat":288578},{"id":213037,"n":"Culottes Drynites Huggies  4/7ans - x16","p":12.86,"u":"0,80 €/P","img":"https://fd13-photos.leclercdrive.fr/image.ashx?id=2844730&use=l&cat=p&typeid=i","cat":290633},{"id":213040,"n":"Sardines sans huile Connétable Piment Basque - 115g","p":1.98,"u":"17,22 €/KG","img":"https://fd13-photos.leclercdrive.fr/image.ashx?id=2573549&use=l&cat=p&typeid=i","cat":305146},{"id":213043,"n":"Sardines sans huile Connétable Marinade au Muscadet - 115g","p":1.93,"u":"16,78 €/KG","img":"https://fd13-photos.leclercdrive.fr/image.ashx?id=2573552&use=l&cat=p&typeid=i","cat":305146},{"id":213067,"n":"Brioch'Bagels La Fournée Dorée 2 sésames - x4   300g","p":2.54,"u":"8,47 €/KG","img":"https://fd13-photos.leclercdrive.fr/image.ashx?id=2575582&use=l&cat=p&typeid=i","cat":284985},{"id":213126,"n":"Vin mousseux XGold Brut 75cl","p":5.9,"u":"7,87 €/L","img":"https://fd13-photos.leclercdrive.fr/image.ashx?id=2731816&use=l&cat=p&typeid=i","cat":284544},{"id":213128,"n":"AOC Saumur Champigny Domaine de la Perruche - 75cl","p":8.47,"u":"11,29 €/L","img":"https://fd13-photos.leclercdrive.fr/image.ashx?id=2767392&use=l&cat=p&typeid=i","cat":289556},{"id":213134,"n":"IGP Ile de Beauté rosé Dom Casa - Bib 3l","p":15.0,"u":"5,00 €/L","img":"https://fd13-photos.leclercdrive.fr/image.ashx?id=2576533&use=l&cat=p&typeid=i","cat":289558},{"id":213137,"n":"Bergerac blanc Bio BIB 3L","p":13.9,"u":"4,63 €/L","img":"https://fd13-photos.leclercdrive.fr/image.ashx?id=2886103&use=l&cat=p&typeid=i","cat":289557},{"id":213139,"n":"Touraine Sauvignon blanc Le Gambier - 75cl","p":4.95,"u":"6,60 €/L","img":"https://fd13-photos.leclercdrive.fr/image.ashx?id=2975239&use=l&cat=p&typeid=i","cat":289557},{"id":213176,"n":"Nouilles à la chinoise Marie Au Poulet - 900g","p":4.96,"u":"5,51 €/KG","img":"https://fd13-photos.leclercdrive.fr/image.ashx?id=2996773&use=l&cat=p&typeid=i","cat":284254},{"id":213181,"n":"Dentifrice Elmex Sensitive Nettoyage fraîcheur - 2x75ml","p":8.02,"u":"53,47 €/L","img":"https://fd13-photos.leclercdrive.fr/image.ashx?id=2692878&use=l&cat=p&typeid=i","cat":284612},{"id":213190,"n":"Milky fromage enfant à tartiner Les Croisés 12 portions - 216g","p":1.85,"u":"8,56 €/KG","img":"https://fd13-photos.leclercdrive.fr/image.ashx?id=2791914&use=l&cat=p&typeid=i","cat":314030},{"id":213200,"n":"Gaufrettes Quadro Cémoi Choco noisettes - 187g","p":2.11,"u":"11,28 €/KG","img":"https://fd13-photos.leclercdrive.fr/image.ashx?id=2654731&use=l&cat=p&typeid=i","cat":284488},{"id":213204,"n":"Ourson guimauve Cémoi Chocolat au lait - 170g","p":2.0,"u":"11,76 €/KG","img":"https://fd13-photos.leclercdrive.fr/image.ashx?id=2576462&use=l&cat=p&typeid=i","cat":304250},{"id":213211,"n":"Pastis de Marseille Duval 45%vol - 50cl","p":10.0,"u":"20,00 €/L","img":"https://fd13-photos.leclercdrive.fr/image.ashx?id=2576630&use=l&cat=p&typeid=i","cat":284548},{"id":213212,"n":"Pastis de Marseille Duval 45%vol - 1.5L","p":27.33,"u":"18,22 €/L","img":"https://fd13-photos.leclercdrive.fr/image.ashx?id=2873375&use=l&cat=p&typeid=i","cat":284548},{"id":213242,"n":"Céréales Coco Pops Kellogg's Original - 330g","p":2.79,"u":"8,45 €/KG","img":"https://fd13-photos.leclercdrive.fr/image.ashx?id=2577099&use=l&cat=p&typeid=i","cat":309513},{"id":213300,"n":"Bain de bouche bio Bionaïa  500ml","p":2.49,"u":"4,98 €/L","img":"https://fd13-photos.leclercdrive.fr/image.ashx?id=2577200&use=l&cat=p&typeid=i","cat":284613},{"id":213366,"n":"Toast nature Harrys Tranches épaisses - 250g","p":1.75,"u":"7,00 €/KG","img":"https://fd13-photos.leclercdrive.fr/image.ashx?id=2581253&use=l&cat=p&typeid=i","cat":285454},{"id":213393,"n":"Lait Cica Réparation Mixa Peaux Sèches, Sensibles - 250ml","p":4.84,"u":"19,36 €/L","img":"https://fd13-photos.leclercdrive.fr/image.ashx?id=2579032&use=l&cat=p&typeid=i","cat":325349},{"id":213394,"n":"Gel-Crème Hydratant Mixa Hypoallergénique - 50ml","p":5.65,"u":"11,30 €/L","img":"https://fd13-photos.leclercdrive.fr/image.ashx?id=2585804&use=l&cat=p&typeid=i","cat":325345},{"id":213395,"n":"Sérum hyalurogel Mixa Peau sensible - 30ml","p":6.0,"u":"200,00 €/L","img":"https://fd13-photos.leclercdrive.fr/image.ashx?id=2585807&use=l&cat=p&typeid=i","cat":325345},{"id":213396,"n":"Crème céramide Mixa 400ml","p":6.16,"u":"15,40 €/L","img":"https://fd13-photos.leclercdrive.fr/image.ashx?id=2579029&use=l&cat=p&typeid=i","cat":325350},{"id":213397,"n":"Lait Nourrissant Céramide Mixa Peaux sèches, sensibles - 250ml","p":4.99,"u":"19,96 €/L","img":"https://fd13-photos.leclercdrive.fr/image.ashx?id=2579035&use=l&cat=p&typeid=i","cat":325350},{"id":213403,"n":"Crème panthénol Mixa 400ml","p":6.4,"u":"16,00 €/L","img":"https://fd13-photos.leclercdrive.fr/image.ashx?id=2579026&use=l&cat=p&typeid=i","cat":325350},{"id":213404,"n":"Crème cica Mixa Réparation - 400ml","p":5.84,"u":"14,60 €/L","img":"https://fd13-photos.leclercdrive.fr/image.ashx?id=2579023&use=l&cat=p&typeid=i","cat":325350},{"id":213432,"n":"Gel Corps et Cheveux Cadum Hypoallergenique - 750ml","p":4.2,"u":"5,60 €/L","img":"https://fd13-photos.leclercdrive.fr/image.ashx?id=2581798&use=l&cat=p&typeid=i","cat":284594},{"id":213443,"n":"Après-Shampoing Franck Provost Expert nutrition - 450ml","p":4.06,"u":"9,02 €/L","img":"https://fd13-photos.leclercdrive.fr/image.ashx?id=2581807&use=l&cat=p&typeid=i","cat":284607},{"id":213457,"n":"Cônes Eco+ Vanille fraise x8 - 512g","p":1.86,"u":"3,63 €/KG","img":"https://fd13-photos.leclercdrive.fr/image.ashx?id=2615576&use=l&cat=p&typeid=i","cat":284264},{"id":213461,"n":"Fromage à Tartiner Tartare  Herbes de Provence - 250g","p":3.47,"u":"13,88 €/KG","img":"https://fd13-photos.leclercdrive.fr/image.ashx?id=2883955&use=l&cat=p&typeid=i","cat":314029},{"id":213464,"n":"Panés Spécial Burger Père Dodu  Chapelure Corn Flakes - x2 - 18","p":2.84,"u":"15,78 €/KG","img":"https://fd13-photos.leclercdrive.fr/image.ashx?id=2957221&use=l&cat=p&typeid=i","cat":333684},{"id":213476,"n":"Râpé Parmigiano Reggiano AOP Les Croisés - 3x50g","p":3.69,"u":"24,60 €/KG","img":"https://fd13-photos.leclercdrive.fr/image.ashx?id=2917665&use=l&cat=p&typeid=i","cat":314035},{"id":213487,"n":"Crème semi-épaisse UHT Délisse Entière - 30% MG - 2x25cl","p":3.21,"u":"6,42 €/L","img":"https://fd13-photos.leclercdrive.fr/image.ashx?id=2579396&use=l&cat=p&typeid=i","cat":284381},{"id":213496,"n":"Boisson Noisette choco Végé 1L Végé - 200g","p":1.99,"u":"1,99 €/L","img":"https://fd13-photos.leclercdrive.fr/image.ashx?id=3015272&use=l&cat=p&typeid=i","cat":316067},{"id":213550,"n":"Litière chats Tous mes Amis Agglomérante charbon actif - 5L","p":3.6,"u":"0,72 €/L","img":"https://fd13-photos.leclercdrive.fr/image.ashx?id=2580258&use=l&cat=p&typeid=i","cat":284683},{"id":213581,"n":"Gel douche Cadum Crème d'amande - 450ml","p":3.29,"u":"7,31 €/L","img":"https://fd13-photos.leclercdrive.fr/image.ashx?id=2582273&use=l&cat=p&typeid=i","cat":284594},{"id":213582,"n":"Crème Douche surgras Bio Cadum Karité - 450ml","p":2.49,"u":"5,53 €/L","img":"https://fd13-photos.leclercdrive.fr/image.ashx?id=2580801&use=l&cat=p&typeid=i","cat":284594},{"id":213594,"n":"Tablette de chocolat Lindt  Noir pailleté gaufrette - 100g","p":2.74,"u":"27,40 €/KG","img":"https://fd13-photos.leclercdrive.fr/image.ashx?id=2750390&use=l&cat=p&typeid=i","cat":284956},{"id":213596,"n":"Tablette de chocolat Lindt Noir éclats de cacao - 100g","p":2.86,"u":"28,60 €/KG","img":"https://fd13-photos.leclercdrive.fr/image.ashx?id=2755315&use=l&cat=p&typeid=i","cat":284956},{"id":213600,"n":"Crème Douche Nourrissante Cadum Huile de Coco Bio - 450ml","p":2.49,"u":"5,53 €/L","img":"https://fd13-photos.leclercdrive.fr/image.ashx?id=2582276&use=l&cat=p&typeid=i","cat":284594},{"id":213602,"n":"Crème Douche Nourrissante Cadum Miel de Fleurs bio - 450ml","p":2.61,"u":"5,80 €/L","img":"https://fd13-photos.leclercdrive.fr/image.ashx?id=2582279&use=l&cat=p&typeid=i","cat":284594},{"id":213604,"n":"Crème Douche Hydratation Cadum Huile d'Amandes Douces - 450ml","p":2.49,"u":"5,53 €/L","img":"https://fd13-photos.leclercdrive.fr/image.ashx?id=2582282&use=l&cat=p&typeid=i","cat":284594},{"id":213605,"n":"Crème de douche Cadum Fleur de coton - 450ml","p":3.59,"u":"7,98 €/L","img":"https://fd13-photos.leclercdrive.fr/image.ashx?id=2582285&use=l&cat=p&typeid=i","cat":284594},{"id":213606,"n":"Gel Douche Sans Savon Bio Cadum Huile d'Amandes Douces - 450ml","p":2.49,"u":"5,53 €/L","img":"https://fd13-photos.leclercdrive.fr/image.ashx?id=2582288&use=l&cat=p&typeid=i","cat":284594},{"id":213614,"n":"Lentilles corail Notre Jardin 500g","p":1.72,"u":"3,44 €/KG","img":"https://fd13-photos.leclercdrive.fr/image.ashx?id=2983835&use=l&cat=p&typeid=i","cat":284430},{"id":213625,"n":"Miel d'acacia Lune de Miel fleurs -  500g","p":5.53,"u":"11,06 €/KG","img":"https://fd13-photos.leclercdrive.fr/image.ashx?id=2730910&use=l&cat=p&typeid=i","cat":287643},{"id":213631,"n":"Soupe de potiron L'Ile Bleue 490g","p":2.4,"u":"4,90 €/KG","img":"https://fd13-photos.leclercdrive.fr/image.ashx?id=2581274&use=l&cat=p&typeid=i","cat":284462},{"id":213632,"n":"Eau Volvic Zest  Fraise 1.5L","p":1.38,"u":"0,92 €/L","img":"https://fd13-photos.leclercdrive.fr/image.ashx?id=2785442&use=l&cat=p&typeid=i","cat":284537},{"id":213657,"n":"Pâte feuilletée Croustipate 2 + 1 offerte - 690g","p":2.95,"u":"4,28 €/KG","img":"https://fd13-photos.leclercdrive.fr/image.ashx?id=2581328&use=l&cat=p&typeid=i","cat":333681},{"id":213658,"n":"Pâte brisée Croustipate 2 + 1 offerte - 690g","p":2.95,"u":"4,28 €/KG","img":"https://fd13-photos.leclercdrive.fr/image.ashx?id=2581331&use=l&cat=p&typeid=i","cat":333681},{"id":213687,"n":"Shampoing karité Franck Provost Cheveux Secs, très secs - 500ml","p":4.06,"u":"8,12 €/L","img":"https://fd13-photos.leclercdrive.fr/image.ashx?id=2581804&use=l&cat=p&typeid=i","cat":284606},{"id":213688,"n":"Shampoing Karité Franck Provost Cheveux Très Secs épais - 500ml","p":4.06,"u":"8,12 €/L","img":"https://fd13-photos.leclercdrive.fr/image.ashx?id=2582312&use=l&cat=p&typeid=i","cat":284606},{"id":213690,"n":"Shampoing Franck Provost Cheveux abîmés cassants - 500ml","p":4.06,"u":"8,12 €/L","img":"https://fd13-photos.leclercdrive.fr/image.ashx?id=2582315&use=l&cat=p&typeid=i","cat":284606},{"id":213691,"n":"Après-Shampooing Franck Provost Expert réparation - 450ml","p":4.06,"u":"9,02 €/L","img":"https://fd13-photos.leclercdrive.fr/image.ashx?id=2582318&use=l&cat=p&typeid=i","cat":284607},{"id":213692,"n":"Shampooing Franck Provost Cheveux colorés - 500ml","p":4.06,"u":"8,12 €/L","img":"https://fd13-photos.leclercdrive.fr/image.ashx?id=2582321&use=l&cat=p&typeid=i","cat":284606},{"id":213695,"n":"Recharge Gel douche Cadum Sans Sulfate - 500ml","p":3.1,"u":"6,20 €/L","img":"https://fd13-photos.leclercdrive.fr/image.ashx?id=2581810&use=l&cat=p&typeid=i","cat":284594},{"id":213703,"n":"Gel Corps et Cheveux Cadum Sans Sulfate - 400ml","p":2.79,"u":"6,98 €/L","img":"https://fd13-photos.leclercdrive.fr/image.ashx?id=2582270&use=l&cat=p&typeid=i","cat":284594},{"id":213724,"n":"Bouchée pour chien Eco+ Boeuf, pâtes, carottes - 1.2kg","p":1.93,"u":"1,61 €/KG","img":"https://fd13-photos.leclercdrive.fr/image.ashx?id=2815728&use=l&cat=p&typeid=i","cat":288578},{"id":213733,"n":"Chips Terre de Breizh Saveur oignon 125g","p":2.41,"u":"19,28 €/KG","img":"https://fd13-photos.leclercdrive.fr/image.ashx?id=3011794&use=l&cat=p&typeid=i","cat":284447},{"id":213782,"n":"Bloc WC Canard Eau Bleue 5 en 1 - x2","p":1.51,"u":"0,76 €/P","img":"https://fd13-photos.leclercdrive.fr/image.ashx?id=2582378&use=l&cat=p&typeid=i","cat":284662},{"id":213792,"n":"Nettoyant sol savon noir Perfboost Carolin -1L","p":2.77,"u":"2,77 €/L","img":"https://fd13-photos.leclercdrive.fr/image.ashx?id=2582633&use=l&cat=p&typeid=i","cat":284907},{"id":213793,"n":"Burger Bacon Marie Boeuf Charolais Emmental - 190g","p":3.39,"u":"17,84 €/KG","img":"https://fd13-photos.leclercdrive.fr/image.ashx?id=2858615&use=l&cat=p&typeid=i","cat":333671},{"id":213794,"n":"Burger Rustique Marie Boeuf Charolais Emmental - 190g","p":3.19,"u":"16,79 €/KG","img":"https://fd13-photos.leclercdrive.fr/image.ashx?id=2858621&use=l&cat=p&typeid=i","cat":333671},{"id":213815,"n":"Chemise Kreacover Exacompta Transparent - 24x32cm","p":2.32,"img":"https://fd13-photos.leclercdrive.fr/image.ashx?id=2582813&use=l&cat=p&typeid=i","cat":284745},{"id":213817,"n":"Croquettes chats Perfect Fit Stérilisés, saumon - 1.4kg","p":6.23,"u":"4,45 €/KG","img":"https://fd13-photos.leclercdrive.fr/image.ashx?id=2619163&use=l&cat=p&typeid=i","cat":284680},{"id":213818,"n":"Croquettes chats Perfect Fit Stérilisés, dinde - 1.4kg","p":7.11,"u":"5,08 €/KG","img":"https://fd13-photos.leclercdrive.fr/image.ashx?id=2619166&use=l&cat=p&typeid=i","cat":284680},{"id":213821,"n":"Brosse à dents Signal Soins gencives Extra souple x4","p":3.19,"u":"0,80 €/P","img":"https://fd13-photos.leclercdrive.fr/image.ashx?id=2805690&use=l&cat=p&typeid=i","cat":284614},{"id":213822,"n":"Soupline hypoallergenique 1.9l","p":4.46,"u":"2,35 €/L","img":"https://fd13-photos.leclercdrive.fr/image.ashx?id=2772527&use=l&cat=p&typeid=i","cat":284650},{"id":213830,"n":"Adoucissant Soupline concentré  3D Grand air - 1,35L","p":5.18,"u":"3,84 €/L","img":"https://fd13-photos.leclercdrive.fr/image.ashx?id=2924950&use=l&cat=p&typeid=i","cat":284650},{"id":213831,"n":"Spray Savon marseille La Croix 500ml","p":2.72,"u":"5,44 €/L","img":"https://fd13-photos.leclercdrive.fr/image.ashx?id=2583530&use=l&cat=p&typeid=i","cat":325357},{"id":213833,"n":"Colgate Chloro intense  75ml","p":1.17,"u":"15,60 €/L","img":"https://fd13-photos.leclercdrive.fr/image.ashx?id=2964231&use=l&cat=p&typeid=i","cat":284612},{"id":213834,"n":"Brosse à dents Colgate Extra-clean souple - x4","p":1.98,"u":"0,50 €/P","img":"https://fd13-photos.leclercdrive.fr/image.ashx?id=3011950&use=l&cat=p&typeid=i","cat":284614},{"id":213836,"n":"Dentifrice Colgate Ultra Brite  Haleine Fraîche - 75ml","p":1.02,"u":"13,60 €/L","img":"https://fd13-photos.leclercdrive.fr/image.ashx?id=2802845&use=l&cat=p&typeid=i","cat":284612},{"id":213838,"n":"Deo Stick SANEX protector 65 ml","p":2.88,"u":"44,31 €/L","img":"https://fd13-photos.leclercdrive.fr/image.ashx?id=2801602&use=l&cat=p&typeid=i","cat":284595},{"id":213865,"n":"Mélange Pizza Ducros 12g","p":2.57,"u":"214,17 €/KG","img":"https://fd13-photos.leclercdrive.fr/image.ashx?id=2583344&use=l&cat=p&typeid=i","cat":298297},{"id":213868,"n":"Mélange pour salade Ducros 17g","p":4.87,"u":"286,47 €/KG","img":"https://fd13-photos.leclercdrive.fr/image.ashx?id=2583341&use=l&cat=p&typeid=i","cat":298297},{"id":213881,"n":"Soupe pot au feu Maggi  Aux vermicelles - 57g","p":0.55,"u":"9,65 €/KG","img":"https://fd13-photos.leclercdrive.fr/image.ashx?id=2614362&use=l&cat=p&typeid=i","cat":284463},{"id":213910,"n":"Taboulé Oriental  Garbit - 525g","p":2.3,"u":"4,38 €/KG","img":"https://fd13-photos.leclercdrive.fr/image.ashx?id=2901899&use=l&cat=p&typeid=i","cat":284429},{"id":213930,"n":"Fromage enfant La Vache qui rit Original 24P à tartiner - 384g","p":3.94,"u":"10,26 €/KG","img":"https://fd13-photos.leclercdrive.fr/image.ashx?id=2945451&use=l&cat=p&typeid=i","cat":314030},{"id":213954,"n":"Protège-slips Vania Pocket Normal - x30","p":2.0,"u":"0,07 €/P","img":"https://fd13-photos.leclercdrive.fr/image.ashx?id=2735245&use=l&cat=p&typeid=i","cat":284625},{"id":213958,"n":"Crème Corps Hydratante Mixa Peau très Sèche, terne - 400ml","p":4.97,"u":"12,43 €/L","img":"https://fd13-photos.leclercdrive.fr/image.ashx?id=2595767&use=l&cat=p&typeid=i","cat":325350},{"id":213959,"n":"Nettoyant ménager Pliz Fée du logis - 250ml","p":2.27,"u":"9,08 €/L","img":"https://fd13-photos.leclercdrive.fr/image.ashx?id=2585540&use=l&cat=p&typeid=i","cat":325364},{"id":213961,"n":"Terrine chiens Tous Mes Amis Viandes carottes - 1.2kg","p":1.95,"u":"1,63 €/KG","img":"https://fd13-photos.leclercdrive.fr/image.ashx?id=3015590&use=l&cat=p&typeid=i","cat":288578},{"id":213962,"n":"Patée pour chiens Eco+ Volaille - 150g","p":0.47,"u":"3,13 €/KG","img":"https://fd13-photos.leclercdrive.fr/image.ashx?id=2584913&use=l&cat=p&typeid=i","cat":284673},{"id":213963,"n":"Patée pour chiens Eco+ Boeuf - 150g","p":0.47,"u":"3,13 €/KG","img":"https://fd13-photos.leclercdrive.fr/image.ashx?id=2586360&use=l&cat=p&typeid=i","cat":284673},{"id":213964,"n":"Nettoyant ménager Ajax Maison pure Sureau - 1.25L","p":2.82,"u":"2,26 €/L","img":"https://fd13-photos.leclercdrive.fr/image.ashx?id=2585555&use=l&cat=p&typeid=i","cat":284907},{"id":213965,"n":"Adoucissant Eco+ Fraîcheur - 1.5L - x60","p":1.64,"u":"1,09 €/L","img":"https://fd13-photos.leclercdrive.fr/image.ashx?id=2600833&use=l&cat=p&typeid=i","cat":284650},{"id":213968,"n":"Eau minérale naturelle Vittel 6L","p":2.6,"u":"0,43 €/L","img":"https://fd13-photos.leclercdrive.fr/image.ashx?id=2585843&use=l&cat=p&typeid=i","cat":284535},{"id":214083,"n":"Moutarde de Dijon Rustica Fine et forte - 200g","p":1.29,"u":"6,45 €/KG","img":"https://fd13-photos.leclercdrive.fr/image.ashx?id=2954388&use=l&cat=p&typeid=i","cat":288850},{"id":214087,"n":"Soda Coca-Cola Original Bouteille - 1,75L","p":2.37,"u":"1,35 €/L","img":"https://fd13-photos.leclercdrive.fr/image.ashx?id=2971745&use=l&cat=p&typeid=i","cat":284530},{"id":214103,"n":"Toasts Aromates spécial saumon Tranches épaisses Harrys 250G","p":1.75,"u":"7,00 €/KG","img":"https://fd13-photos.leclercdrive.fr/image.ashx?id=2587578&use=l&cat=p&typeid=i","cat":285454},{"id":214104,"n":"Toasts Seigle spécial huîtres Tranches épaisses Harrys 250G","p":1.75,"u":"7,00 €/KG","img":"https://fd13-photos.leclercdrive.fr/image.ashx?id=2599200&use=l&cat=p&typeid=i","cat":285454},{"id":214105,"n":"Toast Brioché spécial foie gras Tranches épaisses Harrys 250G","p":1.75,"u":"7,00 €/KG","img":"https://fd13-photos.leclercdrive.fr/image.ashx?id=2587581&use=l&cat=p&typeid=i","cat":285454},{"id":214121,"n":"Dobble Disney 100 ans Dès 8 ans","p":12.5,"img":"https://fd13-photos.leclercdrive.fr/image.ashx?id=2830537&use=l&cat=p&typeid=i","cat":334378},{"id":214123,"n":"Dobble Pat'Patrouille Dès 4 ans","p":12.5,"img":"https://fd13-photos.leclercdrive.fr/image.ashx?id=2587722&use=l&cat=p&typeid=i","cat":334378},{"id":214133,"n":"Fabulus Magix Dès 8 ans","p":21.0,"u":"Dont 0,07 € d'éco-part.","img":"https://fd13-photos.leclercdrive.fr/image.ashx?id=2587599&use=l&cat=p&typeid=i","cat":334378},{"id":214134,"n":"Mille bornes Pat'Patrouille Dès 3 ans","p":18.9,"img":"https://fd13-photos.leclercdrive.fr/image.ashx?id=2587605&use=l&cat=p&typeid=i","cat":334378},{"id":214135,"n":"Mille bornes Mario Kart 2023 Dès 7 ans","p":18.9,"img":"https://fd13-photos.leclercdrive.fr/image.ashx?id=2587602&use=l&cat=p&typeid=i","cat":334378},{"id":214137,"n":"Cluedo Dès 8 ans","p":19.0,"img":"https://fd13-photos.leclercdrive.fr/image.ashx?id=2661012&use=l&cat=p&typeid=i","cat":334378},{"id":214200,"n":"Poupée Aurore 29cm Dès 3 ans","p":9.5,"img":"https://fd13-photos.leclercdrive.fr/image.ashx?id=2752762&use=l&cat=p&typeid=i","cat":334379},{"id":214201,"n":"Poupée Cendrillon 29cm Dès 3 ans","p":9.5,"img":"https://fd13-photos.leclercdrive.fr/image.ashx?id=2845218&use=l&cat=p&typeid=i","cat":334379},{"id":214210,"n":"Salamèche médium Dès 7 ans","p":16.5,"img":"https://fd13-photos.leclercdrive.fr/image.ashx?id=2767054&use=l&cat=p&typeid=i","cat":334380},{"id":214212,"n":"Super garage dragon Dès 5 ans","p":89.4,"img":"https://fd13-photos.leclercdrive.fr/image.ashx?id=2845215&use=l&cat=p&typeid=i","cat":334382},{"id":214321,"n":"Déodorant bille Dove Grenade - Anti-transpirant 50ml","p":2.62,"u":"52,40 €/L","img":"https://fd13-photos.leclercdrive.fr/image.ashx?id=2867341&use=l&cat=p&typeid=i","cat":284595},{"id":214326,"n":"Déodorant spray Dovd Grenade anti-transpirant 200ml","p":2.99,"u":"14,95 €/L","img":"https://fd13-photos.leclercdrive.fr/image.ashx?id=2987035&use=l&cat=p&typeid=i","cat":284595},{"id":214327,"n":"Déodorant Spray Dove Anti- Transpirant Beauty Finish 100ml","p":3.65,"u":"36,50 €/L","img":"https://fd13-photos.leclercdrive.fr/image.ashx?id=2987038&use=l&cat=p&typeid=i","cat":284595},{"id":214328,"n":"Déodorant Spray compressé Dove Anti-Transpirant Original 200ml","p":2.28,"u":"11,40 €/L","img":"https://fd13-photos.leclercdrive.fr/image.ashx?id=2877250&use=l&cat=p&typeid=i","cat":284595},{"id":214332,"n":"Chili Cheese Nuggets Pickers By McCain - 230g","p":4.06,"u":"17,65 €/KG","img":"https://fd13-photos.leclercdrive.fr/image.ashx?id=2958678&use=l&cat=p&typeid=i","cat":319822},{"id":214389,"n":"Lame OneBlade Philips QP215/50 - First have - x1","p":14.99,"img":"https://fd13-photos.leclercdrive.fr/image.ashx?id=2589554&use=l&cat=p&typeid=i","cat":284616},{"id":214392,"n":"Gel douche Le Petit Marseillais Homme - Minéraux & bois - 250ml","p":1.85,"u":"7,40 €/L","img":"https://fd13-photos.leclercdrive.fr/image.ashx?id=2684548&use=l&cat=p&typeid=i","cat":284619},{"id":214393,"n":"Gel douche Le Petit Marseillais Homme - Pin & eucalyptus 250ml","p":1.86,"u":"7,44 €/L","img":"https://fd13-photos.leclercdrive.fr/image.ashx?id=2684551&use=l&cat=p&typeid=i","cat":284619},{"id":214394,"n":"Crème de douche Le Petit Marseillais Fleur coton 400ml","p":2.85,"u":"7,13 €/L","img":"https://fd13-photos.leclercdrive.fr/image.ashx?id=2947045&use=l&cat=p&typeid=i","cat":284594},{"id":214397,"n":"Brossettes Oral-B iO Ultimate Clean - x2","p":20.65,"u":"10,33 €/P","img":"https://fd13-photos.leclercdrive.fr/image.ashx?id=2589819&use=l&cat=p&typeid=i","cat":297133},{"id":214403,"n":"Lessive liquide Bonux L'original 50 Lavages - 2.25L","p":8.5,"u":"3,78 €/L","img":"https://fd13-photos.leclercdrive.fr/image.ashx?id=2881993&use=l&cat=p&typeid=i","cat":284640},{"id":214404,"n":"Nettoyant ménager Ajax Multi-surfaces - Citron - 1.25L","p":2.9,"u":"2,32 €/L","img":"https://fd13-photos.leclercdrive.fr/image.ashx?id=2915606&use=l&cat=p&typeid=i","cat":284907},{"id":214412,"n":"Vin Blanc Mousseux Brut  Café de Paris - 75cl","p":4.85,"u":"6,47 €/L","img":"https://fd13-photos.leclercdrive.fr/image.ashx?id=2848692&use=l&cat=p&typeid=i","cat":284544},{"id":214414,"n":"Vin Rosé Mousseux Demi-sec Café de Paris - 75cl","p":4.85,"u":"6,47 €/L","img":"https://fd13-photos.leclercdrive.fr/image.ashx?id=2914477&use=l&cat=p&typeid=i","cat":284544},{"id":214419,"n":"Lames Gillette Mach3 - Classique - x6","p":20.5,"u":"3,42 €/P","img":"https://fd13-photos.leclercdrive.fr/image.ashx?id=2859908&use=l&cat=p&typeid=i","cat":284616},{"id":214453,"n":"Biscuits Mini BN Coeur au lait 2+1 offert - 525g","p":3.59,"u":"6,84 €/KG","img":"https://fd13-photos.leclercdrive.fr/image.ashx?id=2605449&use=l&cat=p&typeid=i","cat":284488},{"id":214459,"n":"AOP Fronton Château Clamens 75cl","p":6.6,"u":"8,80 €/L","img":"https://fd13-photos.leclercdrive.fr/image.ashx?id=2590625&use=l&cat=p&typeid=i","cat":289556},{"id":214462,"n":"AOP Côtes du Rhône Chusclan Château Signac - 75cl","p":7.95,"u":"10,60 €/L","img":"https://fd13-photos.leclercdrive.fr/image.ashx?id=2592678&use=l&cat=p&typeid=i","cat":289556},{"id":214465,"n":"Côtes du Rhone Grande Cuvée 75cl","p":4.5,"u":"6,00 €/L","img":"https://fd13-photos.leclercdrive.fr/image.ashx?id=2590228&use=l&cat=p&typeid=i","cat":289556},{"id":214509,"n":"Fromage à raclette RichesMonts Classique 420g + 20% offerts","p":5.23,"u":"10,38 €/KG","img":"https://fd13-photos.leclercdrive.fr/image.ashx?id=2969085&use=l&cat=p&typeid=i","cat":314037},{"id":214511,"n":"Saucisson Le Généreux Cochonou 365g","p":5.51,"u":"15,10 €/KG","img":"https://fd13-photos.leclercdrive.fr/image.ashx?id=2948938&use=l&cat=p&typeid=i","cat":316006},{"id":214540,"n":"Confit de Canard Montfort 4-5 cuisses - 1.35kg","p":15.6,"u":"11,56 €/KG","img":"https://fd13-photos.leclercdrive.fr/image.ashx?id=2590755&use=l&cat=p&typeid=i","cat":284441},{"id":214558,"n":"Café en grains Bio Méo Espresso - 1kg","p":20.03,"u":"20,03 €/KG","img":"https://fd13-photos.leclercdrive.fr/image.ashx?id=2593980&use=l&cat=p&typeid=i","cat":293237},{"id":214569,"n":"Emincés de cuisse poulet kebab Le Gaulois - 180g","p":3.51,"u":"19,50 €/KG","img":"https://fd13-photos.leclercdrive.fr/image.ashx?id=2732713&use=l&cat=p&typeid=i","cat":284336},{"id":214591,"n":"Camion transporteur Kidway Dès 3 ans","p":19.9,"img":"https://fd13-photos.leclercdrive.fr/image.ashx?id=2593480&use=l&cat=p&typeid=i","cat":334382},{"id":214593,"n":"Mini drone Mario Carrera R/C Dès 8 ans","p":34.8,"u":"Dont 0,22 € d'éco-part.","img":"https://fd13-photos.leclercdrive.fr/image.ashx?id=2593342&use=l&cat=p&typeid=i","cat":334382},{"id":214594,"n":"Garage voiture 2 niveaux Kidway Dès 3 ans","p":11.9,"img":"https://fd13-photos.leclercdrive.fr/image.ashx?id=2593483&use=l&cat=p&typeid=i","cat":334382},{"id":214595,"n":"Manon set docteur Kidway Dès 2 ans","p":12.9,"img":"https://fd13-photos.leclercdrive.fr/image.ashx?id=2593851&use=l&cat=p&typeid=i","cat":334379},{"id":214601,"n":"Pêche à la ligne Kidway 2 à 4 joueurs - Dès 3 ans","p":7.9,"u":"Dont 0,12 € d'éco-part.","img":"https://fd13-photos.leclercdrive.fr/image.ashx?id=2593842&use=l&cat=p&typeid=i","cat":334379},{"id":214612,"n":"Set imitation 1er âge Kidway Dès 1 an","p":14.9,"u":"Dont 0,12 € d'éco-part.","img":"https://fd13-photos.leclercdrive.fr/image.ashx?id=2593839&use=l&cat=p&typeid=i","cat":334378},{"id":214613,"n":"Station de secours Kidway Dès 3 ans","p":19.9,"u":"Dont 0,22 € d'éco-part.","img":"https://fd13-photos.leclercdrive.fr/image.ashx?id=2593854&use=l&cat=p&typeid=i","cat":334382},{"id":214626,"n":"S.O.S Ouistiti Mattel Dès 5 ans","p":14.5,"img":"https://fd13-photos.leclercdrive.fr/image.ashx?id=2593393&use=l&cat=p&typeid=i","cat":334378},{"id":214639,"n":"Ordi Genius Kid VTech Rose - Dès 3 ans","p":18.9,"u":"Dont 0,22 € d'éco-part.","img":"https://fd13-photos.leclercdrive.fr/image.ashx?id=2593354&use=l&cat=p&typeid=i","cat":334378},{"id":214648,"n":"Nouilles Banzai Noodle bœuf  cup - 67g","p":1.27,"u":"18,96 €/KG","img":"https://fd13-photos.leclercdrive.fr/image.ashx?id=2730001&use=l&cat=p&typeid=i","cat":288992},{"id":214653,"n":"Biscuits Mulino Bianco Tenerezze Citron - 200g","p":3.89,"u":"19,45 €/KG","img":"https://fd13-photos.leclercdrive.fr/image.ashx?id=2593137&use=l&cat=p&typeid=i","cat":289010},{"id":214675,"n":"Coquilles St Jacques Maréval À la Bretonne - 440g","p":17.32,"u":"39,36 €/KG","img":"https://fd13-photos.leclercdrive.fr/image.ashx?id=2592576&use=l&cat=p&typeid=i","cat":319775},{"id":214723,"n":"Biscuit bébé Kiddylicious  Wafers fraise dès 6 mois 4x2p","p":1.49,"u":"93,13 €/KG","img":"https://fd13-photos.leclercdrive.fr/image.ashx?id=2929152&use=l&cat=p&typeid=i","cat":312394},{"id":214724,"n":"Biscuit bébé Kiddylicious Wafers Banane dès 6 mois (4x2p)","p":1.5,"u":"93,75 €/KG","img":"https://fd13-photos.leclercdrive.fr/image.ashx?id=2929149&use=l&cat=p&typeid=i","cat":312394},{"id":214725,"n":"Biscuits bébé Kiddylicious  Soft Biscotti Pomme 6x2p","p":2.6,"u":"21,67 €/KG","img":"https://fd13-photos.leclercdrive.fr/image.ashx?id=2929146&use=l&cat=p&typeid=i","cat":312394},{"id":214726,"n":"Biscuits bébé Kiddylicious  Saveur Fromage dès 9mois 4x12g","p":2.99,"u":"62,29 €/KG","img":"https://fd13-photos.leclercdrive.fr/image.ashx?id=2929143&use=l&cat=p&typeid=i","cat":312394},{"id":214728,"n":"Biscuits bébé Kiddylicious Saveur légumes dès 9 mois 4x12g","p":2.99,"u":"62,29 €/KG","img":"https://fd13-photos.leclercdrive.fr/image.ashx?id=2929140&use=l&cat=p&typeid=i","cat":312394},{"id":214756,"n":"Feuilleté de Mousse La Laitière Menthe - 4x57g","p":1.78,"u":"7,81 €/KG","img":"https://fd13-photos.leclercdrive.fr/image.ashx?id=3007960&use=l&cat=p&typeid=i","cat":284417},{"id":214762,"n":"Nouilles Banzai Noodle poulet  cup - 67g","p":1.26,"u":"18,81 €/KG","img":"https://fd13-photos.leclercdrive.fr/image.ashx?id=2730004&use=l&cat=p&typeid=i","cat":288992},{"id":214800,"n":"Croquettes petit chien   Pedigree au bœuf - 2kg","p":7.62,"u":"3,81 €/KG","img":"https://fd13-photos.leclercdrive.fr/image.ashx?id=2876995&use=l&cat=p&typeid=i","cat":294526},{"id":214801,"n":"Croquettes petit chien   Pedigree à la volaille - 2kg","p":7.68,"u":"3,84 €/KG","img":"https://fd13-photos.leclercdrive.fr/image.ashx?id=2832323&use=l&cat=p&typeid=i","cat":294526},{"id":214809,"n":"Capsule Nescafé Dolce Gusto Neo  Lungo - x12","p":4.21,"pp":2.78,"u":"40,29 €/KG","img":"https://fd13-photos.leclercdrive.fr/image.ashx?id=2775041&use=l&cat=p&typeid=i","cat":293241},{"id":214810,"n":"Capsule Nescafé Dolce Gusto Neo  Grande - x12","p":4.32,"pp":2.85,"u":"33,93 €/KG","img":"https://fd13-photos.leclercdrive.fr/image.ashx?id=2947225&use=l&cat=p&typeid=i","cat":293241},{"id":214811,"n":"Capsule Nescafé Dolce Gusto Neo  Hot Chocolate - x12","p":4.33,"pp":2.86,"u":"13,24 €/KG","img":"https://fd13-photos.leclercdrive.fr/image.ashx?id=2927702&use=l&cat=p&typeid=i","cat":293241},{"id":214812,"n":"Capsule Nescafé Dolce Gusto Neo  Cappuccino - x6 - 122g","p":4.31,"pp":2.84,"u":"23,28 €/KG","img":"https://fd13-photos.leclercdrive.fr/image.ashx?id=2947228&use=l&cat=p&typeid=i","cat":293241},{"id":214814,"n":"Ail en semoule Ducro 335g","p":7.6,"u":"22,69 €/KG","img":"https://fd13-photos.leclercdrive.fr/image.ashx?id=2595665&use=l&cat=p&typeid=i","cat":298297},{"id":214848,"n":"Champignons blancs de Paris  Eco+ - 200g","p":0.95,"u":"4,75 €/KG","img":"https://fd13-photos.leclercdrive.fr/image.ashx?id=2742685&use=l&cat=p&typeid=i","cat":284352},{"id":214880,"n":"Pizza Dolce Sodebo Sicilia - 400g","p":4.28,"u":"10,70 €/KG","img":"https://fd13-photos.leclercdrive.fr/image.ashx?id=2921633&use=l&cat=p&typeid=i","cat":333679},{"id":214918,"n":"Vin rouge Chiroubles Arnaud Aucoeur - 75cl","p":7.96,"u":"10,61 €/L","img":"https://fd13-photos.leclercdrive.fr/image.ashx?id=2596284&use=l&cat=p&typeid=i","cat":289556},{"id":214928,"n":"AOP vin rouge Saint Emilion Esprit de Marzenac - 75cl","p":6.25,"u":"8,33 €/L","img":"https://fd13-photos.leclercdrive.fr/image.ashx?id=2596227&use=l&cat=p&typeid=i","cat":289556},{"id":214930,"n":"Touraine L'Esprit sauvage 75cl","p":5.4,"u":"7,20 €/L","img":"https://fd13-photos.leclercdrive.fr/image.ashx?id=2596167&use=l&cat=p&typeid=i","cat":289556},{"id":214933,"n":"Vin de France Les Essais 75cl","p":7.5,"u":"10,00 €/L","img":"https://fd13-photos.leclercdrive.fr/image.ashx?id=2596293&use=l&cat=p&typeid=i","cat":289556},{"id":215007,"n":"Thé glacé Lipton Ice Tea Pêche sans sucres - 4x1.25L","p":6.2,"u":"1,24 €/L","img":"https://fd13-photos.leclercdrive.fr/image.ashx?id=2596161&use=l&cat=p&typeid=i","cat":295019},{"id":215016,"n":"Croutons nature Tipiak 220g","p":3.25,"u":"14,77 €/KG","img":"https://fd13-photos.leclercdrive.fr/image.ashx?id=2842061&use=l&cat=p&typeid=i","cat":284464},{"id":215017,"n":"Croutons ail Tipiak 220g","p":3.28,"u":"14,91 €/KG","img":"https://fd13-photos.leclercdrive.fr/image.ashx?id=2688872&use=l&cat=p&typeid=i","cat":284464},{"id":215035,"n":"Jambon Le Braisé fleury Michon  Doré Sans nitrite x4 - 140g","p":2.7,"u":"19,29 €/KG","img":"https://fd13-photos.leclercdrive.fr/image.ashx?id=2923939&use=l&cat=p&typeid=i","cat":316009},{"id":215041,"n":"Lasagnes à la Bolognaise  Fleury Michon - 300g","p":3.17,"u":"10,57 €/KG","img":"https://fd13-photos.leclercdrive.fr/image.ashx?id=3003242&use=l&cat=p&typeid=i","cat":333665},{"id":215089,"n":"Friandises chien Pedigree Rodeo bœuf fromage x7 - 123g","p":2.18,"u":"17,72 €/KG","img":"https://fd13-photos.leclercdrive.fr/image.ashx?id=2753277&use=l&cat=p&typeid=i","cat":294527},{"id":215091,"n":"Complément Alimentaire Juvamine Vitamine C 500 x30","p":4.04,"u":"63,13 €/KG","img":"https://fd13-photos.leclercdrive.fr/image.ashx?id=2749724&use=l&cat=p&typeid=i","cat":313217},{"id":215093,"n":"Complément Alimentaire Juvamine Vitamine C 500 x30","p":3.96,"u":"51,43 €/KG","img":"https://fd13-photos.leclercdrive.fr/image.ashx?id=2749727&use=l&cat=p&typeid=i","cat":313217},{"id":215094,"n":"Complément Alimentaire Juvamine Top Forme Multivitamines x30","p":6.92,"u":"89,87 €/KG","img":"https://fd13-photos.leclercdrive.fr/image.ashx?id=2749730&use=l&cat=p&typeid=i","cat":313217},{"id":215098,"n":"Complément Alimentaire Juvamine Magnésium & Vitamines x30","p":4.2,"u":"0,14 €/P","img":"https://fd13-photos.leclercdrive.fr/image.ashx?id=2731495&use=l&cat=p&typeid=i","cat":313217},{"id":215100,"n":"Complément Alimentaire Juvamine Vitamine C Magnésium x30","p":4.12,"u":"60,59 €/KG","img":"https://fd13-photos.leclercdrive.fr/image.ashx?id=2731501&use=l&cat=p&typeid=i","cat":313217},{"id":215101,"n":"Complément Alimentaire Juvamine Vitamine C, D et Calcium - x30","p":3.32,"u":"43,12 €/KG","img":"https://fd13-photos.leclercdrive.fr/image.ashx?id=2749739&use=l&cat=p&typeid=i","cat":313217},{"id":215122,"n":"Pâtes Alpina Perle - 500g","p":1.41,"u":"2,82 €/KG","img":"https://fd13-photos.leclercdrive.fr/image.ashx?id=2789859&use=l&cat=p&typeid=i","cat":284427},{"id":215124,"n":"Eclat de pistaches Vahiné  torréfiés - 50g","p":4.76,"u":"95,20 €/KG","img":"https://fd13-photos.leclercdrive.fr/image.ashx?id=2596603&use=l&cat=p&typeid=i","cat":284504},{"id":215125,"n":"Caramel Fudges Vahiné 70g","p":3.43,"u":"49,00 €/KG","img":"https://fd13-photos.leclercdrive.fr/image.ashx?id=2596868&use=l&cat=p&typeid=i","cat":284504},{"id":215126,"n":"Chocolat au lait chunks Vahiné 100g","p":2.43,"u":"24,30 €/KG","img":"https://fd13-photos.leclercdrive.fr/image.ashx?id=2596865&use=l&cat=p&typeid=i","cat":284504},{"id":215161,"n":"Haut Médoc rouge  Bio Moulin de la Lagune 75cl","p":15.9,"u":"21,20 €/L","img":"https://fd13-photos.leclercdrive.fr/image.ashx?id=2597417&use=l&cat=p&typeid=i","cat":289556},{"id":215209,"n":"Spray nettoyant La Croix Bicarbonate de soude - 500ml","p":2.67,"u":"5,34 €/L","img":"https://fd13-photos.leclercdrive.fr/image.ashx?id=2597609&use=l&cat=p&typeid=i","cat":325357},{"id":215213,"n":"Sérum visage repulpant Garnier Acide Hyaluronique & Aloe Vera","p":8.69,"u":"289,67 €/L","img":"https://fd13-photos.leclercdrive.fr/image.ashx?id=2979911&use=l&cat=p&typeid=i","cat":325345},{"id":215214,"n":"Brossettes Oral-B Pro Sensitive clean - x2","p":11.57,"u":"5,79 €/PRT","img":"https://fd13-photos.leclercdrive.fr/image.ashx?id=2909254&use=l&cat=p&typeid=i","cat":297133},{"id":215215,"n":"Rasoir électrique Wilkinson Intuition Bikini - x1","p":17.05,"u":"Dont 0,10 € d'éco-part.","img":"https://fd13-photos.leclercdrive.fr/image.ashx?id=2597531&use=l&cat=p&typeid=i","cat":325352},{"id":215216,"n":"Lames rasoir Wilkinson Intuition - 2 en 1 - 3 lames","p":10.4,"u":"3,47 €/P","img":"https://fd13-photos.leclercdrive.fr/image.ashx?id=2849427&use=l&cat=p&typeid=i","cat":325352},{"id":215228,"n":"Melange garam masala Ducros 40g","p":3.95,"u":"98,75 €/KG","img":"https://fd13-photos.leclercdrive.fr/image.ashx?id=2597384&use=l&cat=p&typeid=i","cat":298297},{"id":215231,"n":"Petites gambas Fleury Ichon À la persillade - 280g","p":3.64,"u":"13,00 €/KG","img":"https://fd13-photos.leclercdrive.fr/image.ashx?id=2889499&use=l&cat=p&typeid=i","cat":333665},{"id":215237,"n":"Menu complet Lapin 800G","p":2.2,"u":"2,75 €/KG","img":"https://fd13-photos.leclercdrive.fr/image.ashx?id=2646818&use=l&cat=p&typeid=i","cat":284677},{"id":215238,"n":"Menu complet Lapin 3KG","p":6.8,"u":"2,27 €/KG","img":"https://fd13-photos.leclercdrive.fr/image.ashx?id=2646815&use=l&cat=p&typeid=i","cat":284677},{"id":215239,"n":"Menu complet Tous Mes Amis 800g","p":2.2,"u":"2,75 €/KG","img":"https://fd13-photos.leclercdrive.fr/image.ashx?id=2646812&use=l&cat=p&typeid=i","cat":284677},{"id":215240,"n":"Menu complet Tous Mes Amis Cochon d'Inde - 3kg","p":6.8,"u":"2,27 €/KG","img":"https://fd13-photos.leclercdrive.fr/image.ashx?id=2664731&use=l&cat=p&typeid=i","cat":284677},{"id":215278,"n":"Bonbons Copains Copines Bouée bi-goût acide - 250 g","p":1.59,"u":"6,36 €/KG","img":"https://fd13-photos.leclercdrive.fr/image.ashx?id=2934763&use=l&cat=p&typeid=i","cat":304250},{"id":215281,"n":"Bonbons Copains Copines Soda fruit acide - 200 g","p":1.19,"u":"5,95 €/KG","img":"https://fd13-photos.leclercdrive.fr/image.ashx?id=2934766&use=l&cat=p&typeid=i","cat":304250},{"id":215282,"n":"Bonbons Copains Copines Unicone - 200 g","p":1.29,"u":"6,45 €/KG","img":"https://fd13-photos.leclercdrive.fr/image.ashx?id=2934769&use=l&cat=p&typeid=i","cat":304250},{"id":215283,"n":"Bonbons DinoAcid' Copains Copines - 200g","p":1.29,"u":"6,45 €/KG","img":"https://fd13-photos.leclercdrive.fr/image.ashx?id=2597345&use=l&cat=p&typeid=i","cat":304250},{"id":215294,"n":"Gel nettoyant Nivea Fraîcheur - 150ml","p":4.87,"u":"32,47 €/L","img":"https://fd13-photos.leclercdrive.fr/image.ashx?id=2597513&use=l&cat=p&typeid=i","cat":284603},{"id":215307,"n":"Eau micellaire Expert Nivea  Démaquillant - 400ml","p":3.67,"u":"9,18 €/L","img":"https://fd13-photos.leclercdrive.fr/image.ashx?id=2597528&use=l&cat=p&typeid=i","cat":284603},{"id":215311,"n":"P'tit biscuit Nestlé 180g","p":2.1,"u":"11,67 €/KG","img":"https://fd13-photos.leclercdrive.fr/image.ashx?id=2737225&use=l&cat=p&typeid=i","cat":312227},{"id":215315,"n":"Eau micellaire visage Nivea Peaux mixtes à grasses - 400ml","p":4.54,"u":"11,35 €/L","img":"https://fd13-photos.leclercdrive.fr/image.ashx?id=2597810&use=l&cat=p&typeid=i","cat":284603},{"id":215319,"n":"Lotion tonique visage Nivea Lotus sacré - 200ml","p":4.31,"u":"21,55 €/L","img":"https://fd13-photos.leclercdrive.fr/image.ashx?id=2597813&use=l&cat=p&typeid=i","cat":284603},{"id":215340,"n":"Gel nettoyant Nivea Eau de rose - Micellaire 150ml","p":5.54,"u":"36,93 €/L","img":"https://fd13-photos.leclercdrive.fr/image.ashx?id=2598963&use=l&cat=p&typeid=i","cat":284603},{"id":215341,"n":"Soin de jour visage Nivea Repulpant - Naturally Good 50ml","p":11.2,"u":"224,00 €/L","img":"https://fd13-photos.leclercdrive.fr/image.ashx?id=2598259&use=l&cat=p&typeid=i","cat":325345},{"id":215348,"n":"Soin de nuit Nivea Lissant - Naturally Good - 50ml","p":11.2,"u":"224,00 €/L","img":"https://fd13-photos.leclercdrive.fr/image.ashx?id=2598262&use=l&cat=p&typeid=i","cat":325345},{"id":215353,"n":"Lingettes démaquillantes Nivea Visage et yeux - x20","p":2.8,"u":"0,14 €/P","img":"https://fd13-photos.leclercdrive.fr/image.ashx?id=2652700&use=l&cat=p&typeid=i","cat":284603},{"id":215373,"n":"Crème de jour visage Nivea Huile de café recyclé - 50ml","p":8.83,"u":"176,60 €/L","img":"https://fd13-photos.leclercdrive.fr/image.ashx?id=2598975&use=l&cat=p&typeid=i","cat":325345},{"id":215377,"n":"Fromage Persillée Bresse Bleu Le véritable - 200g","p":2.77,"u":"13,85 €/KG","img":"https://fd13-photos.leclercdrive.fr/image.ashx?id=2927486&use=l&cat=p&typeid=i","cat":314032},{"id":215379,"n":"Sérum Visage Anti-âge Nivea Anti-taches Luminous - 30ml","p":24.43,"u":"814,33 €/L","img":"https://fd13-photos.leclercdrive.fr/image.ashx?id=2985492&use=l&cat=p&typeid=i","cat":325345},{"id":215388,"n":"Adoucissant Lenor Peaux sensibles - x41 - 0.861L","p":6.22,"u":"7,22 €/L","img":"https://fd13-photos.leclercdrive.fr/image.ashx?id=2599029&use=l&cat=p&typeid=i","cat":284650},{"id":215497,"n":"Chocolat liqueur  Abtey Poire williams - x10 - 200g","p":3.82,"u":"19,10 €/KG","img":"https://fd13-photos.leclercdrive.fr/image.ashx?id=2599583&use=l&cat=p&typeid=i","cat":327601},{"id":215564,"n":"Boules praliné lait Jacquot Eclat de noisettes 1 Kg","p":12.28,"u":"12,28 €/KG","img":"https://fd13-photos.leclercdrive.fr/image.ashx?id=2599607&use=l&cat=p&typeid=i","cat":327595},{"id":215571,"n":"Père Noël Jacquot moulage chocolat 100g","p":2.12,"u":"21,20 €/KG","img":"https://fd13-photos.leclercdrive.fr/image.ashx?id=2855876&use=l&cat=p&typeid=i","cat":327592},{"id":215581,"n":"Bouchées chocolats mon chéri  x30 - 315g","p":8.29,"u":"26,32 €/KG","img":"https://fd13-photos.leclercdrive.fr/image.ashx?id=2952923&use=l&cat=p&typeid=i","cat":327601},{"id":215585,"n":"Moulage Kinder Surprise  Modèles divers - 75g","p":3.32,"u":"44,27 €/KG","img":"https://fd13-photos.leclercdrive.fr/image.ashx?id=2599381&use=l&cat=p&typeid=i","cat":327592},{"id":215586,"n":"Moulage chocolat Kinder 110g","p":3.64,"u":"33,09 €/KG","img":"https://fd13-photos.leclercdrive.fr/image.ashx?id=2764155&use=l&cat=p&typeid=i","cat":327592},{"id":215588,"n":"Calendrier de l'Avent Kinder Chalet - 184g","p":8.87,"u":"48,21 €/KG","img":"https://fd13-photos.leclercdrive.fr/image.ashx?id=2599384&use=l&cat=p&typeid=i","cat":336112},{"id":215589,"n":"Calendrier de l'Avent Kinder House 3D - 234g","p":11.13,"u":"47,56 €/KG","img":"https://fd13-photos.leclercdrive.fr/image.ashx?id=2599393&use=l&cat=p&typeid=i","cat":336112},{"id":215599,"n":"Chocolat Ferrero collection Boite de 15 pièces - 172g","p":6.82,"u":"39,65 €/KG","img":"https://fd13-photos.leclercdrive.fr/image.ashx?id=2871178&use=l&cat=p&typeid=i","cat":327595},{"id":215624,"n":"Sucette guimauve Xmas Fizzy  Père noël - 35g","p":1.1,"u":"31,43 €/KG","img":"https://fd13-photos.leclercdrive.fr/image.ashx?id=2996944&use=l&cat=p&typeid=i","cat":327592},{"id":215631,"n":"Fizzy mug Mr et Mme  100g","p":5.04,"u":"50,40 €/KG","img":"https://fd13-photos.leclercdrive.fr/image.ashx?id=2851009&use=l&cat=p&typeid=i","cat":327789},{"id":215712,"n":"Boîte sélection Côte d'or 135g","p":5.25,"u":"38,89 €/KG","img":"https://fd13-photos.leclercdrive.fr/image.ashx?id=2599964&use=l&cat=p&typeid=i","cat":327595},{"id":215713,"n":"Calendrier de l'Avent Milka 200g","p":5.47,"u":"27,35 €/KG","img":"https://fd13-photos.leclercdrive.fr/image.ashx?id=2985594&use=l&cat=p&typeid=i","cat":336112},{"id":215716,"n":"Père Noël blanc Milka 90g","p":3.58,"u":"39,78 €/KG","img":"https://fd13-photos.leclercdrive.fr/image.ashx?id=2599946&use=l&cat=p&typeid=i","cat":327592},{"id":215718,"n":"Mini Délices Assortiment Milka 320g","p":9.87,"u":"30,84 €/KG","img":"https://fd13-photos.leclercdrive.fr/image.ashx?id=2904467&use=l&cat=p&typeid=i","cat":327597},{"id":215719,"n":"Mini délices oreo & cacao Milka 320g","p":9.87,"u":"30,84 €/KG","img":"https://fd13-photos.leclercdrive.fr/image.ashx?id=2599952&use=l&cat=p&typeid=i","cat":327597},{"id":215720,"n":"Mini délices Milka Cacao - 320g","p":9.87,"u":"30,84 €/KG","img":"https://fd13-photos.leclercdrive.fr/image.ashx?id=2916447&use=l&cat=p&typeid=i","cat":327597},{"id":215721,"n":"Boules Noël chocolat Milka Lait biscuit - 350g","p":8.49,"u":"24,26 €/KG","img":"https://fd13-photos.leclercdrive.fr/image.ashx?id=2916450&use=l&cat=p&typeid=i","cat":327592},{"id":215724,"n":"Calendrier de l'Avent Crunch chocolat Noël - 182g","p":10.95,"u":"60,16 €/KG","img":"https://fd13-photos.leclercdrive.fr/image.ashx?id=2763984&use=l&cat=p&typeid=i","cat":336112},{"id":215735,"n":"Bouchées Chocolat Noël Nestlé L'Atelier Lait Caramel - 272g","p":7.95,"u":"29,23 €/KG","img":"https://fd13-photos.leclercdrive.fr/image.ashx?id=2940594&use=l&cat=p&typeid=i","cat":327595},{"id":215736,"n":"Bouchées Chocolat Noël Nestlé Mix l'Atelier - 271g","p":7.95,"u":"30,00 €/KG","img":"https://fd13-photos.leclercdrive.fr/image.ashx?id=2938250&use=l&cat=p&typeid=i","cat":327595},{"id":215737,"n":"Smarties chocolat Mini Figurines - 147g","p":5.45,"u":"37,07 €/KG","img":"https://fd13-photos.leclercdrive.fr/image.ashx?id=3000450&use=l&cat=p&typeid=i","cat":327592},{"id":215738,"n":"KitKat Chocolat Noël Mini Figurines - 147g","p":5.45,"u":"37,07 €/KG","img":"https://fd13-photos.leclercdrive.fr/image.ashx?id=2763978&use=l&cat=p&typeid=i","cat":327592},{"id":215739,"n":"Galak Chocolat Noël Mini Figurines - 147g","p":4.87,"u":"33,13 €/KG","img":"https://fd13-photos.leclercdrive.fr/image.ashx?id=2897375&use=l&cat=p&typeid=i","cat":327592},{"id":215753,"n":"tubo coupelles Riegelein tubo coupelles chocolatées 400g","p":4.37,"u":"10,93 €/KG","img":"https://fd13-photos.leclercdrive.fr/image.ashx?id=2858093&use=l&cat=p&typeid=i","cat":327592},{"id":215763,"n":"Père noël canne Rohan 400g","p":8.51,"u":"21,28 €/KG","img":"https://fd13-photos.leclercdrive.fr/image.ashx?id=2620287&use=l&cat=p&typeid=i","cat":327592},{"id":215765,"n":"Calisson le Roy René 235g","p":8.54,"u":"36,34 €/KG","img":"https://fd13-photos.leclercdrive.fr/image.ashx?id=2603761&use=l&cat=p&typeid=i","cat":327606},{"id":215899,"n":"Moules apéritives Pêche Océan - 350ml","p":2.69,"u":"7,69 €/L","img":"https://fd13-photos.leclercdrive.fr/image.ashx?id=2605008&use=l&cat=p&typeid=i","cat":285094},{"id":215900,"n":"Moules apéritives à la catalane Pêche Océan - 350ml","p":2.79,"u":"7,97 €/L","img":"https://fd13-photos.leclercdrive.fr/image.ashx?id=2605005&use=l&cat=p&typeid=i","cat":285094},{"id":215910,"n":"Bain de bouche Expert Dentamyl Blanche - 500ml","p":1.97,"u":"3,94 €/L","img":"https://fd13-photos.leclercdrive.fr/image.ashx?id=2600627&use=l&cat=p&typeid=i","cat":284613},{"id":215916,"n":"Désinfectant du linge Lysol  Linge Frais - 500ml","p":2.5,"u":"5,00 €/L","img":"https://fd13-photos.leclercdrive.fr/image.ashx?id=2601722&use=l&cat=p&typeid=i","cat":290451},{"id":215917,"n":"Liquide de Rinçage Finish  800ml","p":4.99,"u":"6,24 €/L","img":"https://fd13-photos.leclercdrive.fr/image.ashx?id=2864678&use=l&cat=p&typeid=i","cat":284657},{"id":215931,"n":"Gratte-éponge Spontex Secret d'Antan - x2","p":1.97,"u":"0,99 €/P","img":"https://fd13-photos.leclercdrive.fr/image.ashx?id=2601593&use=l&cat=p&typeid=i","cat":284667},{"id":215932,"n":"Eponges Spontex Fibres recyclées - x2","p":1.6,"u":"0,80 €/P","img":"https://fd13-photos.leclercdrive.fr/image.ashx?id=2758078&use=l&cat=p&typeid=i","cat":284667},{"id":215951,"n":"Film étirable Alfapac Vegetal origin - 40m","p":2.09,"img":"https://fd13-photos.leclercdrive.fr/image.ashx?id=2986353&use=l&cat=p&typeid=i","cat":285194},{"id":216007,"n":"Petits pots bébé P'TIT SOUPER Quinotto carottes 8M+ - 2x200g","p":2.49,"u":"6,23 €/KG","img":"https://fd13-photos.leclercdrive.fr/image.ashx?id=2737762&use=l&cat=p&typeid=i","cat":312239},{"id":216021,"n":"Desserts Lactés P'TIT ONCTUEUX  Mini Fraise 6M+ - 6x50g","p":2.27,"u":"7,57 €/KG","img":"https://fd13-photos.leclercdrive.fr/image.ashx?id=2601881&use=l&cat=p&typeid=i","cat":312392},{"id":216072,"n":"Beurre Président Demi-sel - 60% MG - 200g","p":1.88,"u":"9,40 €/KG","img":"https://fd13-photos.leclercdrive.fr/image.ashx?id=2841265&use=l&cat=p&typeid=i","cat":284379},{"id":216093,"n":"Chips Tortilla Doritos Goût barbecue style - 160g","p":1.99,"u":"12,44 €/KG","img":"https://fd13-photos.leclercdrive.fr/image.ashx?id=2880718&use=l&cat=p&typeid=i","cat":287899},{"id":216094,"n":"Lait bébé en poudre Blédilait croissance 1-3 ans 1,2kg","p":13.69,"u":"11,41 €/KG","img":"https://fd13-photos.leclercdrive.fr/image.ashx?id=2608157&use=l&cat=p&typeid=i","cat":290219},{"id":216095,"n":"Chips Tortilla Doritos Goût nacho cheese - 160g","p":1.51,"u":"9,44 €/KG","img":"https://fd13-photos.leclercdrive.fr/image.ashx?id=2990478&use=l&cat=p&typeid=i","cat":287899},{"id":216096,"n":"Chips Tortilla Doritos Goût Nature Sel - 160g","p":1.89,"u":"11,81 €/KG","img":"https://fd13-photos.leclercdrive.fr/image.ashx?id=2880715&use=l&cat=p&typeid=i","cat":287899},{"id":216097,"n":"Chips Tortilla Doritos Goût paprika - 160g","p":2.08,"u":"13,00 €/KG","img":"https://fd13-photos.leclercdrive.fr/image.ashx?id=2890091&use=l&cat=p&typeid=i","cat":287899},{"id":216098,"n":"Chips Tortilla Doritos Goût sweet chili - 160g","p":1.85,"u":"11,56 €/KG","img":"https://fd13-photos.leclercdrive.fr/image.ashx?id=2990475&use=l&cat=p&typeid=i","cat":287899},{"id":216099,"n":"Chips Tortilla Doritos Goût sour cream - 160g","p":1.99,"u":"12,44 €/KG","img":"https://fd13-photos.leclercdrive.fr/image.ashx?id=2890088&use=l&cat=p&typeid=i","cat":287899},{"id":216105,"n":"Pané raclette Grand Fermage x4 - 100g","p":2.22,"u":"22,20 €/KG","img":"https://fd13-photos.leclercdrive.fr/image.ashx?id=2603402&use=l&cat=p&typeid=i","cat":314037},{"id":216108,"n":"Compotes Materne 5 fruits - 12x100g","p":4.81,"u":"4,01 €/KG","img":"https://fd13-photos.leclercdrive.fr/image.ashx?id=3003104&use=l&cat=p&typeid=i","cat":284416},{"id":216109,"n":"Compotes Materne 5 fruits rose & orange 12x100g","p":4.8,"u":"4,00 €/KG","img":"https://fd13-photos.leclercdrive.fr/image.ashx?id=3003107&use=l&cat=p&typeid=i","cat":284416},{"id":216112,"n":"Yaourt Fruits Panier de Yoplait Fraise Framboise - 4x125g","p":1.93,"u":"3,86 €/KG","img":"https://fd13-photos.leclercdrive.fr/image.ashx?id=2884471&use=l&cat=p&typeid=i","cat":284410},{"id":216113,"n":"Yaourt Fruits Panier de Yoplait Mûre Myrtille - 4x125g","p":1.96,"u":"3,92 €/KG","img":"https://fd13-photos.leclercdrive.fr/image.ashx?id=2884480&use=l&cat=p&typeid=i","cat":284410},{"id":216114,"n":"Yaourt Fruits Panier de Yoplait Abricot Nectarine - 4x125g","p":1.92,"u":"3,84 €/KG","img":"https://fd13-photos.leclercdrive.fr/image.ashx?id=2884474&use=l&cat=p&typeid=i","cat":284410},{"id":216121,"n":"Yaourt Fruits Panier de Yoplait Coco Mangue Ananas - 8x125g","p":2.88,"u":"2,88 €/KG","img":"https://fd13-photos.leclercdrive.fr/image.ashx?id=2733742&use=l&cat=p&typeid=i","cat":284410},{"id":216126,"n":"Yaourt Panier de Yoplait Fruits Rouges 0%Mg - 8x125g","p":2.76,"u":"2,76 €/KG","img":"https://fd13-photos.leclercdrive.fr/image.ashx?id=2830399&use=l&cat=p&typeid=i","cat":284410},{"id":216128,"n":"Yaourt Fruits Panier de Yoplait Panaché 0%Mg - 16x125g","p":4.33,"u":"2,17 €/KG","img":"https://fd13-photos.leclercdrive.fr/image.ashx?id=2884495&use=l&cat=p&typeid=i","cat":284410},{"id":216295,"n":"Raclette nature Eco+ 400g","p":3.37,"u":"8,43 €/KG","img":"https://fd13-photos.leclercdrive.fr/image.ashx?id=2611852&use=l&cat=p&typeid=i","cat":314037},{"id":216303,"n":"Riz Méditerranée Ben's original  Express 2mn - 220g","p":1.3,"u":"5,20 €/KG","img":"https://fd13-photos.leclercdrive.fr/image.ashx?id=2995301&use=l&cat=p&typeid=i","cat":287600},{"id":216325,"n":"Gel douche Adidas Active Skin & Mind - Energy Kick - 250ml","p":2.72,"u":"10,88 €/L","img":"https://fd13-photos.leclercdrive.fr/image.ashx?id=2990784&use=l&cat=p&typeid=i","cat":284619},{"id":216378,"n":"Dessert Lacté P'TIT BRASSE Mini BIO Pomme Poire SSA 4M+ - 6x50g","p":2.87,"u":"9,57 €/KG","img":"https://fd13-photos.leclercdrive.fr/image.ashx?id=2651726&use=l&cat=p&typeid=i","cat":312392},{"id":216382,"n":"Desserts Lactés P'TIT ONCTUEUX Mini Abricot 6M+ - 6x50g","p":2.67,"u":"8,90 €/KG","img":"https://fd13-photos.leclercdrive.fr/image.ashx?id=2606451&use=l&cat=p&typeid=i","cat":312392},{"id":216385,"n":"Desserts Lactés P'TIT ONCTUEUX Poire 6M+ - 6x50g","p":2.34,"u":"15,60 €/KG","img":"https://fd13-photos.leclercdrive.fr/image.ashx?id=2606448&use=l&cat=p&typeid=i","cat":312392},{"id":216386,"n":"Riz extra long Taureau Ailé 450g","p":2.45,"u":"5,44 €/KG","img":"https://fd13-photos.leclercdrive.fr/image.ashx?id=2895924&use=l&cat=p&typeid=i","cat":284428},{"id":216457,"n":"Spray Prêt à l'emploi St Marc  Bicarbonate de soude - 500ml","p":2.99,"u":"5,98 €/L","img":"https://fd13-photos.leclercdrive.fr/image.ashx?id=2653864&use=l&cat=p&typeid=i","cat":325357},{"id":216462,"n":"Spray Prêt à l'emploi St Marc  Acide Citrique - 500ml","p":2.99,"u":"5,98 €/L","img":"https://fd13-photos.leclercdrive.fr/image.ashx?id=2653867&use=l&cat=p&typeid=i","cat":325357},{"id":216464,"n":"Tablette de chocolat Poulain Blanc biscuit - 195g","p":3.47,"u":"18,26 €/KG","img":"https://fd13-photos.leclercdrive.fr/image.ashx?id=2607125&use=l&cat=p&typeid=i","cat":284957},{"id":216465,"n":"Gâteaux P'tit moelleux Savane 135g","p":1.76,"u":"13,04 €/KG","img":"https://fd13-photos.leclercdrive.fr/image.ashx?id=2881458&use=l&cat=p&typeid=i","cat":284495},{"id":216474,"n":"Infusion La Tisanière Bio - menthe & citron vert 30g","p":2.95,"u":"98,33 €/KG","img":"https://fd13-photos.leclercdrive.fr/image.ashx?id=2606906&use=l&cat=p&typeid=i","cat":293234},{"id":216477,"n":"Spray nasal Prorhinel Jet tonique - Adulte - 100ml","p":6.99,"u":"69,90 €/L","img":"https://fd13-photos.leclercdrive.fr/image.ashx?id=2917864&use=l&cat=p&typeid=i","cat":284630},{"id":216480,"n":"Infusion La Tisanière  Bio fruits rouges  Hibiscus 32g","p":2.56,"u":"80,00 €/KG","img":"https://fd13-photos.leclercdrive.fr/image.ashx?id=2606903&use=l&cat=p&typeid=i","cat":293234},{"id":216485,"n":"Gourde dès 6 mois Bledina Poires amandes - 4x85g","p":4.35,"u":"12,79 €/KG","img":"https://fd13-photos.leclercdrive.fr/image.ashx?id=2843322&use=l&cat=p&typeid=i","cat":312388},{"id":216519,"n":"Skyr Siggi's  Stracciatella - 2x140g","p":2.14,"u":"7,64 €/KG","img":"https://fd13-photos.leclercdrive.fr/image.ashx?id=2606885&use=l&cat=p&typeid=i","cat":315000},{"id":216520,"n":"Skyr Siggi's  Noix de Coco - 2x140g","p":2.15,"u":"7,68 €/KG","img":"https://fd13-photos.leclercdrive.fr/image.ashx?id=2938623&use=l&cat=p&typeid=i","cat":315000},{"id":216521,"n":"Yaourt à la grecque YAOS  Nature - 850g","p":2.99,"u":"3,52 €/KG","img":"https://fd13-photos.leclercdrive.fr/image.ashx?id=2729776&use=l&cat=p&typeid=i","cat":314999},{"id":216525,"n":"Nesquik Chocoballs 4x120g","p":2.49,"u":"5,19 €/KG","img":"https://fd13-photos.leclercdrive.fr/image.ashx?id=2606876&use=l&cat=p&typeid=i","cat":284414},{"id":216546,"n":"Chocolats Chesterfield Hamlet 250g","p":6.81,"u":"27,24 €/KG","img":"https://fd13-photos.leclercdrive.fr/image.ashx?id=2978895&use=l&cat=p&typeid=i","cat":327595},{"id":216552,"n":"Chocolats \"Rudolph\" Hamlet 250g","p":7.4,"u":"29,60 €/KG","img":"https://fd13-photos.leclercdrive.fr/image.ashx?id=2978898&use=l&cat=p&typeid=i","cat":327595},{"id":216554,"n":"Praliné ligne excellent Hamlet Rouge - 250g","p":6.95,"u":"27,80 €/KG","img":"https://fd13-photos.leclercdrive.fr/image.ashx?id=2978892&use=l&cat=p&typeid=i","cat":327595},{"id":216563,"n":"Chocolat Révillon Caramel et Nougatine d'Exception - 340g","p":10.04,"u":"29,53 €/KG","img":"https://fd13-photos.leclercdrive.fr/image.ashx?id=2608728&use=l&cat=p&typeid=i","cat":327597},{"id":216597,"n":"Pâte à tartiner Andros be nuts Cacahuète crémeux - 325g","p":2.8,"u":"8,62 €/KG","img":"https://fd13-photos.leclercdrive.fr/image.ashx?id=2916201&use=l&cat=p&typeid=i","cat":284481},{"id":216629,"n":"Soda Twist Pik Haribo Sachet bonbons acidulés - 190g","p":1.8,"u":"9,47 €/KG","img":"https://fd13-photos.leclercdrive.fr/image.ashx?id=2984958&use=l&cat=p&typeid=i","cat":304250},{"id":216634,"n":"Infusion La Tisanière  Bio citron","p":2.95,"u":"98,33 €/KG","img":"https://fd13-photos.leclercdrive.fr/image.ashx?id=2608605&use=l&cat=p&typeid=i","cat":293234},{"id":216714,"n":"Match Astérix Dès 4 ans","p":14.5,"img":"https://fd13-photos.leclercdrive.fr/image.ashx?id=2609016&use=l&cat=p&typeid=i","cat":334378},{"id":216772,"n":"Desserts Lactés P'TIT ONCTUEUX Pomme 6M+ - 4x90g","p":2.33,"u":"6,47 €/KG","img":"https://fd13-photos.leclercdrive.fr/image.ashx?id=2737765&use=l&cat=p&typeid=i","cat":312392},{"id":216798,"n":"Pizza del gusto Mix Montagnarde - 380g","p":6.37,"u":"16,76 €/KG","img":"https://fd13-photos.leclercdrive.fr/image.ashx?id=2609917&use=l&cat=p&typeid=i","cat":333679},{"id":216999,"n":"Pétales céréales Grainea Nature - 750g","p":2.99,"u":"3,99 €/KG","img":"https://fd13-photos.leclercdrive.fr/image.ashx?id=2609438&use=l&cat=p&typeid=i","cat":309512},{"id":217003,"n":"Céréales coco pops Kellogg's Au chocolat - 550g","p":3.85,"u":"7,00 €/KG","img":"https://fd13-photos.leclercdrive.fr/image.ashx?id=2611080&use=l&cat=p&typeid=i","cat":309513},{"id":217097,"n":"Boisson énergisante Crazy Tiger Cerise - 1L","p":2.34,"u":"2,34 €/L","img":"https://fd13-photos.leclercdrive.fr/image.ashx?id=2859509&use=l&cat=p&typeid=i","cat":284533},{"id":217119,"n":"Dosettes café Senseo Espresso Colombia x32","p":6.08,"u":"27,39 €/KG","img":"https://fd13-photos.leclercdrive.fr/image.ashx?id=2764646&use=l&cat=p&typeid=i","cat":293238},{"id":217145,"n":"Rhum Don Papa Baroko  40% vol. - 70cl","p":36.9,"u":"52,71 €/L","img":"https://fd13-photos.leclercdrive.fr/image.ashx?id=2654017&use=l&cat=p&typeid=i","cat":284550},{"id":217256,"n":"Champignons de Paris blancs Panier du Primeur - 400g","p":2.45,"u":"6,13 €/KG","img":"https://fd13-photos.leclercdrive.fr/image.ashx?id=2610765&use=l&cat=p&typeid=i","cat":284352},{"id":217427,"n":"Moulage chocolat Kinder Pingouin - 35g","p":1.62,"u":"46,29 €/KG","img":"https://fd13-photos.leclercdrive.fr/image.ashx?id=2619294&use=l&cat=p&typeid=i","cat":327592},{"id":217470,"n":"Parmentier de canard confit Fleury Michon - 300g","p":3.68,"u":"12,27 €/KG","img":"https://fd13-photos.leclercdrive.fr/image.ashx?id=3003257&use=l&cat=p&typeid=i","cat":333665},{"id":217543,"n":"Papillotes Revillon Lait Pralinés d'exception - 340g","p":8.99,"u":"26,44 €/KG","img":"https://fd13-photos.leclercdrive.fr/image.ashx?id=2614011&use=l&cat=p&typeid=i","cat":327597},{"id":217611,"n":"Chataigne Bio Village Bio - 195g","p":3.71,"u":"19,03 €/KG","img":"https://fd13-photos.leclercdrive.fr/image.ashx?id=2613747&use=l&cat=p&typeid=i","cat":312612},{"id":217613,"n":"Café en grain Plantation Ethiopie - 500g","p":7.99,"u":"15,98 €/KG","img":"https://fd13-photos.leclercdrive.fr/image.ashx?id=2824310&use=l&cat=p&typeid=i","cat":293237},{"id":217614,"n":"Chips  Bugles 3D Lay's Format familiale - 150g","p":1.37,"u":"9,13 €/KG","img":"https://fd13-photos.leclercdrive.fr/image.ashx?id=2917420&use=l&cat=p&typeid=i","cat":284449},{"id":217618,"n":"Velouté bio Jardin Bio Potiron patate douce 1L","p":3.61,"u":"3,61 €/L","img":"https://fd13-photos.leclercdrive.fr/image.ashx?id=2615077&use=l&cat=p&typeid=i","cat":284462},{"id":217622,"n":"Concassé de tomates bio Jardin Bio - 400g","p":1.36,"u":"3,40 €/KG","img":"https://fd13-photos.leclercdrive.fr/image.ashx?id=2615071&use=l&cat=p&typeid=i","cat":288384},{"id":217719,"n":"Déodorant spray Dove  Advanced Care - 2x100ml","p":5.99,"u":"29,95 €/L","img":"https://fd13-photos.leclercdrive.fr/image.ashx?id=2903872&use=l&cat=p&typeid=i","cat":284595},{"id":217721,"n":"Déodorant spray Dove Invisible Dry - 2x100ml","p":5.99,"u":"29,95 €/L","img":"https://fd13-photos.leclercdrive.fr/image.ashx?id=2903875&use=l&cat=p&typeid=i","cat":284595},{"id":217902,"n":"Gourdes fruitées NATURNES Pomme Banane Fraise 6M+ - 7x90g","p":6.83,"u":"10,84 €/KG","img":"https://fd13-photos.leclercdrive.fr/image.ashx?id=2658099&use=l&cat=p&typeid=i","cat":312393},{"id":217904,"n":"Desserts Lactés P'TIT ONCTUEUX Nature sucre canne 6M+ - 6x50g","p":2.43,"u":"8,10 €/KG","img":"https://fd13-photos.leclercdrive.fr/image.ashx?id=2615777&use=l&cat=p&typeid=i","cat":312392},{"id":217934,"n":"Gel douche Adidas Active Skin & Mind - Cool Down - 250ml","p":2.55,"u":"10,20 €/L","img":"https://fd13-photos.leclercdrive.fr/image.ashx?id=2990775&use=l&cat=p&typeid=i","cat":284619},{"id":217935,"n":"Désodorisant diffuseur Airwick  Active Fresh Coton - 75ml","p":4.59,"u":"61,20 €/L","img":"https://fd13-photos.leclercdrive.fr/image.ashx?id=2616186&use=l&cat=p&typeid=i","cat":311629},{"id":217946,"n":"Détachant textile Texil Multi-usage - 500g","p":2.8,"u":"5,60 €/KG","img":"https://fd13-photos.leclercdrive.fr/image.ashx?id=2988132&use=l&cat=p&typeid=i","cat":284651},{"id":217961,"n":"Brossettes Oral-B Pro Precision clean - x2","p":12.25,"u":"6,13 €/P","img":"https://fd13-photos.leclercdrive.fr/image.ashx?id=2957692&use=l&cat=p&typeid=i","cat":297133},{"id":217982,"n":"Dentifrice Integral 8 Signal Complet Effet Prébiotique 75ml","p":1.67,"u":"22,27 €/L","img":"https://fd13-photos.leclercdrive.fr/image.ashx?id=2974665&use=l&cat=p&typeid=i","cat":284612},{"id":217987,"n":"Dentifrice Signal Integral 8 Prébiotique complet - 100ml","p":3.86,"u":"38,60 €/L","img":"https://fd13-photos.leclercdrive.fr/image.ashx?id=2738668&use=l&cat=p&typeid=i","cat":284612},{"id":217989,"n":"Dentifrice Integral 8 Signal HaleineFraîche Prébiotique 75ml","p":1.89,"u":"25,20 €/L","img":"https://fd13-photos.leclercdrive.fr/image.ashx?id=2985660&use=l&cat=p&typeid=i","cat":284612},{"id":217991,"n":"Dentifrice Signal Integral 8 Nettoyage intense - 75ml","p":2.31,"u":"30,80 €/L","img":"https://fd13-photos.leclercdrive.fr/image.ashx?id=2818190&use=l&cat=p&typeid=i","cat":284612},{"id":217993,"n":"Dentifrice Integral 8 Signal Blancheur Prébiotique 75ml","p":1.65,"u":"22,00 €/L","img":"https://fd13-photos.leclercdrive.fr/image.ashx?id=2974668&use=l&cat=p&typeid=i","cat":284612},{"id":217995,"n":"Dentifrice Signal Integral 8 Resist +Prébiotique - 75ml","p":2.31,"u":"30,80 €/L","img":"https://fd13-photos.leclercdrive.fr/image.ashx?id=2818199&use=l&cat=p&typeid=i","cat":284612},{"id":218000,"n":"Dentifrice Signal Système Blancheur 1 semaine - 75ml","p":1.78,"u":"23,73 €/L","img":"https://fd13-photos.leclercdrive.fr/image.ashx?id=2777516&use=l&cat=p&typeid=i","cat":284612},{"id":218002,"n":"Dentifrice Signal Système Blancheur Eclat brillance 75ml","p":2.28,"u":"30,40 €/L","img":"https://fd13-photos.leclercdrive.fr/image.ashx?id=2981424&use=l&cat=p&typeid=i","cat":284612},{"id":218003,"n":"Brosse à dents Signal Integral  8 - Noir - Souple - x1","p":1.95,"img":"https://fd13-photos.leclercdrive.fr/image.ashx?id=2748707&use=l&cat=p&typeid=i","cat":284614},{"id":218027,"n":"Assortiment Mini Barre Kit Kat Chocolat au lait - 240g","p":4.29,"u":"17,88 €/KG","img":"https://fd13-photos.leclercdrive.fr/image.ashx?id=2792873&use=l&cat=p&typeid=i","cat":284498},{"id":218042,"n":"Saumon naturel Pêche Océan ASC 112g","p":3.1,"u":"27,68 €/KG","img":"https://fd13-photos.leclercdrive.fr/image.ashx?id=2615937&use=l&cat=p&typeid=i","cat":305147},{"id":218051,"n":"Soupe japonaise Maggi 50g","p":1.11,"u":"22,20 €/KG","img":"https://fd13-photos.leclercdrive.fr/image.ashx?id=2737768&use=l&cat=p&typeid=i","cat":288992},{"id":218055,"n":"Soupe vietnamienne Maggi 40g","p":1.1,"u":"27,50 €/KG","img":"https://fd13-photos.leclercdrive.fr/image.ashx?id=2838078&use=l&cat=p&typeid=i","cat":288992},{"id":218083,"n":"Tablette chocolat L'Atelier  Lait amandes croquantes - 100g","p":2.07,"u":"20,70 €/KG","img":"https://fd13-photos.leclercdrive.fr/image.ashx?id=2663117&use=l&cat=p&typeid=i","cat":284497},{"id":218177,"n":"Papillotes Revillon Lait ganaches d'exception - 340g","p":10.04,"u":"29,53 €/KG","img":"https://fd13-photos.leclercdrive.fr/image.ashx?id=2616916&use=l&cat=p&typeid=i","cat":327597},{"id":218189,"n":"Pizza croustimoelleuse extrême  Marie Tartiflette - 2+1 offerte","p":6.47,"u":"3,92 €/KG","img":"https://fd13-photos.leclercdrive.fr/image.ashx?id=2996665&use=l&cat=p&typeid=i","cat":284256},{"id":218209,"n":"Soupe harira marocaine Maggi 90g","p":1.42,"u":"15,78 €/KG","img":"https://fd13-photos.leclercdrive.fr/image.ashx?id=2618092&use=l&cat=p&typeid=i","cat":289013},{"id":218216,"n":"Bonbon surfizz Lutti cola - 200g","p":1.65,"u":"8,25 €/KG","img":"https://fd13-photos.leclercdrive.fr/image.ashx?id=2817446&use=l&cat=p&typeid=i","cat":304250},{"id":218226,"n":"Assaisonnement Viandox Knorr 665ml","p":3.74,"u":"5,62 €/L","img":"https://fd13-photos.leclercdrive.fr/image.ashx?id=2729935&use=l&cat=p&typeid=i","cat":288383},{"id":218231,"n":"Bonbons Krema Fruits rouges - 240g","p":2.04,"u":"8,50 €/KG","img":"https://fd13-photos.leclercdrive.fr/image.ashx?id=2618047&use=l&cat=p&typeid=i","cat":304250},{"id":218251,"n":"Bonbons Dooo & Fizz Lutti 450g","p":4.99,"u":"11,09 €/KG","img":"https://fd13-photos.leclercdrive.fr/image.ashx?id=2964459&use=l&cat=p&typeid=i","cat":304250},{"id":218316,"n":"Infusion La Tisanière  verveine menthe - 24g","p":2.82,"u":"117,50 €/KG","img":"https://fd13-photos.leclercdrive.fr/image.ashx?id=2881293&use=l&cat=p&typeid=i","cat":293234},{"id":218402,"n":"Badiane Ducros 25g","p":2.15,"u":"86,00 €/KG","img":"https://fd13-photos.leclercdrive.fr/image.ashx?id=2618891&use=l&cat=p&typeid=i","cat":298297},{"id":218407,"n":"Melange pour curry Ducros 20g","p":1.37,"u":"68,50 €/KG","img":"https://fd13-photos.leclercdrive.fr/image.ashx?id=2618888&use=l&cat=p&typeid=i","cat":298297},{"id":218423,"n":"Burrata di Bufala Les Croisés - 125g","p":2.91,"u":"23,28 €/KG","img":"https://fd13-photos.leclercdrive.fr/image.ashx?id=3009529&use=l&cat=p&typeid=i","cat":314026},{"id":218434,"n":"Gambas roses géantes Pescanova À cuire - 800g","p":24.9,"pp":16.43,"u":"20,54 €/KG","img":"https://fd13-photos.leclercdrive.fr/image.ashx?id=2619127&use=l&cat=p&typeid=i","cat":319787},{"id":218443,"n":"Viande hachée porc Socopa Ultra savoureux - 350g","p":2.85,"u":"8,14 €/KG","img":"https://fd13-photos.leclercdrive.fr/image.ashx?id=2618796&use=l&cat=p&typeid=i","cat":284332},{"id":218502,"n":"Maxi cheese burger Côté Snack 195g","p":2.79,"u":"14,31 €/KG","img":"https://fd13-photos.leclercdrive.fr/image.ashx?id=2675774&use=l&cat=p&typeid=i","cat":333671},{"id":218504,"n":"Maxi bacon burger Côté Snack 195g","p":2.79,"u":"14,31 €/KG","img":"https://fd13-photos.leclercdrive.fr/image.ashx?id=2675777&use=l&cat=p&typeid=i","cat":333671},{"id":218505,"n":"Bouchées vapeur Tables du Monde 320g","p":4.99,"u":"15,59 €/KG","img":"https://fd13-photos.leclercdrive.fr/image.ashx?id=2618381&use=l&cat=p&typeid=i","cat":316003},{"id":218544,"n":"Bonbons Krema Fiesta - 580g","p":4.15,"u":"7,16 €/KG","img":"https://fd13-photos.leclercdrive.fr/image.ashx?id=2735542&use=l&cat=p&typeid=i","cat":304250},{"id":218556,"n":"Chips Bret's Sel et vinaigre - 250g","p":2.7,"u":"10,80 €/KG","img":"https://fd13-photos.leclercdrive.fr/image.ashx?id=2620416&use=l&cat=p&typeid=i","cat":284447},{"id":218560,"n":"Tortillas Old El Paso de blé  nature familial x12 - 489g","p":3.35,"u":"0,28 €/P","img":"https://fd13-photos.leclercdrive.fr/image.ashx?id=2737669&use=l&cat=p&typeid=i","cat":288993},{"id":218563,"n":"Sauce Tomates Cuisinées Panzani - 650G","p":2.4,"u":"3,69 €/KG","img":"https://fd13-photos.leclercdrive.fr/image.ashx?id=2977936&use=l&cat=p&typeid=i","cat":287599},{"id":218565,"n":"Chocolat noir Poulain Amandes caramel - 190g","p":2.35,"u":"12,37 €/KG","img":"https://fd13-photos.leclercdrive.fr/image.ashx?id=2620515&use=l&cat=p&typeid=i","cat":284497},{"id":218572,"n":"Sauce Pesto Barilla Basilic et citron - 190g","p":2.94,"u":"15,47 €/KG","img":"https://fd13-photos.leclercdrive.fr/image.ashx?id=2620758&use=l&cat=p&typeid=i","cat":287599},{"id":218582,"n":"Biscuits Tentation Delacre Chocolat Boîte - 150g","p":2.29,"u":"15,27 €/KG","img":"https://fd13-photos.leclercdrive.fr/image.ashx?id=2673142&use=l&cat=p&typeid=i","cat":284490},{"id":218584,"n":"Curry madras 45G - DUCROS","p":1.73,"u":"38,44 €/KG","img":"https://fd13-photos.leclercdrive.fr/image.ashx?id=2620131&use=l&cat=p&typeid=i","cat":298297},{"id":218586,"n":"Curry korma 42G- DUCROS","p":2.12,"u":"50,48 €/KG","img":"https://fd13-photos.leclercdrive.fr/image.ashx?id=2620134&use=l&cat=p&typeid=i","cat":298297},{"id":218587,"n":"Curry tandoori 37G - DUCROS","p":2.12,"u":"57,30 €/KG","img":"https://fd13-photos.leclercdrive.fr/image.ashx?id=2620137&use=l&cat=p&typeid=i","cat":298297},{"id":218599,"n":"Lait bébé 2A GUIGOZ OPTIPRO  6-12M - 2x600g","p":18.54,"u":"15,45 €/KG","img":"https://fd13-photos.leclercdrive.fr/image.ashx?id=2737756&use=l&cat=p&typeid=i","cat":284727},{"id":218670,"n":"Mini roulés feuilletés  Côté Table x36 - 432g","p":4.7,"u":"10,88 €/KG","img":"https://fd13-photos.leclercdrive.fr/image.ashx?id=2619856&use=l&cat=p&typeid=i","cat":319774},{"id":218792,"n":"Sachet Père Noël et attaches Rohan - 175g","p":3.32,"u":"18,97 €/KG","img":"https://fd13-photos.leclercdrive.fr/image.ashx?id=2622594&use=l&cat=p&typeid=i","cat":327592},{"id":218800,"n":"Croquettes chat Perfect Fit  Stérilisé Anti Hairball - 1,4kg","p":7.62,"u":"5,44 €/KG","img":"https://fd13-photos.leclercdrive.fr/image.ashx?id=2622756&use=l&cat=p&typeid=i","cat":284680},{"id":218803,"n":"Croquettes chat sénior Perfect  Fit 11+ au poulet - 1,4kg","p":6.23,"u":"4,45 €/KG","img":"https://fd13-photos.leclercdrive.fr/image.ashx?id=2871076&use=l&cat=p&typeid=i","cat":284680},{"id":218804,"n":"Croquettes chat Perfect Fit Boeuf Stérilisés Adulte 1.4kg","p":7.52,"u":"5,37 €/KG","img":"https://fd13-photos.leclercdrive.fr/image.ashx?id=2622792&use=l&cat=p&typeid=i","cat":284680},{"id":218807,"n":"Croquettes chat Perfect Fit Poulet stérilisés - 1.4kg","p":6.79,"u":"4,85 €/KG","img":"https://fd13-photos.leclercdrive.fr/image.ashx?id=2622795&use=l&cat=p&typeid=i","cat":284680},{"id":218819,"n":"Croquettes chat sénior Perfect  Fit 7+ au poulet - 1,4kg","p":6.61,"u":"4,72 €/KG","img":"https://fd13-photos.leclercdrive.fr/image.ashx?id=2624332&use=l&cat=p&typeid=i","cat":284680},{"id":218861,"n":"Knacki Original Herta Sans nitrite x10 - 350g","p":2.87,"u":"8,20 €/KG","img":"https://fd13-photos.leclercdrive.fr/image.ashx?id=2684958&use=l&cat=p&typeid=i","cat":316012},{"id":218862,"n":"Knacki Original Herta x20 - 700g","p":3.49,"u":"4,99 €/KG","img":"https://fd13-photos.leclercdrive.fr/image.ashx?id=2688848&use=l&cat=p&typeid=i","cat":316012},{"id":218863,"n":"Bacon fumé Herta Sans nitrite x10 - 120g","p":2.32,"u":"19,33 €/KG","img":"https://fd13-photos.leclercdrive.fr/image.ashx?id=2876248&use=l&cat=p&typeid=i","cat":316011},{"id":218928,"n":"Bûche glacée Terres Bleues Vanille fruits exotiques - 470g","p":10.9,"u":"23,19 €/KG","img":"https://fd13-photos.leclercdrive.fr/image.ashx?id=2795366&use=l&cat=p&typeid=i","cat":284266},{"id":219067,"n":"Gaufres de Liège Lotus Chocolat Belge  - 207g","p":2.13,"u":"10,29 €/KG","img":"https://fd13-photos.leclercdrive.fr/image.ashx?id=2696082&use=l&cat=p&typeid=i","cat":294777},{"id":219068,"n":"Thym Ducros 35g","p":1.36,"u":"38,86 €/KG","img":"https://fd13-photos.leclercdrive.fr/image.ashx?id=2624589&use=l&cat=p&typeid=i","cat":298297},{"id":219069,"n":"Sauce Pesto Barilla Alla Calabrese - 190g","p":2.33,"u":"12,26 €/KG","img":"https://fd13-photos.leclercdrive.fr/image.ashx?id=2624751&use=l&cat=p&typeid=i","cat":287599},{"id":219070,"n":"Poivre saveur & épices 40g","p":2.34,"u":"58,50 €/KG","img":"https://fd13-photos.leclercdrive.fr/image.ashx?id=2624592&use=l&cat=p&typeid=i","cat":284457},{"id":219125,"n":"Liquide vaisselle Uni Vert Ecologique - Rose - 500ml","p":1.25,"u":"2,50 €/L","img":"https://fd13-photos.leclercdrive.fr/image.ashx?id=2999520&use=l&cat=p&typeid=i","cat":284655},{"id":219142,"n":"Lessive liquide Chanteclair Musc Blanc - 1800ml","p":6.95,"u":"3,86 €/L","img":"https://fd13-photos.leclercdrive.fr/image.ashx?id=2997298&use=l&cat=p&typeid=i","cat":284640},{"id":219401,"n":"Papillotes exception Revillon Ganache chocolat noir - 340g","p":10.04,"u":"29,53 €/KG","img":"https://fd13-photos.leclercdrive.fr/image.ashx?id=2628458&use=l&cat=p&typeid=i","cat":327597},{"id":219405,"n":"Pièces de monnaie Rohan Chocolat - 100g","p":1.85,"u":"18,50 €/KG","img":"https://fd13-photos.leclercdrive.fr/image.ashx?id=2674743&use=l&cat=p&typeid=i","cat":327592},{"id":219476,"n":"AOP Alsace Riesling Bernard Cordelier 10,5%vol - 3L","p":8.99,"u":"3,00 €/L","img":"https://fd13-photos.leclercdrive.fr/image.ashx?id=2882993&use=l&cat=p&typeid=i","cat":289557},{"id":219478,"n":"AOP Cabernet d'Anjou Bernard Cordelier - 3L","p":11.49,"u":"3,83 €/L","img":"https://fd13-photos.leclercdrive.fr/image.ashx?id=2726694&use=l&cat=p&typeid=i","cat":289558},{"id":219495,"n":"AOP Côtes du Rhône Vin  rouge Bernard Cordelier - 3L","p":7.49,"u":"2,50 €/L","img":"https://fd13-photos.leclercdrive.fr/image.ashx?id=2744359&use=l&cat=p&typeid=i","cat":289556},{"id":219601,"n":"Petits pains grillés Pasquier Blé complet - 225g","p":1.8,"u":"8,00 €/KG","img":"https://fd13-photos.leclercdrive.fr/image.ashx?id=2834452&use=l&cat=p&typeid=i","cat":284479},{"id":219602,"n":"Petits pains grillés Pasquier Froment - 225g","p":1.49,"u":"6,62 €/KG","img":"https://fd13-photos.leclercdrive.fr/image.ashx?id=2834455&use=l&cat=p&typeid=i","cat":284479},{"id":219620,"n":"Brosse à laver 2 en 1 Eléphant - x1","p":5.29,"img":"https://fd13-photos.leclercdrive.fr/image.ashx?id=2997025&use=l&cat=p&typeid=i","cat":284667},{"id":219621,"n":"Brosse joints et recoins Eléphant - x1","p":3.79,"img":"https://fd13-photos.leclercdrive.fr/image.ashx?id=2629148&use=l&cat=p&typeid=i","cat":284667},{"id":219623,"n":"Goupillon biberon Sanitized Eléphant - x1","p":4.19,"img":"https://fd13-photos.leclercdrive.fr/image.ashx?id=2629157&use=l&cat=p&typeid=i","cat":284742},{"id":219624,"n":"Débouche évier Eléphant - x1","p":4.78,"img":"https://fd13-photos.leclercdrive.fr/image.ashx?id=2629151&use=l&cat=p&typeid=i","cat":284669},{"id":219625,"n":"Set mini-goupillon x4 Eléphant","p":4.19,"img":"https://fd13-photos.leclercdrive.fr/image.ashx?id=2629163&use=l&cat=p&typeid=i","cat":284669},{"id":219626,"n":"Brosse à vaisselle ventouse Eléphant - x1","p":3.59,"img":"https://fd13-photos.leclercdrive.fr/image.ashx?id=2629154&use=l&cat=p&typeid=i","cat":284667},{"id":219679,"n":"Coffret La Trappe 33cl + 1 verre - 4x33cl","p":10.38,"pp":8.3,"u":"6,29 €/L","img":"https://fd13-photos.leclercdrive.fr/image.ashx?id=2629932&use=l&cat=p&typeid=i","cat":334872},{"id":219722,"n":"Bloc de foie gras de canard Pierre de Chaumeyrac - 300g","p":16.9,"u":"56,33 €/KG","img":"https://fd13-photos.leclercdrive.fr/image.ashx?id=2804341&use=l&cat=p&typeid=i","cat":316008},{"id":220213,"n":"Raisin rosé sans pépins Panier du Primeur - 500g","p":2.99,"u":"5,98 €/KG","img":"https://fd13-photos.leclercdrive.fr/image.ashx?id=2858144&use=l&cat=p&typeid=i","cat":284356},{"id":220226,"n":"Décoloration Cheveux 100% ultra blond - 255g","p":7.29,"u":"28,59 €/KG","img":"https://fd13-photos.leclercdrive.fr/image.ashx?id=2636386&use=l&cat=p&typeid=i","cat":288899},{"id":220240,"n":"Sachet fraîcheur chiot Pedigree Mixte en gelée - 12x100g","p":6.43,"u":"5,36 €/KG","img":"https://fd13-photos.leclercdrive.fr/image.ashx?id=2876125&use=l&cat=p&typeid=i","cat":284673},{"id":220243,"n":"Croquettes chien  Pedigree au bœuf - 3kg","p":8.07,"u":"2,69 €/KG","img":"https://fd13-photos.leclercdrive.fr/image.ashx?id=2634328&use=l&cat=p&typeid=i","cat":284672},{"id":220245,"n":"Croquettes chien  Pedigree à la volaille - 7kg","p":18.07,"u":"2,58 €/KG","img":"https://fd13-photos.leclercdrive.fr/image.ashx?id=2813495&use=l&cat=p&typeid=i","cat":284672},{"id":220252,"n":"Croquettes chien  Pedigree à la volaille - 3kg","p":8.07,"u":"2,69 €/KG","img":"https://fd13-photos.leclercdrive.fr/image.ashx?id=2832320&use=l&cat=p&typeid=i","cat":284672},{"id":220254,"n":"Croquettes chien  Pedigree au bœuf - 7kg","p":19.21,"u":"2,74 €/KG","img":"https://fd13-photos.leclercdrive.fr/image.ashx?id=2981286&use=l&cat=p&typeid=i","cat":284672},{"id":220258,"n":"Sachet fraîcheur chat Sheba  Volaille en sauce - 40x85g","p":14.99,"u":"4,41 €/KG","img":"https://fd13-photos.leclercdrive.fr/image.ashx?id=2642729&use=l&cat=p&typeid=i","cat":285286},{"id":220261,"n":"Sachet chien senior Cesar  Sélection en gelée - 12x100g","p":7.04,"u":"5,87 €/KG","img":"https://fd13-photos.leclercdrive.fr/image.ashx?id=2634415&use=l&cat=p&typeid=i","cat":284673},{"id":220265,"n":"Friandises chat Catisfactions  Creamy au saumon - 4x10g","p":1.82,"u":"45,50 €/KG","img":"https://fd13-photos.leclercdrive.fr/image.ashx?id=2912536&use=l&cat=p&typeid=i","cat":285285},{"id":220269,"n":"Friandises chat Catisfactions  Herbe à chat - 60g","p":1.27,"u":"21,17 €/KG","img":"https://fd13-photos.leclercdrive.fr/image.ashx?id=2914765&use=l&cat=p&typeid=i","cat":285285},{"id":220272,"n":"Sachet fraîcheur chat Whiskas  Carte mixte en gelée - 12x85g","p":5.05,"u":"4,95 €/KG","img":"https://fd13-photos.leclercdrive.fr/image.ashx?id=2902990&use=l&cat=p&typeid=i","cat":285286},{"id":220280,"n":"Raisin blanc sans pépins Panier du Primeur - 500g","p":2.99,"u":"5,98 €/KG","img":"https://fd13-photos.leclercdrive.fr/image.ashx?id=2858132&use=l&cat=p&typeid=i","cat":284356},{"id":220284,"n":"Sachet fraîcheur chat Whiskas Campagnes en sauce - 24x85g","p":9.55,"u":"4,68 €/KG","img":"https://fd13-photos.leclercdrive.fr/image.ashx?id=2634325&use=l&cat=p&typeid=i","cat":285286},{"id":220286,"n":"Sachet fraîcheur chat Whiskas Festins volaille sauce - 24x85g","p":8.45,"u":"4,14 €/KG","img":"https://fd13-photos.leclercdrive.fr/image.ashx?id=2633881&use=l&cat=p&typeid=i","cat":285286},{"id":220293,"n":"Stevia en bûchettes x50 - 50g","p":1.79,"u":"35,80 €/KG","img":"https://fd13-photos.leclercdrive.fr/image.ashx?id=2632683&use=l&cat=p&typeid=i","cat":324846},{"id":220296,"n":"Boîte chat Whiskas  Gelée du marché - 4x390g","p":4.54,"u":"2,91 €/KG","img":"https://fd13-photos.leclercdrive.fr/image.ashx?id=2730490&use=l&cat=p&typeid=i","cat":285601},{"id":220298,"n":"Bonbons Tubes Acid'  Copains Copines - 180g","p":1.39,"u":"7,72 €/KG","img":"https://fd13-photos.leclercdrive.fr/image.ashx?id=2934775&use=l&cat=p&typeid=i","cat":304250},{"id":220347,"n":"Sachet fraîcheur chat Whiskas  Classiques en sauce - 12x85g","p":5.32,"u":"5,22 €/KG","img":"https://fd13-photos.leclercdrive.fr/image.ashx?id=2633887&use=l&cat=p&typeid=i","cat":285286},{"id":220350,"n":"Stevia en comprimés Edulcorel x100 - 7g","p":1.79,"u":"255,71 €/KG","img":"https://fd13-photos.leclercdrive.fr/image.ashx?id=2632915&use=l&cat=p&typeid=i","cat":324846},{"id":220353,"n":"Foie gras de canard entier  Larnaudie Selection - 160g","p":14.99,"u":"93,69 €/KG","img":"https://fd13-photos.leclercdrive.fr/image.ashx?id=2633929&use=l&cat=p&typeid=i","cat":305148},{"id":220484,"n":"Crémant de Bourgogne brut Couvent des Visitandines 2x75cl","p":12.5,"u":"8,33 €/L","img":"https://fd13-photos.leclercdrive.fr/image.ashx?id=2638661&use=l&cat=p&typeid=i","cat":284545},{"id":220510,"n":"Dentifrice Signal Intégral 8  Complet - 3x75ml","p":4.75,"u":"21,11 €/L","img":"https://fd13-photos.leclercdrive.fr/image.ashx?id=2639840&use=l&cat=p&typeid=i","cat":284612},{"id":220512,"n":"Dentifrice Signal Integral 8  Blancheur - 3x75ml","p":4.75,"u":"21,11 €/L","img":"https://fd13-photos.leclercdrive.fr/image.ashx?id=2971461&use=l&cat=p&typeid=i","cat":284612},{"id":220530,"n":"Raisin noir sans pépin Panier du Primeur - 500g","p":2.99,"u":"5,98 €/KG","img":"https://fd13-photos.leclercdrive.fr/image.ashx?id=2858138&use=l&cat=p&typeid=i","cat":284356},{"id":220563,"n":"Dentifrice Signal Intégral 8 Interdentaire - 3x75ml","p":4.75,"u":"21,11 €/L","img":"https://fd13-photos.leclercdrive.fr/image.ashx?id=2639846&use=l&cat=p&typeid=i","cat":284612},{"id":220564,"n":"Dentifrice Signal Intégral 8 Haleine fraîche - 3x75ml","p":4.75,"u":"63,33 €/L","img":"https://fd13-photos.leclercdrive.fr/image.ashx?id=2971464&use=l&cat=p&typeid=i","cat":284612},{"id":220565,"n":"Foie gras de canard entier   Maison Montfort - 250g","p":27.7,"u":"110,80 €/KG","img":"https://fd13-photos.leclercdrive.fr/image.ashx?id=2731045&use=l&cat=p&typeid=i","cat":316008},{"id":220689,"n":"Dentifrice Integral 8 Signal Interdentaire Prébiotique 75ml","p":1.9,"u":"25,33 €/L","img":"https://fd13-photos.leclercdrive.fr/image.ashx?id=2940654&use=l&cat=p&typeid=i","cat":284612},{"id":220710,"n":"Coulis de tomates bio Bio Village - 500g","p":1.46,"u":"2,92 €/KG","img":"https://fd13-photos.leclercdrive.fr/image.ashx?id=2635783&use=l&cat=p&typeid=i","cat":288384},{"id":220742,"n":"Savon Le Petit Marseillais  Recharge antibacterien - 250ml","p":1.35,"u":"5,40 €/L","img":"https://fd13-photos.leclercdrive.fr/image.ashx?id=2684230&use=l&cat=p&typeid=i","cat":284597},{"id":220786,"n":"Papier toilette humide Lotus Confort - x38","p":1.68,"u":"0,04 €/P","img":"https://fd13-photos.leclercdrive.fr/image.ashx?id=2864843&use=l&cat=p&typeid=i","cat":284634},{"id":220788,"n":"Recharge crème lavante mains Le Petit Marseillais Lait 250ml","p":0.79,"u":"3,16 €/L","img":"https://fd13-photos.leclercdrive.fr/image.ashx?id=2735242&use=l&cat=p&typeid=i","cat":284597},{"id":220789,"n":"Coloration Permanente Olia 5.15 Chocolat Glacé","p":8.4,"img":"https://fd13-photos.leclercdrive.fr/image.ashx?id=2635961&use=l&cat=p&typeid=i","cat":288899},{"id":220791,"n":"Après-shampooing Garnier Cheveu coloré ou méché - 250ml","p":2.52,"u":"10,08 €/L","img":"https://fd13-photos.leclercdrive.fr/image.ashx?id=2828049&use=l&cat=p&typeid=i","cat":284607},{"id":220797,"n":"Rasoirs rechargeables Bic Hybrid Flex 3 - Hommes - x4","p":4.89,"u":"1,22 €/P","img":"https://fd13-photos.leclercdrive.fr/image.ashx?id=2636066&use=l&cat=p&typeid=i","cat":284616},{"id":220799,"n":"Rasoirs rechargeables Bic Hybrid Flex 5 - Hommes - x4","p":6.7,"u":"1,68 €/P","img":"https://fd13-photos.leclercdrive.fr/image.ashx?id=2636069&use=l&cat=p&typeid=i","cat":284616},{"id":220800,"n":"Pommes rissolées Findus 1.08kg","p":3.97,"u":"3,68 €/KG","img":"https://fd13-photos.leclercdrive.fr/image.ashx?id=2843183&use=l&cat=p&typeid=i","cat":319792},{"id":220804,"n":"Rasoirs rechargeables Homme Bic Hybrid Flex 3 - x1+4 recharges","p":7.99,"u":"1,60 €/P","img":"https://fd13-photos.leclercdrive.fr/image.ashx?id=2636075&use=l&cat=p&typeid=i","cat":284616},{"id":220819,"n":"Rasoirs jetables Homme Bic Metal - x10","p":2.58,"u":"0,26 €/P","img":"https://fd13-photos.leclercdrive.fr/image.ashx?id=2636081&use=l&cat=p&typeid=i","cat":284616},{"id":220821,"n":"Crème lavante mains Le Petit Marseillais - Amande - 250ml","p":0.87,"u":"3,48 €/L","img":"https://fd13-photos.leclercdrive.fr/image.ashx?id=2684209&use=l&cat=p&typeid=i","cat":284597},{"id":220822,"n":"Gel lavant mains Le Petit Marseillais Antibactérien 300ml","p":2.12,"u":"7,07 €/L","img":"https://fd13-photos.leclercdrive.fr/image.ashx?id=2684557&use=l&cat=p&typeid=i","cat":284597},{"id":220823,"n":"Gel lavant mains Le Petit Marseillais - Lavande - 300ml","p":1.69,"u":"5,63 €/L","img":"https://fd13-photos.leclercdrive.fr/image.ashx?id=2684221&use=l&cat=p&typeid=i","cat":284597},{"id":220824,"n":"Crème lavante mains Le Petit Marseillais - Lait - 300ml","p":1.82,"u":"6,07 €/L","img":"https://fd13-photos.leclercdrive.fr/image.ashx?id=2684224&use=l&cat=p&typeid=i","cat":284597},{"id":221051,"n":"Couronne de crevettes Delpierre Sauce cocktail - 220g","p":5.59,"u":"25,41 €/KG","img":"https://fd13-photos.leclercdrive.fr/image.ashx?id=2639606&use=l&cat=p&typeid=i","cat":284343},{"id":221052,"n":"Couronne de crevettes Delpierre Sauce fines herbes - 220g","p":5.59,"u":"25,41 €/KG","img":"https://fd13-photos.leclercdrive.fr/image.ashx?id=2639609&use=l&cat=p&typeid=i","cat":284343},{"id":221053,"n":"Couronne de crevettes Delpierre Sauce mayonnaise citron - 220g","p":5.59,"u":"25,41 €/KG","img":"https://fd13-photos.leclercdrive.fr/image.ashx?id=2639612&use=l&cat=p&typeid=i","cat":284343},{"id":221113,"n":"Côtes de Bourg Château Grimard 75cl","p":5.16,"u":"6,88 €/L","img":"https://fd13-photos.leclercdrive.fr/image.ashx?id=2749272&use=l&cat=p&typeid=i","cat":289556},{"id":221142,"n":"Bûche densifiée Prati'bûches Longue dure x8 - 12kg","p":8.44,"u":"0,70 €/KG","img":"https://fd13-photos.leclercdrive.fr/image.ashx?id=2644364&use=l&cat=p&typeid=i","cat":300577},{"id":221147,"n":"Serviette hygénique Always Platinum - Long+ - x10","p":2.35,"u":"0,24 €/P","img":"https://fd13-photos.leclercdrive.fr/image.ashx?id=2890442&use=l&cat=p&typeid=i","cat":284624},{"id":221174,"n":"Tablette de chocolat L'Atelier Blanc noisettes - 150g","p":3.76,"u":"25,07 €/KG","img":"https://fd13-photos.leclercdrive.fr/image.ashx?id=2807915&use=l&cat=p&typeid=i","cat":284957},{"id":221203,"n":"Jus multivitamines Andros 1,5L","p":3.63,"u":"2,42 €/L","img":"https://fd13-photos.leclercdrive.fr/image.ashx?id=2904269&use=l&cat=p&typeid=i","cat":284917},{"id":221205,"n":"Fromage fondu Burger Eco+ x10 - 200g","p":1.17,"u":"5,85 €/KG","img":"https://fd13-photos.leclercdrive.fr/image.ashx?id=2956960&use=l&cat=p&typeid=i","cat":314028},{"id":221208,"n":"Disques à démaquiller x120","p":0.44,"img":"https://fd13-photos.leclercdrive.fr/image.ashx?id=2640119&use=l&cat=p&typeid=i","cat":285593},{"id":221217,"n":"Maxi croustis Cheesy Bonduelle Potiron lentille emmental -240g","p":3.38,"u":"14,08 €/KG","img":"https://fd13-photos.leclercdrive.fr/image.ashx?id=2979650&use=l&cat=p&typeid=i","cat":319822},{"id":221220,"n":"Maxi croustis Texas Bonduelle Maïs poivron haricot rouge 240g","p":3.43,"u":"14,29 €/KG","img":"https://fd13-photos.leclercdrive.fr/image.ashx?id=2979653&use=l&cat=p&typeid=i","cat":319822},{"id":221221,"n":"Mini croustis Frenchy Bonduelle Epinards courgette chèvre -240g","p":3.73,"img":"https://fd13-photos.leclercdrive.fr/image.ashx?id=2979656&use=l&cat=p&typeid=i","cat":319822},{"id":221222,"n":"Mini croustis Italian Bonduelle Aubergine poivron mozza - 240g","p":3.7,"u":"15,42 €/KG","img":"https://fd13-photos.leclercdrive.fr/image.ashx?id=2960708&use=l&cat=p&typeid=i","cat":319822},{"id":221223,"n":"Mini croustis Mexican Bonduelle Maïs haricot rouge cheddar 240g","p":3.76,"u":"15,67 €/KG","img":"https://fd13-photos.leclercdrive.fr/image.ashx?id=2996530&use=l&cat=p&typeid=i","cat":319822},{"id":221463,"n":"Saumon fumé Delpeyrat Ecosse - 10 tranches - 275g","p":10.3,"u":"37,45 €/KG","img":"https://fd13-photos.leclercdrive.fr/image.ashx?id=2923543&use=l&cat=p&typeid=i","cat":285188},{"id":221498,"n":"Infusion nuit tranquille miel Elephant - x20 - 30g","p":2.22,"u":"74,00 €/KG","img":"https://fd13-photos.leclercdrive.fr/image.ashx?id=2655650&use=l&cat=p&typeid=i","cat":293234},{"id":221507,"n":"Infusion nuit tranquille  Elephant - x20 - 30g","p":1.44,"u":"48,00 €/KG","img":"https://fd13-photos.leclercdrive.fr/image.ashx?id=2655647&use=l&cat=p&typeid=i","cat":293234},{"id":221713,"n":"Myrtille Fresh Cueillette 500g","p":6.61,"u":"13,22 €/KG","img":"https://fd13-photos.leclercdrive.fr/image.ashx?id=2915134&use=l&cat=p&typeid=i","cat":284268},{"id":221714,"n":"Mangue ananas Fresh Cueillette 500g","p":3.49,"u":"6,98 €/KG","img":"https://fd13-photos.leclercdrive.fr/image.ashx?id=2818721&use=l&cat=p&typeid=i","cat":284268},{"id":221849,"n":"Dentifrice Tonigencyl Capital gencives  - 100ml","p":2.05,"u":"20,50 €/L","img":"https://fd13-photos.leclercdrive.fr/image.ashx?id=2647002&use=l&cat=p&typeid=i","cat":284612},{"id":222002,"n":"Nouilles Nature Udon Suzi Wan - 2x150g","p":2.99,"u":"9,97 €/KG","img":"https://fd13-photos.leclercdrive.fr/image.ashx?id=2990883&use=l&cat=p&typeid=i","cat":288992},{"id":222030,"n":"Yaourt à boire Actimel Original et Fraise - 8x100g","p":3.07,"u":"3,84 €/KG","img":"https://fd13-photos.leclercdrive.fr/image.ashx?id=2648121&use=l&cat=p&typeid=i","cat":284415},{"id":222031,"n":"Yaourt à boire Actimel Multifruits - 8x100g","p":3.07,"u":"3,84 €/KG","img":"https://fd13-photos.leclercdrive.fr/image.ashx?id=2648124&use=l&cat=p&typeid=i","cat":284415},{"id":222032,"n":"Rasoir hydro 5 Wilkinson Starter sensitive + 4 lames","p":14.78,"img":"https://fd13-photos.leclercdrive.fr/image.ashx?id=2736331&use=l&cat=p&typeid=i","cat":284616},{"id":222033,"n":"Yaourt à boire Actimel Nature 0% - 8x100g","p":3.07,"u":"3,84 €/KG","img":"https://fd13-photos.leclercdrive.fr/image.ashx?id=2648127&use=l&cat=p&typeid=i","cat":284415},{"id":222034,"n":"Rasoir Wilkinson Intuition complete + 1 lame","p":10.7,"img":"https://fd13-photos.leclercdrive.fr/image.ashx?id=2648304&use=l&cat=p&typeid=i","cat":325352},{"id":222035,"n":"Yaourt à boire Actimel Coco - 8x100g","p":3.07,"u":"3,84 €/KG","img":"https://fd13-photos.leclercdrive.fr/image.ashx?id=2648130&use=l&cat=p&typeid=i","cat":284415},{"id":222042,"n":"Rasoir jetable Plus Gillette Blue II - Slalom - x20","p":16.74,"u":"0,84 €/P","img":"https://fd13-photos.leclercdrive.fr/image.ashx?id=2648346&use=l&cat=p&typeid=i","cat":284616},{"id":222082,"n":"Shampoing nutrition Ultra Doux Argan et Camélia - 600ml","p":6.98,"u":"11,63 €/L","img":"https://fd13-photos.leclercdrive.fr/image.ashx?id=2648781&use=l&cat=p&typeid=i","cat":284606},{"id":222083,"n":"Shampoing illuminant Ultra Doux Camomille Miel - 600ml","p":6.98,"u":"11,63 €/L","img":"https://fd13-photos.leclercdrive.fr/image.ashx?id=2926602&use=l&cat=p&typeid=i","cat":284606},{"id":222087,"n":"Shampoing Enfants Ultra Doux Abricot - 600ml","p":6.98,"u":"11,63 €/L","img":"https://fd13-photos.leclercdrive.fr/image.ashx?id=2851096&use=l&cat=p&typeid=i","cat":284606},{"id":222089,"n":"Shampoing nutrition Ultra Doux Avocat et Karité - 600ml","p":6.98,"u":"11,63 €/L","img":"https://fd13-photos.leclercdrive.fr/image.ashx?id=2944852&use=l&cat=p&typeid=i","cat":284606},{"id":222124,"n":"Courgette  1p","p":2.65,"img":"https://fd13-photos.leclercdrive.fr/image.ashx?id=1631964&use=l&cat=p&typeid=i","cat":284352},{"id":222390,"n":"Décor pour gateaux Vahiné Pirate","p":1.51,"img":"https://fd13-photos.leclercdrive.fr/image.ashx?id=2649683&use=l&cat=p&typeid=i","cat":284504},{"id":222394,"n":"Décor pour gateaux Vahiné Animaux","p":1.51,"img":"https://fd13-photos.leclercdrive.fr/image.ashx?id=2649686&use=l&cat=p&typeid=i","cat":284504},{"id":222397,"n":"Décor pour gateaux Vahiné Princesse","p":1.51,"img":"https://fd13-photos.leclercdrive.fr/image.ashx?id=2649689&use=l&cat=p&typeid=i","cat":284504},{"id":222416,"n":"Confiture Les 4 Saisons Rhubarbe - 400g","p":3.63,"u":"9,08 €/KG","img":"https://fd13-photos.leclercdrive.fr/image.ashx?id=2849007&use=l&cat=p&typeid=i","cat":284480},{"id":222453,"n":"Acide citrique Briochin Ecocert - 450g","p":4.3,"u":"9,56 €/KG","img":"https://fd13-photos.leclercdrive.fr/image.ashx?id=3000755&use=l&cat=p&typeid=i","cat":325365},{"id":222455,"n":"Recharge lessive détachante  savon noir 37 lavages - 1,7L","p":5.87,"u":"3,45 €/L","img":"https://fd13-photos.leclercdrive.fr/image.ashx?id=3000782&use=l&cat=p&typeid=i","cat":284640},{"id":222471,"n":"Sachet fraicheur chien Cesar  Sélection en sauce - 12x100g","p":7.05,"u":"0,59 €/KG","img":"https://fd13-photos.leclercdrive.fr/image.ashx?id=2651720&use=l&cat=p&typeid=i","cat":284673},{"id":222472,"n":"Ananas Eco+ Morceaux - Sirop léger - 340g","p":1.07,"u":"3,15 €/KG","img":"https://fd13-photos.leclercdrive.fr/image.ashx?id=2650907&use=l&cat=p&typeid=i","cat":284507},{"id":222473,"n":"Thé blanc bio Joyce Fraise menthe - 30g","p":2.47,"u":"82,33 €/KG","img":"https://fd13-photos.leclercdrive.fr/image.ashx?id=2924140&use=l&cat=p&typeid=i","cat":293233},{"id":222474,"n":"Thé blanc Bio Joyce  Saveur tarte au citron - 30g","p":2.47,"u":"82,33 €/KG","img":"https://fd13-photos.leclercdrive.fr/image.ashx?id=2651624&use=l&cat=p&typeid=i","cat":293233},{"id":222475,"n":"Thé noir Joyce Bio Earl grey fleuri - 30g","p":2.47,"u":"82,33 €/KG","img":"https://fd13-photos.leclercdrive.fr/image.ashx?id=2651627&use=l&cat=p&typeid=i","cat":293233},{"id":222476,"n":"Thé noir Joyce Bio pain grillé - 30g","p":2.38,"u":"79,33 €/KG","img":"https://fd13-photos.leclercdrive.fr/image.ashx?id=2651630&use=l&cat=p&typeid=i","cat":293233},{"id":222478,"n":"Pop corn Vico Micro-ondable poivre&sel 240g","p":2.33,"u":"9,71 €/KG","img":"https://fd13-photos.leclercdrive.fr/image.ashx?id=2651582&use=l&cat=p&typeid=i","cat":304249},{"id":222486,"n":"Thé noir bio Joyce Pain d'épices - 30g","p":2.91,"u":"97,00 €/KG","img":"https://fd13-photos.leclercdrive.fr/image.ashx?id=2896651&use=l&cat=p&typeid=i","cat":293233},{"id":222516,"n":"Frites de poulet Maître Coq 800g","p":7.18,"u":"8,98 €/KG","img":"https://fd13-photos.leclercdrive.fr/image.ashx?id=2853931&use=l&cat=p&typeid=i","cat":333684},{"id":222527,"n":"Cuisses de poulet Loué Plein Champ x2 - 480g","p":4.68,"u":"9,75 €/KG","img":"https://fd13-photos.leclercdrive.fr/image.ashx?id=2651954&use=l&cat=p&typeid=i","cat":284336},{"id":222582,"n":"Shampoing Restaurateur Eslève Glycolic Gloss - 200ml","p":5.2,"u":"26,00 €/L","img":"https://fd13-photos.leclercdrive.fr/image.ashx?id=2657157&use=l&cat=p&typeid=i","cat":284606},{"id":222583,"n":"Soin Cheveux Lamination Elsève Glycolic Gloss - 200ml","p":6.76,"u":"33,80 €/L","img":"https://fd13-photos.leclercdrive.fr/image.ashx?id=2656796&use=l&cat=p&typeid=i","cat":284608},{"id":222584,"n":"Pâte à tartiner Nutella 220g","p":2.42,"u":"11,00 €/KG","img":"https://fd13-photos.leclercdrive.fr/image.ashx?id=2755216&use=l&cat=p&typeid=i","cat":284481},{"id":222586,"n":"Démêlant Cheveux Elsève Glycolic Gloss - 150ml","p":5.95,"u":"39,67 €/L","img":"https://fd13-photos.leclercdrive.fr/image.ashx?id=2657160&use=l&cat=p&typeid=i","cat":284607},{"id":222591,"n":"Soin anti-tâches L'Oréal Paris Bright Reveal SPF50+ - 50ml","p":15.2,"u":"304,00 €/L","img":"https://fd13-photos.leclercdrive.fr/image.ashx?id=2921879&use=l&cat=p&typeid=i","cat":325345},{"id":222597,"n":"Sérum anti-taches L'Oréal Paris Bright Reveal - 30ml","p":12.41,"u":"413,67 €/L","img":"https://fd13-photos.leclercdrive.fr/image.ashx?id=2865881&use=l&cat=p&typeid=i","cat":325345},{"id":222599,"n":"Sérum correcteur L'Oréal Paris  Age Perfect - 30ml","p":11.97,"pp":7.9,"u":"263,33 €/L","img":"https://fd13-photos.leclercdrive.fr/image.ashx?id=2664491&use=l&cat=p&typeid=i","cat":325345},{"id":222608,"n":"Jambon cru Serrano Aoste  6 tranches + 3 offertes - 150g","p":3.43,"u":"22,87 €/KG","img":"https://fd13-photos.leclercdrive.fr/image.ashx?id=2653669&use=l&cat=p&typeid=i","cat":316007},{"id":222619,"n":"Yaourt à boire Actimel Grenade - 8x100g","p":3.07,"u":"3,84 €/KG","img":"https://fd13-photos.leclercdrive.fr/image.ashx?id=2653231&use=l&cat=p&typeid=i","cat":284415},{"id":222631,"n":"Gâteau Savane Brossard Max Barr' Pocket x14 - 420g","p":4.95,"u":"11,79 €/KG","img":"https://fd13-photos.leclercdrive.fr/image.ashx?id=2964721&use=l&cat=p&typeid=i","cat":294776},{"id":222638,"n":"Chocolat pâtissier Nestlé Corsé - 2x200g","p":5.75,"u":"14,38 €/KG","img":"https://fd13-photos.leclercdrive.fr/image.ashx?id=2905654&use=l&cat=p&typeid=i","cat":285562},{"id":222644,"n":"Compote de pomme Valade Sans sucre ajouté - 630g","p":1.75,"u":"2,78 €/KG","img":"https://fd13-photos.leclercdrive.fr/image.ashx?id=2731633&use=l&cat=p&typeid=i","cat":284508},{"id":222646,"n":"Compote pomme poire Valade Sans sucre ajoutés - 630g","p":2.09,"u":"3,32 €/KG","img":"https://fd13-photos.leclercdrive.fr/image.ashx?id=2731636&use=l&cat=p&typeid=i","cat":284508},{"id":222647,"n":"Compote pomme vanille Valade Sans sucre ajoutés - 630g","p":2.09,"u":"3,32 €/KG","img":"https://fd13-photos.leclercdrive.fr/image.ashx?id=2731639&use=l&cat=p&typeid=i","cat":284508},{"id":222702,"n":"Dentifrice Integral 8 Signal Fraîcheur Intense 75ml","p":2.09,"u":"27,87 €/L","img":"https://fd13-photos.leclercdrive.fr/image.ashx?id=2818196&use=l&cat=p&typeid=i","cat":284612},{"id":222703,"n":"Dentifrice Signal Extra fraîcheur blancheur 75ml","p":1.65,"u":"22,00 €/L","img":"https://fd13-photos.leclercdrive.fr/image.ashx?id=2938328&use=l&cat=p&typeid=i","cat":284612},{"id":222704,"n":"Dentifrice Signal Extra fraîcheur intense - 75ml","p":1.99,"u":"26,53 €/L","img":"https://fd13-photos.leclercdrive.fr/image.ashx?id=2654212&use=l&cat=p&typeid=i","cat":284612},{"id":222718,"n":"Liquide vaisselle & mains Briochin - Ecocert 500ml","p":3.04,"u":"6,08 €/L","img":"https://fd13-photos.leclercdrive.fr/image.ashx?id=3000740&use=l&cat=p&typeid=i","cat":284655},{"id":222719,"n":"Mousse vitre insert Harris 750ml","p":5.09,"u":"6,79 €/L","img":"https://fd13-photos.leclercdrive.fr/image.ashx?id=2890953&use=l&cat=p&typeid=i","cat":325363},{"id":222720,"n":"Nettoyant Harris Plancha barbecue - 750ml","p":5.05,"u":"6,73 €/L","img":"https://fd13-photos.leclercdrive.fr/image.ashx?id=2887842&use=l&cat=p&typeid=i","cat":325357},{"id":222735,"n":"Déodorant spray Dove 2x100ml","p":5.99,"u":"29,95 €/L","img":"https://fd13-photos.leclercdrive.fr/image.ashx?id=2905714&use=l&cat=p&typeid=i","cat":284595},{"id":222742,"n":"Swiffer wetjet Kit Lavable Système anti-poussière - x1","p":30.48,"pp":18.29,"img":"https://fd13-photos.leclercdrive.fr/image.ashx?id=2927708&use=l&cat=p&typeid=i","cat":325364},{"id":222778,"n":"Eau de javel La Croix Traditionnelle désinfectant- 5L","p":3.92,"u":"0,78 €/L","img":"https://fd13-photos.leclercdrive.fr/image.ashx?id=2672740&use=l&cat=p&typeid=i","cat":284661},{"id":222779,"n":"Eau de javel La Croix Traditionnelle - 1.5L","p":1.5,"u":"1,00 €/L","img":"https://fd13-photos.leclercdrive.fr/image.ashx?id=2667556&use=l&cat=p&typeid=i","cat":284661},{"id":222782,"n":"Adoucissant Soupline Lingettes Voile Sèche-linge Grand air-x20","p":2.77,"u":"0,14 €/P","img":"https://fd13-photos.leclercdrive.fr/image.ashx?id=2654435&use=l&cat=p&typeid=i","cat":325302},{"id":222820,"n":"Bonbons Haribo Pocket Assortiment mini sachets - 340g","p":2.99,"u":"8,79 €/KG","img":"https://fd13-photos.leclercdrive.fr/image.ashx?id=2654653&use=l&cat=p&typeid=i","cat":304250},{"id":222830,"n":"Coeur de frisée Notre Jardin 200g","p":1.6,"u":"8,00 €/KG","img":"https://fd13-photos.leclercdrive.fr/image.ashx?id=2657978&use=l&cat=p&typeid=i","cat":284353},{"id":222838,"n":"Coeur de Scarole Notre Jardin 200g","p":1.43,"u":"7,15 €/KG","img":"https://fd13-photos.leclercdrive.fr/image.ashx?id=2657981&use=l&cat=p&typeid=i","cat":284353},{"id":222839,"n":"Duo mâche et betterave Notre Jardin - 175g","p":1.32,"u":"7,54 €/KG","img":"https://fd13-photos.leclercdrive.fr/image.ashx?id=2663296&use=l&cat=p&typeid=i","cat":284353},{"id":222842,"n":"Acide citrique Clair 500g","p":2.99,"u":"5,98 €/KG","img":"https://fd13-photos.leclercdrive.fr/image.ashx?id=2822147&use=l&cat=p&typeid=i","cat":325365},{"id":222843,"n":"Liquide vaisselle Uni vert Ecolo amande - 500ml","p":1.15,"u":"2,30 €/L","img":"https://fd13-photos.leclercdrive.fr/image.ashx?id=2999523&use=l&cat=p&typeid=i","cat":284655},{"id":222844,"n":"Gel douche Le Petit Marseillais Fleur de tiaré - 650ml","p":3.28,"u":"5,05 €/L","img":"https://fd13-photos.leclercdrive.fr/image.ashx?id=2656060&use=l&cat=p&typeid=i","cat":284594},{"id":222846,"n":"Gel douche Le Petit Marseillais Cerise & jasmin - 250ml","p":1.65,"u":"6,60 €/L","img":"https://fd13-photos.leclercdrive.fr/image.ashx?id=2685198&use=l&cat=p&typeid=i","cat":284594},{"id":222851,"n":"Mesclun Notre Jardin 125g","p":1.51,"u":"12,08 €/KG","img":"https://fd13-photos.leclercdrive.fr/image.ashx?id=2663299&use=l&cat=p&typeid=i","cat":284353},{"id":222852,"n":"Radis roses Notre Jardin 250g","p":2.12,"u":"8,48 €/KG","img":"https://fd13-photos.leclercdrive.fr/image.ashx?id=2657993&use=l&cat=p&typeid=i","cat":284352},{"id":222854,"n":"Lingette lavable Swiffer Wetj Wetjet - Microfibre - x1","p":8.65,"pp":5.19,"img":"https://fd13-photos.leclercdrive.fr/image.ashx?id=2656240&use=l&cat=p&typeid=i","cat":325364},{"id":222894,"n":"Fromage à raclette Richesmonts Nature - 420g +20% offerts","p":5.23,"u":"12,45 €/KG","img":"https://fd13-photos.leclercdrive.fr/image.ashx?id=2953836&use=l&cat=p&typeid=i","cat":314037},{"id":222895,"n":"Fromage à raclette Richesmonts Duo - 420g +20% offerts","p":5.23,"u":"12,45 €/KG","img":"https://fd13-photos.leclercdrive.fr/image.ashx?id=2953839&use=l&cat=p&typeid=i","cat":314037},{"id":222896,"n":"Fromage à raclette Richesmonts Duo Poivre - 420g +20% offerts","p":5.23,"u":"12,45 €/KG","img":"https://fd13-photos.leclercdrive.fr/image.ashx?id=2953842&use=l&cat=p&typeid=i","cat":314037},{"id":222897,"n":"Fromage à raclette Richesmonts Caractère - 420g +20% offerts","p":5.23,"u":"12,45 €/KG","img":"https://fd13-photos.leclercdrive.fr/image.ashx?id=2953845&use=l&cat=p&typeid=i","cat":314037},{"id":222898,"n":"Dentifrice Sensodyne Anti-Tâches - 75ml","p":5.98,"u":"79,73 €/L","img":"https://fd13-photos.leclercdrive.fr/image.ashx?id=2997775&use=l&cat=p&typeid=i","cat":284612},{"id":222899,"n":"Dentifrice Sensodyne Email renforcé - 75ml","p":5.98,"u":"79,73 €/L","img":"https://fd13-photos.leclercdrive.fr/image.ashx?id=2997208&use=l&cat=p&typeid=i","cat":284612},{"id":222912,"n":"Sauce soja sucrée Suzi Wan 250ml","p":2.77,"u":"11,08 €/L","img":"https://fd13-photos.leclercdrive.fr/image.ashx?id=2886217&use=l&cat=p&typeid=i","cat":288992},{"id":222913,"n":"Sauce pour nems Suzi Wan 250ml","p":2.77,"u":"11,08 €/L","img":"https://fd13-photos.leclercdrive.fr/image.ashx?id=2990877&use=l&cat=p&typeid=i","cat":288992},{"id":222934,"n":"Rasoirs jetables Gillette Blue 3 - Smooth - x6","p":8.3,"u":"1,38 €/P","img":"https://fd13-photos.leclercdrive.fr/image.ashx?id=2760996&use=l&cat=p&typeid=i","cat":284616},{"id":222958,"n":"Sérum bio So'Bio Etic Anti-âge global - Argan - 30ml","p":21.39,"u":"713,00 €/L","img":"https://fd13-photos.leclercdrive.fr/image.ashx?id=2977480&use=l&cat=p&typeid=i","cat":325345},{"id":222959,"n":"Soin jour bio So'Bio Etic Anti-tâches - Lys - 50ml","p":18.49,"u":"369,80 €/L","img":"https://fd13-photos.leclercdrive.fr/image.ashx?id=3000207&use=l&cat=p&typeid=i","cat":325345},{"id":222960,"n":"Soin nuit bio So'Bio Etic Peeling - Anti-tâche - Lys 50ml","p":21.26,"u":"425,20 €/L","img":"https://fd13-photos.leclercdrive.fr/image.ashx?id=2997019&use=l&cat=p&typeid=i","cat":325345},{"id":222961,"n":"Soin regard So'Bio Etic Lift Grenade bio - 15ml","p":12.5,"u":"833,33 €/L","img":"https://fd13-photos.leclercdrive.fr/image.ashx?id=2787113&use=l&cat=p&typeid=i","cat":325345},{"id":222995,"n":"Nouilles Banzai Noodle Curry cup - 67g","p":1.3,"u":"19,40 €/KG","img":"https://fd13-photos.leclercdrive.fr/image.ashx?id=2730007&use=l&cat=p&typeid=i","cat":288992},{"id":222998,"n":"Jambon de Paris Tradilège Sans nitrite 4 tranches - 140g","p":2.3,"u":"16,43 €/KG","img":"https://fd13-photos.leclercdrive.fr/image.ashx?id=2657139&use=l&cat=p&typeid=i","cat":316009},{"id":223024,"n":"Shampooing Herbal Essences Aloe - 250ml","p":3.48,"u":"13,92 €/L","img":"https://fd13-photos.leclercdrive.fr/image.ashx?id=2748671&use=l&cat=p&typeid=i","cat":284606},{"id":223035,"n":"Shampooing Herbal Essences Rose - 250ml","p":3.39,"u":"13,56 €/L","img":"https://fd13-photos.leclercdrive.fr/image.ashx?id=2737819&use=l&cat=p&typeid=i","cat":284606},{"id":223085,"n":"Gel Nettoyant visage Garnier Argile - 250ml","p":3.91,"u":"15,64 €/L","img":"https://fd13-photos.leclercdrive.fr/image.ashx?id=2833741&use=l&cat=p&typeid=i","cat":284603},{"id":223146,"n":"Bière de Flandre 3 Monts Triple - 6x33cl   9.5%vol.","p":11.57,"u":"5,84 €/L","img":"https://fd13-photos.leclercdrive.fr/image.ashx?id=2661051&use=l&cat=p&typeid=i","cat":334852},{"id":223157,"n":"Vinaigre blanc 5L - 10°","p":3.57,"u":"0,71 €/L","img":"https://fd13-photos.leclercdrive.fr/image.ashx?id=2659789&use=l&cat=p&typeid=i","cat":298543},{"id":223229,"n":"Dentifrice Parodontax Réparation active gencives 75ml","p":5.46,"u":"72,80 €/L","img":"https://fd13-photos.leclercdrive.fr/image.ashx?id=2917534&use=l&cat=p&typeid=i","cat":284612},{"id":223280,"n":"Bière ambrée 3 Monts 6x33cl","p":7.57,"u":"3,82 €/L","img":"https://fd13-photos.leclercdrive.fr/image.ashx?id=2661688&use=l&cat=p&typeid=i","cat":334852},{"id":223295,"n":"Brioche La Fournée Dorée Tressée et tranchée - 500g","p":2.53,"u":"5,06 €/KG","img":"https://fd13-photos.leclercdrive.fr/image.ashx?id=2661079&use=l&cat=p&typeid=i","cat":284478},{"id":223310,"n":"Les Arrangés du Rhum Breiz'Ile Mangue Passion  28°- 70cl","p":21.25,"u":"30,36 €/L","img":"https://fd13-photos.leclercdrive.fr/image.ashx?id=2837496&use=l&cat=p&typeid=i","cat":284550},{"id":223318,"n":"Cognac Baron d'Illyac  VS 40° - 70cl","p":20.12,"u":"28,74 €/L","img":"https://fd13-photos.leclercdrive.fr/image.ashx?id=2664935&use=l&cat=p&typeid=i","cat":286032},{"id":223322,"n":"Cake Jambon Emmental 180g","p":3.95,"u":"21,94 €/KG","img":"https://fd13-photos.leclercdrive.fr/image.ashx?id=2663194&use=l&cat=p&typeid=i","cat":316003},{"id":223323,"n":"Cake Thon Chorizo 180g","p":3.95,"u":"21,94 €/KG","img":"https://fd13-photos.leclercdrive.fr/image.ashx?id=2663197&use=l&cat=p&typeid=i","cat":316003},{"id":223365,"n":"Boisson aux fruits Jafun Multifruits - 4x20cl","p":1.44,"u":"1,80 €/L","img":"https://fd13-photos.leclercdrive.fr/image.ashx?id=2992570&use=l&cat=p&typeid=i","cat":295018},{"id":223375,"n":"Pop corn Menguy's Goût caramel -  3x90g","p":2.15,"u":"7,96 €/KG","img":"https://fd13-photos.leclercdrive.fr/image.ashx?id=2786633&use=l&cat=p&typeid=i","cat":304249},{"id":223392,"n":"Boisson aux fruits Jafun Fruits rouges - 4x20cl","p":1.44,"u":"1,80 €/L","img":"https://fd13-photos.leclercdrive.fr/image.ashx?id=2992573&use=l&cat=p&typeid=i","cat":295018},{"id":223394,"n":"Boisson aux fruits Jafun Tropical - 4x20cl","p":1.49,"u":"1,86 €/L","img":"https://fd13-photos.leclercdrive.fr/image.ashx?id=2992576&use=l&cat=p&typeid=i","cat":295018},{"id":223431,"n":"Crème dessert protéinée Hipro  Chocolat noisette - 180g","p":1.89,"u":"10,50 €/KG","img":"https://fd13-photos.leclercdrive.fr/image.ashx?id=2800294&use=l&cat=p&typeid=i","cat":285041},{"id":223444,"n":"Shampoing 2en1 Fructis Force et brillance - 300ml","p":2.77,"u":"9,23 €/L","img":"https://fd13-photos.leclercdrive.fr/image.ashx?id=2669268&use=l&cat=p&typeid=i","cat":284606},{"id":223445,"n":"Shampoing fortifiant Fructis Force et Brillance - 300ml","p":2.95,"u":"9,83 €/L","img":"https://fd13-photos.leclercdrive.fr/image.ashx?id=2669271&use=l&cat=p&typeid=i","cat":284606},{"id":223446,"n":"Shampoing démêlant Fructis Antipelliculaire - 300ml","p":2.95,"u":"9,83 €/L","img":"https://fd13-photos.leclercdrive.fr/image.ashx?id=2669277&use=l&cat=p&typeid=i","cat":284606},{"id":223498,"n":"Ketchup Rustica 900g","p":1.79,"u":"1,99 €/KG","img":"https://fd13-photos.leclercdrive.fr/image.ashx?id=2954394&use=l&cat=p&typeid=i","cat":284455},{"id":223499,"n":"Ketchup Rustica 390g","p":1.09,"u":"2,79 €/KG","img":"https://fd13-photos.leclercdrive.fr/image.ashx?id=2954391&use=l&cat=p&typeid=i","cat":284455},{"id":223521,"n":"Biscuit bio  Nocciolata bianca Fourré pâte à tartiner - 250g","p":3.39,"u":"13,56 €/KG","img":"https://fd13-photos.leclercdrive.fr/image.ashx?id=2664554&use=l&cat=p&typeid=i","cat":284487},{"id":223527,"n":"Anti-moustiques Marie Rose Zones tropicales - 100ml","p":7.35,"u":"73,50 €/L","img":"https://fd13-photos.leclercdrive.fr/image.ashx?id=2684455&use=l&cat=p&typeid=i","cat":299654},{"id":223537,"n":"Bloc Energy 5 WC Net Actions - Brise aquatique - 38g","p":2.0,"u":"52,63 €/KG","img":"https://fd13-photos.leclercdrive.fr/image.ashx?id=2664449&use=l&cat=p&typeid=i","cat":284662},{"id":223538,"n":"Bloc Energy 5 actions WC Net Javel Agrumes et iris - 38g","p":1.94,"u":"51,05 €/KG","img":"https://fd13-photos.leclercdrive.fr/image.ashx?id=2664452&use=l&cat=p&typeid=i","cat":284662},{"id":223540,"n":"Bloc Energy 5 actions WC Net Lavande et patchouli - 38g","p":2.39,"u":"62,89 €/KG","img":"https://fd13-photos.leclercdrive.fr/image.ashx?id=2664458&use=l&cat=p&typeid=i","cat":284662},{"id":223542,"n":"Bloc Energy WC Net Eau bleue / Marine fresh 40g","p":1.99,"u":"49,75 €/KG","img":"https://fd13-photos.leclercdrive.fr/image.ashx?id=2664464&use=l&cat=p&typeid=i","cat":284662},{"id":223560,"n":"Culottes fuites urinaires Always Discreet - Taille M x13","p":9.96,"u":"0,77 €/P","img":"https://fd13-photos.leclercdrive.fr/image.ashx?id=2927029&use=l&cat=p&typeid=i","cat":284628},{"id":223561,"n":"Culottes fuites urinaires Always Discreet - Taille L x11","p":10.26,"u":"0,93 €/P","img":"https://fd13-photos.leclercdrive.fr/image.ashx?id=2927032&use=l&cat=p&typeid=i","cat":284628},{"id":223575,"n":"Serviettes fuites urinaires Always Discreet - x12","p":8.39,"u":"0,70 €/P","img":"https://fd13-photos.leclercdrive.fr/image.ashx?id=2845650&use=l&cat=p&typeid=i","cat":284628},{"id":223579,"n":"Serviettes fuites urinaires Always Discreet - Long+ - x8","p":4.27,"u":"0,53 €/P","img":"https://fd13-photos.leclercdrive.fr/image.ashx?id=3005386&use=l&cat=p&typeid=i","cat":284628},{"id":223581,"n":"Serviettes fuites urinaires Always Discreet - Long+ - x16","p":8.23,"u":"0,51 €/P","img":"https://fd13-photos.leclercdrive.fr/image.ashx?id=2685471&use=l&cat=p&typeid=i","cat":284628},{"id":223586,"n":"Serviettes fuites urinaires Always Discreet - Taille S x20","p":4.31,"u":"0,22 €/P","img":"https://fd13-photos.leclercdrive.fr/image.ashx?id=3009221&use=l&cat=p&typeid=i","cat":284628},{"id":223588,"n":"Serviettes fuites urinaires Always Discreet - Nuit - x16","p":8.6,"u":"0,54 €/P","img":"https://fd13-photos.leclercdrive.fr/image.ashx?id=2680479&use=l&cat=p&typeid=i","cat":284628},{"id":223603,"n":"Fil dentaire Dentamyl Cire menthe - 80m","p":2.72,"u":"0,03 €/MT","img":"https://fd13-photos.leclercdrive.fr/image.ashx?id=2672888&use=l&cat=p&typeid=i","cat":285159},{"id":223604,"n":"Shampoing fortifiant Fructis Antipelliculaire - 300ml","p":2.77,"u":"9,23 €/L","img":"https://fd13-photos.leclercdrive.fr/image.ashx?id=2667862&use=l&cat=p&typeid=i","cat":284606},{"id":223605,"n":"Crème Douche Hydratation Cadum Peaux Sèches - 500ml","p":2.46,"u":"4,92 €/L","img":"https://fd13-photos.leclercdrive.fr/image.ashx?id=2739318&use=l&cat=p&typeid=i","cat":284594},{"id":223606,"n":"Crème Douche Nourrissante Cadum Miel de Fleurs Bio - 750ml","p":4.89,"u":"6,52 €/L","img":"https://fd13-photos.leclercdrive.fr/image.ashx?id=2805465&use=l&cat=p&typeid=i","cat":284594},{"id":223607,"n":"Gel Corps et Cheveux Cadum Hypoallergénique - 750ml","p":4.89,"u":"6,52 €/L","img":"https://fd13-photos.leclercdrive.fr/image.ashx?id=2802512&use=l&cat=p&typeid=i","cat":284594},{"id":223608,"n":"Crème Douche Tolérance Cadum Sans Sulfate - 400ml","p":3.04,"u":"7,60 €/L","img":"https://fd13-photos.leclercdrive.fr/image.ashx?id=2696007&use=l&cat=p&typeid=i","cat":284594},{"id":223609,"n":"Douche Crème Dop Cookies au Chocolat - 290ml","p":1.89,"u":"6,52 €/L","img":"https://fd13-photos.leclercdrive.fr/image.ashx?id=2709876&use=l&cat=p&typeid=i","cat":284594},{"id":223611,"n":"Désodorisant Febreze Petit coin Fleur naissante - 7.5ml","p":3.2,"u":"400,00 €/L","img":"https://fd13-photos.leclercdrive.fr/image.ashx?id=2955230&use=l&cat=p&typeid=i","cat":311628},{"id":223613,"n":"Désodorisant Febreze Petit coin Coton - 7.5ml","p":3.2,"u":"400,00 €/L","img":"https://fd13-photos.leclercdrive.fr/image.ashx?id=2955236&use=l&cat=p&typeid=i","cat":311628},{"id":223631,"n":"Huile précieuse Gliss Hair Repair - Schwarzkopf - 75ml","p":7.5,"u":"100,00 €/L","img":"https://fd13-photos.leclercdrive.fr/image.ashx?id=2665274&use=l&cat=p&typeid=i","cat":284608},{"id":223648,"n":"Rasoir Gillette Skinguard + 1 recharge - Aloe vera - x1","p":10.9,"img":"https://fd13-photos.leclercdrive.fr/image.ashx?id=2665499&use=l&cat=p&typeid=i","cat":284616},{"id":223649,"n":"Shampooing Head & shoulder 2-en-1 - Classic - 300ml","p":4.92,"u":"16,40 €/L","img":"https://fd13-photos.leclercdrive.fr/image.ashx?id=2863003&use=l&cat=p&typeid=i","cat":284606},{"id":223652,"n":"Shampooing Head & shoulders Citron - 2en1 - 300ml","p":4.92,"u":"16,40 €/L","img":"https://fd13-photos.leclercdrive.fr/image.ashx?id=2863009&use=l&cat=p&typeid=i","cat":284606},{"id":223654,"n":"Shampooing Head & shoulders 2en1 - Anti-démangeaisons 300ml","p":5.34,"u":"17,80 €/L","img":"https://fd13-photos.leclercdrive.fr/image.ashx?id=2828964&use=l&cat=p&typeid=i","cat":284606},{"id":223820,"n":"Moulage chocolat Kinder 35g","p":1.62,"u":"46,29 €/KG","img":"https://fd13-photos.leclercdrive.fr/image.ashx?id=2688785&use=l&cat=p&typeid=i","cat":327592},{"id":223834,"n":"Shampooing Head & shoulders Apple fresh - 330ml","p":5.95,"u":"18,03 €/L","img":"https://fd13-photos.leclercdrive.fr/image.ashx?id=2668767&use=l&cat=p&typeid=i","cat":284606},{"id":223836,"n":"Shampooing Head & shoulders Citrus fresh - 1in1 - 330ml","p":5.95,"u":"18,03 €/L","img":"https://fd13-photos.leclercdrive.fr/image.ashx?id=2737840&use=l&cat=p&typeid=i","cat":284606},{"id":223839,"n":"Shampooing Head & shoulders 1in1 - Anti-démangeaisons 330ml","p":5.57,"u":"16,88 €/L","img":"https://fd13-photos.leclercdrive.fr/image.ashx?id=2681329&use=l&cat=p&typeid=i","cat":284606},{"id":223844,"n":"Shampooing Head & shoulders 1in1 - Lisse & soyeux - 330ml","p":5.95,"u":"18,03 €/L","img":"https://fd13-photos.leclercdrive.fr/image.ashx?id=2737843&use=l&cat=p&typeid=i","cat":284606},{"id":223850,"n":"Déodorant Spray Femme Narta Anti-Trace Blanche 48h - 200ml","p":2.38,"u":"11,90 €/L","img":"https://fd13-photos.leclercdrive.fr/image.ashx?id=2678589&use=l&cat=p&typeid=i","cat":284595},{"id":223851,"n":"Déodorant Spray Homme 48h Narta Fraîcheur Classique - 200mL","p":2.38,"u":"11,90 €/L","img":"https://fd13-photos.leclercdrive.fr/image.ashx?id=2675511&use=l&cat=p&typeid=i","cat":284618},{"id":223852,"n":"Déodorant Spray Homme Sans Alcool - Anti-transpirant 200ml","p":2.4,"u":"12,00 €/L","img":"https://fd13-photos.leclercdrive.fr/image.ashx?id=2681880&use=l&cat=p&typeid=i","cat":284618},{"id":223853,"n":"Déodorant Spray Femme Narta Fraîcheur Cologne 48h - 200ml","p":2.4,"u":"12,00 €/L","img":"https://fd13-photos.leclercdrive.fr/image.ashx?id=2678592&use=l&cat=p&typeid=i","cat":284595},{"id":223855,"n":"Déodorant Spray Homme 48h Narta Anti-Traces Blanches - 200ml","p":2.4,"u":"12,00 €/L","img":"https://fd13-photos.leclercdrive.fr/image.ashx?id=2681883&use=l&cat=p&typeid=i","cat":284618},{"id":223857,"n":"Déodorant Spray Femme Narta 48h Sans Alcool - 200ML","p":2.4,"u":"12,00 €/L","img":"https://fd13-photos.leclercdrive.fr/image.ashx?id=2680242&use=l&cat=p&typeid=i","cat":284595},{"id":223858,"n":"Déodorant femme Narta Magnesium protect - 100ml","p":5.0,"u":"50,00 €/L","img":"https://fd13-photos.leclercdrive.fr/image.ashx?id=2680245&use=l&cat=p&typeid=i","cat":284595},{"id":223860,"n":"Brosse à dent électrique Oral-B Pro 1 - Junior - Verte - x1","p":44.94,"img":"https://fd13-photos.leclercdrive.fr/image.ashx?id=2666336&use=l&cat=p&typeid=i","cat":297133},{"id":223883,"n":"Gel cheveux Taft  Effet mouillé - 300ml","p":4.02,"u":"13,40 €/L","img":"https://fd13-photos.leclercdrive.fr/image.ashx?id=2666773&use=l&cat=p&typeid=i","cat":284609},{"id":223884,"n":"Brossettes Dentamyl Perfect angle - x2","p":6.99,"u":"3,50 €/P","img":"https://fd13-photos.leclercdrive.fr/image.ashx?id=2824298&use=l&cat=p&typeid=i","cat":297133},{"id":223893,"n":"Lingettes de nettoyage Swiffer Wet Jet - x12","p":7.19,"pp":4.31,"u":"0,36 €/P","img":"https://fd13-photos.leclercdrive.fr/image.ashx?id=2948525&use=l&cat=p&typeid=i","cat":325364},{"id":223917,"n":"Filtres à café Melitta Gourmet intense 1x4 - x80","p":2.13,"img":"https://fd13-photos.leclercdrive.fr/image.ashx?id=2882050&use=l&cat=p&typeid=i","cat":284751},{"id":223919,"n":"Papier aluminium Albal 30m","p":5.54,"img":"https://fd13-photos.leclercdrive.fr/image.ashx?id=2667109&use=l&cat=p&typeid=i","cat":285194},{"id":223920,"n":"Film fraîcheur Albal 50m","p":4.01,"img":"https://fd13-photos.leclercdrive.fr/image.ashx?id=2929059&use=l&cat=p&typeid=i","cat":285194},{"id":223925,"n":"Riz Long grain Ben's original Vrac 10mn - 1kg","p":2.98,"u":"2,98 €/KG","img":"https://fd13-photos.leclercdrive.fr/image.ashx?id=2990961&use=l&cat=p&typeid=i","cat":284428},{"id":223965,"n":"Ampoule LED Foxter Standard - E27 60W  - Chaud x1","p":4.99,"u":"Dont 0,29 € d'éco-part.","img":"https://fd13-photos.leclercdrive.fr/image.ashx?id=2670491&use=l&cat=p&typeid=i","cat":300573},{"id":223966,"n":"Ampoule LED Foxter Standard - E27 60W - Froid - x1","p":4.99,"u":"Dont 0,29 € d'éco-part.","img":"https://fd13-photos.leclercdrive.fr/image.ashx?id=2670494&use=l&cat=p&typeid=i","cat":300573},{"id":223968,"n":"Ampoule LED Foxter Standard - E27 60W - Chaud x1","p":4.99,"u":"Dont 0,29 € d'éco-part.","img":"https://fd13-photos.leclercdrive.fr/image.ashx?id=2670497&use=l&cat=p&typeid=i","cat":300573},{"id":223979,"n":"Ampoule LED Foxter Spot - GU10 35W - Froid x1","p":2.99,"u":"Dont 0,29 € d'éco-part.","img":"https://fd13-photos.leclercdrive.fr/image.ashx?id=2669753&use=l&cat=p&typeid=i","cat":300573},{"id":223980,"n":"Ampoules Eco+ Standard - E27 60W - Chaud x3","p":3.69,"u":"Dont 0,86 € d'éco-part.","img":"https://fd13-photos.leclercdrive.fr/image.ashx?id=2670479&use=l&cat=p&typeid=i","cat":300573},{"id":224082,"n":"Biscuits croquants Délichoc Chocolat au lait pocket - 250g","p":3.19,"u":"12,76 €/KG","img":"https://fd13-photos.leclercdrive.fr/image.ashx?id=2682192&use=l&cat=p&typeid=i","cat":284488},{"id":224140,"n":"Bun's jambon ketchup McCain 460g","p":3.42,"u":"7,43 €/KG","img":"https://fd13-photos.leclercdrive.fr/image.ashx?id=2741180&use=l&cat=p&typeid=i","cat":319822},{"id":224141,"n":"Bun's bolognaise McCain 460g","p":3.91,"u":"8,50 €/KG","img":"https://fd13-photos.leclercdrive.fr/image.ashx?id=2750675&use=l&cat=p&typeid=i","cat":319822},{"id":224143,"n":"Bun's Burger McCain 460g","p":3.72,"u":"8,09 €/KG","img":"https://fd13-photos.leclercdrive.fr/image.ashx?id=2741183&use=l&cat=p&typeid=i","cat":319822},{"id":224240,"n":"Dentifrice L'Arbre vert Blancheur - Mente - 75ml","p":2.55,"u":"34,00 €/L","img":"https://fd13-photos.leclercdrive.fr/image.ashx?id=2892805&use=l&cat=p&typeid=i","cat":284612},{"id":224255,"n":"Recharches lames Wilkinson Intuition complete - x3","p":10.67,"u":"3,56 €/P","img":"https://fd13-photos.leclercdrive.fr/image.ashx?id=2669337&use=l&cat=p&typeid=i","cat":325352},{"id":224263,"n":"Monster Energy zéro sucres 50cl","p":1.6,"u":"3,20 €/L","img":"https://fd13-photos.leclercdrive.fr/image.ashx?id=2669358&use=l&cat=p&typeid=i","cat":284533},{"id":224264,"n":"Monster Ultra gold 50cl","p":1.42,"u":"2,84 €/L","img":"https://fd13-photos.leclercdrive.fr/image.ashx?id=2669355&use=l&cat=p&typeid=i","cat":284533},{"id":224265,"n":"Monster Energy Juice Bad apple 50cl","p":1.57,"u":"3,14 €/L","img":"https://fd13-photos.leclercdrive.fr/image.ashx?id=2759044&use=l&cat=p&typeid=i","cat":284533},{"id":224273,"n":"Rasoirs Wilkinson My intuition Hydro silk - x3","p":8.49,"u":"2,83 €/P","img":"https://fd13-photos.leclercdrive.fr/image.ashx?id=2680353&use=l&cat=p&typeid=i","cat":325352},{"id":224324,"n":"Roulé surimi Breizh Surimi Saveur crabe - 300g","p":2.9,"pp":2.03,"u":"6,77 €/KG","img":"https://fd13-photos.leclercdrive.fr/image.ashx?id=2914600&use=l&cat=p&typeid=i","cat":285189},{"id":224348,"n":"Mousse au chocolat au lait Marie Morin - 400g","p":7.84,"u":"19,60 €/KG","img":"https://fd13-photos.leclercdrive.fr/image.ashx?id=2673721&use=l&cat=p&typeid=i","cat":284417},{"id":224350,"n":"Mascara L'Oréal Panorama - Noir - x1","p":11.95,"pp":7.89,"img":"https://fd13-photos.leclercdrive.fr/image.ashx?id=2973538&use=l&cat=p&typeid=i","cat":287029},{"id":224351,"n":"Mascara L'Oréal Paris Panorama - Brown - 10.5ml","p":11.95,"pp":7.89,"u":"789,00 €/L","img":"https://fd13-photos.leclercdrive.fr/image.ashx?id=2946484&use=l&cat=p&typeid=i","cat":287029},{"id":224353,"n":"Eosine Mercurochrome 2% Solution aquese - 100ml","p":3.85,"u":"38,50 €/L","img":"https://fd13-photos.leclercdrive.fr/image.ashx?id=2670710&use=l&cat=p&typeid=i","cat":284630},{"id":224355,"n":"Masque Nutrition Intense Elsève Cheveux très Secs - 310ml","p":5.06,"u":"16,32 €/L","img":"https://fd13-photos.leclercdrive.fr/image.ashx?id=2739312&use=l&cat=p&typeid=i","cat":284608},{"id":224359,"n":"Crème Visage Homme Nivea Men Anti-taches Power 2en1 - 50ml","p":13.4,"pp":8.84,"u":"176,80 €/L","img":"https://fd13-photos.leclercdrive.fr/image.ashx?id=3014617&use=l&cat=p&typeid=i","cat":284622},{"id":224360,"n":"Sérum Visage Homme Nivea Men Anti-taches Power 2en1 - 30ml","p":14.62,"pp":9.65,"u":"321,67 €/L","img":"https://fd13-photos.leclercdrive.fr/image.ashx?id=2944915&use=l&cat=p&typeid=i","cat":284622},{"id":224361,"n":"Lait Corps Anti-taches  Nivea Anti-vergeture Luminous - 200ml","p":13.23,"u":"66,15 €/L","img":"https://fd13-photos.leclercdrive.fr/image.ashx?id=2689049&use=l&cat=p&typeid=i","cat":325349},{"id":224363,"n":"Piles alcalines Eco+ LR03 - x4","p":0.7,"u":"0,18 €/P","img":"https://fd13-photos.leclercdrive.fr/image.ashx?id=2714829&use=l&cat=p&typeid=i","cat":300572},{"id":224364,"n":"Piles alcalines Eco+ LR6 - x4","p":0.7,"u":"0,18 €/P","img":"https://fd13-photos.leclercdrive.fr/image.ashx?id=2714832&use=l&cat=p&typeid=i","cat":300572},{"id":224423,"n":"Concentré Sodastream Ice Tea - 440ml","p":5.99,"pp":4.99,"u":"11,34 €/L","img":"https://fd13-photos.leclercdrive.fr/image.ashx?id=2670917&use=l&cat=p&typeid=i","cat":295020},{"id":224670,"n":"Eau minérale naturelle Hépar 6x75cl","p":3.96,"u":"0,88 €/L","img":"https://fd13-photos.leclercdrive.fr/image.ashx?id=2673361&use=l&cat=p&typeid=i","cat":284535},{"id":224706,"n":"Gnocchi star à poêler Lustucru  300g","p":1.9,"u":"6,33 €/KG","img":"https://fd13-photos.leclercdrive.fr/image.ashx?id=2921630&use=l&cat=p&typeid=i","cat":333682},{"id":224717,"n":"Gnocchi roll à poêler Lustucru Cheddar bacon - 280g","p":2.3,"u":"8,21 €/KG","img":"https://fd13-photos.leclercdrive.fr/image.ashx?id=2995121&use=l&cat=p&typeid=i","cat":333682},{"id":224760,"n":"Infusion Elephant  detox fraicheur x20 - 36g","p":2.36,"u":"65,56 €/KG","img":"https://fd13-photos.leclercdrive.fr/image.ashx?id=2677639&use=l&cat=p&typeid=i","cat":293234},{"id":224763,"n":"Infusion Elephant Pure relaxation - x20 - 32g","p":2.19,"u":"68,44 €/KG","img":"https://fd13-photos.leclercdrive.fr/image.ashx?id=2677636&use=l&cat=p&typeid=i","cat":293234},{"id":224783,"n":"Liqueur Rivière du Mat L'Onctueux - 70cl","p":13.5,"pp":12.15,"u":"17,36 €/L","img":"https://fd13-photos.leclercdrive.fr/image.ashx?id=2693539&use=l&cat=p&typeid=i","cat":286032},{"id":224787,"n":"Liqueur Rivière du Mat Vanille Bourbon 17° - 70cl","p":13.39,"pp":12.05,"u":"17,21 €/L","img":"https://fd13-photos.leclercdrive.fr/image.ashx?id=2740001&use=l&cat=p&typeid=i","cat":286032},{"id":224808,"n":"Riz Citron Ben's original  Express 2mn - 220g","p":1.29,"u":"5,86 €/KG","img":"https://fd13-photos.leclercdrive.fr/image.ashx?id=2906442&use=l&cat=p&typeid=i","cat":287600},{"id":224810,"n":"Riz Tomate Ben's original  Express 2mn - 220g","p":1.33,"u":"6,05 €/KG","img":"https://fd13-photos.leclercdrive.fr/image.ashx?id=2995295&use=l&cat=p&typeid=i","cat":287600},{"id":224818,"n":"Riz Basmati Ben's original  Express 2mn - 220g","p":1.28,"u":"5,82 €/KG","img":"https://fd13-photos.leclercdrive.fr/image.ashx?id=2995292&use=l&cat=p&typeid=i","cat":287600},{"id":224830,"n":"Riz Complet Ben's original Vrac 12mn - 1kg","p":4.45,"u":"4,45 €/KG","img":"https://fd13-photos.leclercdrive.fr/image.ashx?id=2886307&use=l&cat=p&typeid=i","cat":284428},{"id":224839,"n":"Riz a la Creole Ben's original  Express 2mn - 220g","p":1.79,"u":"8,14 €/KG","img":"https://fd13-photos.leclercdrive.fr/image.ashx?id=2886265&use=l&cat=p&typeid=i","cat":287600},{"id":224841,"n":"Riz a l'Indienne Ben's original  Express 2mn - 220g","p":1.69,"u":"7,68 €/KG","img":"https://fd13-photos.leclercdrive.fr/image.ashx?id=2886268&use=l&cat=p&typeid=i","cat":287600},{"id":224872,"n":"Riz Complet Ben's original  Express 2mn - 220g","p":1.48,"u":"6,73 €/KG","img":"https://fd13-photos.leclercdrive.fr/image.ashx?id=2886969&use=l&cat=p&typeid=i","cat":287600},{"id":224873,"n":"Riz Paella Ben's original Express 2mn - 220g","p":1.59,"u":"7,23 €/KG","img":"https://fd13-photos.leclercdrive.fr/image.ashx?id=2995310&use=l&cat=p&typeid=i","cat":287600},{"id":224874,"n":"Riz Champignons Ben's original Express 2mn - 220g","p":1.35,"u":"6,14 €/KG","img":"https://fd13-photos.leclercdrive.fr/image.ashx?id=2995307&use=l&cat=p&typeid=i","cat":287600},{"id":224876,"n":"Riz Long grain Ben's original  Express 2mn - 220g","p":1.37,"u":"6,23 €/KG","img":"https://fd13-photos.leclercdrive.fr/image.ashx?id=2995298&use=l&cat=p&typeid=i","cat":287600},{"id":224877,"n":"Riz Cantonais Ben's original  Express 2mn - 220g","p":1.48,"u":"6,73 €/KG","img":"https://fd13-photos.leclercdrive.fr/image.ashx?id=2995304&use=l&cat=p&typeid=i","cat":287600},{"id":224879,"n":"Riz Curry Ben's original Express 2mn - 220g","p":1.51,"u":"6,86 €/KG","img":"https://fd13-photos.leclercdrive.fr/image.ashx?id=2906433&use=l&cat=p&typeid=i","cat":287600},{"id":224880,"n":"Riz aux Légumes Ben's original Express 2mn - 220g","p":1.55,"u":"7,05 €/KG","img":"https://fd13-photos.leclercdrive.fr/image.ashx?id=2906430&use=l&cat=p&typeid=i","cat":287600},{"id":224882,"n":"Riz Long grain Ben's original  Sachet cuisson 10mn - 1kg","p":3.06,"u":"3,06 €/KG","img":"https://fd13-photos.leclercdrive.fr/image.ashx?id=2957272&use=l&cat=p&typeid=i","cat":284428},{"id":224883,"n":"Riz Long Grain Ben's original Sachet cuisson 10mn - 750g","p":2.46,"u":"3,28 €/KG","img":"https://fd13-photos.leclercdrive.fr/image.ashx?id=2886313&use=l&cat=p&typeid=i","cat":284428},{"id":224888,"n":"Riz Long grain Ben's original Vrac 20mn - 1kg","p":3.37,"u":"3,37 €/KG","img":"https://fd13-photos.leclercdrive.fr/image.ashx?id=2886301&use=l&cat=p&typeid=i","cat":284428},{"id":224916,"n":"Biscuits speculoos Eco+ 600g","p":1.59,"u":"2,65 €/KG","img":"https://fd13-photos.leclercdrive.fr/image.ashx?id=2675058&use=l&cat=p&typeid=i","cat":284487},{"id":224926,"n":"Ketchup Bio Village Bio - 330g","p":1.39,"u":"4,21 €/KG","img":"https://fd13-photos.leclercdrive.fr/image.ashx?id=2958374&use=l&cat=p&typeid=i","cat":284455},{"id":224930,"n":"Lait d'avoine Bjorg Bio Vanille - 1L","p":2.71,"u":"2,71 €/L","img":"https://fd13-photos.leclercdrive.fr/image.ashx?id=2906253&use=l&cat=p&typeid=i","cat":316067},{"id":224931,"n":"Boisson soja Bjorg Bio Proteines - 1L","p":2.42,"u":"2,42 €/L","img":"https://fd13-photos.leclercdrive.fr/image.ashx?id=2939469&use=l&cat=p&typeid=i","cat":316067},{"id":224932,"n":"Boisson végétale Bjorg Bio noisettes sans sucres - 1L","p":2.55,"u":"2,55 €/L","img":"https://fd13-photos.leclercdrive.fr/image.ashx?id=2939466&use=l&cat=p&typeid=i","cat":316067},{"id":224933,"n":"Infusions Elephant Coffret découverte x50 - 89g","p":9.5,"pp":6.65,"u":"74,72 €/KG","img":"https://fd13-photos.leclercdrive.fr/image.ashx?id=2834839&use=l&cat=p&typeid=i","cat":293234},{"id":224935,"n":"Barquette chat Sheba  Mixte en sauce - 12x85g","p":6.98,"img":"https://fd13-photos.leclercdrive.fr/image.ashx?id=2870248&use=l&cat=p&typeid=i","cat":285286},{"id":224937,"n":"Plat en morceaux Bledina 200g","p":2.39,"u":"11,95 €/KG","img":"https://fd13-photos.leclercdrive.fr/image.ashx?id=2866298&use=l&cat=p&typeid=i","cat":312239},{"id":224941,"n":"Champagne Veuve Clicquot Brut - 12,5% - 75cl","p":42.9,"u":"57,20 €/L","img":"https://fd13-photos.leclercdrive.fr/image.ashx?id=2675070&use=l&cat=p&typeid=i","cat":284542},{"id":224983,"n":"Dentifrice Sensodyne Soin blancheur - 2x75ml","p":7.37,"u":"49,13 €/L","img":"https://fd13-photos.leclercdrive.fr/image.ashx?id=2921085&use=l&cat=p&typeid=i","cat":284612},{"id":225010,"n":"Sac poubelle coulissant Alfapac Ultra-résistant x10 - 50L","p":3.23,"img":"https://fd13-photos.leclercdrive.fr/image.ashx?id=2676693&use=l&cat=p&typeid=i","cat":285168},{"id":225011,"n":"Sac poubelle coulissant Alfapac Ultra-résistant x15 - 30L","p":3.03,"img":"https://fd13-photos.leclercdrive.fr/image.ashx?id=2676690&use=l&cat=p&typeid=i","cat":285168},{"id":225014,"n":"Sac poubelle haute Alfapac Lien élastique x15 - 30L","p":4.27,"u":"0,28 €/P","img":"https://fd13-photos.leclercdrive.fr/image.ashx?id=2681787&use=l&cat=p&typeid=i","cat":285168},{"id":225027,"n":"Dés végétaux Nurishh A la grecque - 150g","p":2.66,"u":"17,73 €/KG","img":"https://fd13-photos.leclercdrive.fr/image.ashx?id=2789008&use=l&cat=p&typeid=i","cat":316070},{"id":225046,"n":"Huile à barbe homme King C. Gillette - 30ml","p":8.5,"pp":5.1,"u":"170,00 €/L","img":"https://fd13-photos.leclercdrive.fr/image.ashx?id=2746358&use=l&cat=p&typeid=i","cat":284622},{"id":225073,"n":"Taille crayon shaker Maped Multicoloris","p":1.29,"img":"https://fd13-photos.leclercdrive.fr/image.ashx?id=2675939&use=l&cat=p&typeid=i","cat":334133},{"id":225078,"n":"Boîte classement Exacompta Multicoloris","p":2.61,"img":"https://fd13-photos.leclercdrive.fr/image.ashx?id=2675861&use=l&cat=p&typeid=i","cat":284745},{"id":225085,"n":"IGP Ile de Beauté rosé Dom Casa - 75cl","p":5.5,"u":"7,33 €/L","img":"https://fd13-photos.leclercdrive.fr/image.ashx?id=2676714&use=l&cat=p&typeid=i","cat":289558},{"id":225090,"n":"AOP Montlouis Jean Dumont Les Hauts Boulay - 75cl","p":7.5,"u":"10,00 €/L","img":"https://fd13-photos.leclercdrive.fr/image.ashx?id=2693623&use=l&cat=p&typeid=i","cat":289557},{"id":225093,"n":"AOC Sancerre Emilien Brissez 75cl","p":11.95,"u":"15,93 €/L","img":"https://fd13-photos.leclercdrive.fr/image.ashx?id=2694821&use=l&cat=p&typeid=i","cat":289557},{"id":225094,"n":"Cahier spirale Clairefontaine Multicoloris","p":2.55,"img":"https://fd13-photos.leclercdrive.fr/image.ashx?id=2675852&use=l&cat=p&typeid=i","cat":284697},{"id":225100,"n":"Cahier trieur Clairefontaine Multicoloris","p":8.4,"u":"8,40 €/PRT","img":"https://fd13-photos.leclercdrive.fr/image.ashx?id=2675873&use=l&cat=p&typeid=i","cat":284697},{"id":225249,"n":"Olives Tramier Recettes du marché 150g","p":2.99,"u":"19,93 €/KG","img":"https://fd13-photos.leclercdrive.fr/image.ashx?id=2882620&use=l&cat=p&typeid=i","cat":284458},{"id":225250,"n":"Recettes du Marché Tramier  Marinade Citron & Thym 150g","p":2.99,"u":"19,93 €/KG","img":"https://fd13-photos.leclercdrive.fr/image.ashx?id=2882617&use=l&cat=p&typeid=i","cat":284458},{"id":225254,"n":"Complément alimentaires  Juvamine  articulations","p":5.03,"u":"314,38 €/KG","img":"https://fd13-photos.leclercdrive.fr/image.ashx?id=2960153&use=l&cat=p&typeid=i","cat":313217},{"id":225255,"n":"Complément alimentaire Juvamine Articulations","p":5.93,"u":"494,17 €/KG","img":"https://fd13-photos.leclercdrive.fr/image.ashx?id=2676663&use=l&cat=p&typeid=i","cat":313217},{"id":225256,"n":"Recettes du Marché Tramier  Basilic Herbes de Provence 150g","p":2.86,"u":"19,07 €/KG","img":"https://fd13-photos.leclercdrive.fr/image.ashx?id=2882611&use=l&cat=p&typeid=i","cat":284450},{"id":225275,"n":"Doomino Chocolat blanc St-Michel - 180g","p":1.98,"u":"11,00 €/KG","img":"https://fd13-photos.leclercdrive.fr/image.ashx?id=2950003&use=l&cat=p&typeid=i","cat":284495},{"id":225276,"n":"Galette moelleuse tigrée Choco blanc - St Michel - 180g","p":1.9,"u":"10,56 €/KG","img":"https://fd13-photos.leclercdrive.fr/image.ashx?id=2953501&use=l&cat=p&typeid=i","cat":284495},{"id":225277,"n":"Moelleux au chocolat  Bonne maman - 300g","p":3.4,"u":"11,33 €/KG","img":"https://fd13-photos.leclercdrive.fr/image.ashx?id=2936287&use=l&cat=p&typeid=i","cat":284495},{"id":225278,"n":"Petits feuilletés Bonne maman - 250g","p":2.28,"u":"9,12 €/KG","img":"https://fd13-photos.leclercdrive.fr/image.ashx?id=2950012&use=l&cat=p&typeid=i","cat":284488},{"id":225309,"n":"Bière blonde Kronenbourg 4,2° - 30x25cl","p":15.66,"u":"2,09 €/L","img":"https://fd13-photos.leclercdrive.fr/image.ashx?id=2992759&use=l&cat=p&typeid=i","cat":334873},{"id":225310,"n":"Boisson aux Fruits Tropico Tropical - Bouteille - 1,25L","p":1.78,"u":"1,42 €/L","img":"https://fd13-photos.leclercdrive.fr/image.ashx?id=2736811&use=l&cat=p&typeid=i","cat":295018},{"id":225311,"n":"Boisson Tropico Orange Ananas - 1.25 L","p":1.77,"u":"1,42 €/L","img":"https://fd13-photos.leclercdrive.fr/image.ashx?id=2977702&use=l&cat=p&typeid=i","cat":295018},{"id":225316,"n":"Biscuit petit déj Gerblé Chocolat - 200g","p":2.09,"u":"10,45 €/KG","img":"https://fd13-photos.leclercdrive.fr/image.ashx?id=2679014&use=l&cat=p&typeid=i","cat":318651},{"id":225345,"n":"Lames Gillette Mach3 x18","p":48.88,"u":"2,72 €/P","img":"https://fd13-photos.leclercdrive.fr/image.ashx?id=2694329&use=l&cat=p&typeid=i","cat":284616},{"id":225374,"n":"Pizza L'Ovale Sodebo Poulet cheddar - 200g","p":2.0,"u":"10,00 €/KG","img":"https://fd13-photos.leclercdrive.fr/image.ashx?id=2995124&use=l&cat=p&typeid=i","cat":333679},{"id":225385,"n":"Déodorant homme L'Arbre Vert Bois de cèdre - 50","p":3.32,"u":"66,40 €/L","img":"https://fd13-photos.leclercdrive.fr/image.ashx?id=2680203&use=l&cat=p&typeid=i","cat":284618},{"id":225441,"n":"Fusilli au poulet Fleury Michon Sauce champignons - 280g","p":2.65,"u":"9,46 €/KG","img":"https://fd13-photos.leclercdrive.fr/image.ashx?id=3003233&use=l&cat=p&typeid=i","cat":333665},{"id":225443,"n":"Risotto Fleury Michon Saint Jacques poireaux - 280g","p":3.04,"u":"10,86 €/KG","img":"https://fd13-photos.leclercdrive.fr/image.ashx?id=3003263&use=l&cat=p&typeid=i","cat":333665},{"id":225445,"n":"Les tranches Fleury Michon Pois chiches x4 - 120g","p":1.99,"u":"16,58 €/KG","img":"https://fd13-photos.leclercdrive.fr/image.ashx?id=2902007&use=l&cat=p&typeid=i","cat":316036},{"id":225446,"n":"Les tranches Fleury Michon Lentilles corail  x4 - 120g","p":1.99,"u":"16,58 €/KG","img":"https://fd13-photos.leclercdrive.fr/image.ashx?id=2900905&use=l&cat=p&typeid=i","cat":316036},{"id":225447,"n":"Les tranches Fleury Michon Haricots blancs x4 - 120g","p":1.84,"u":"15,33 €/KG","img":"https://fd13-photos.leclercdrive.fr/image.ashx?id=2902010&use=l&cat=p&typeid=i","cat":316036},{"id":225461,"n":"Déodorant Bille Homme 48h Narta Anti-traces - 50ml","p":2.39,"u":"47,80 €/L","img":"https://fd13-photos.leclercdrive.fr/image.ashx?id=2681859&use=l&cat=p&typeid=i","cat":284618},{"id":225462,"n":"Déodorant Bille Femme Narta Anti-Transpirant 48h - 50ml","p":2.36,"u":"47,20 €/L","img":"https://fd13-photos.leclercdrive.fr/image.ashx?id=2681862&use=l&cat=p&typeid=i","cat":284595},{"id":225463,"n":"Déodorant Bille Homme 48h Narta Fraîcheur Polaire - 50ml","p":2.39,"u":"47,80 €/L","img":"https://fd13-photos.leclercdrive.fr/image.ashx?id=2681865&use=l&cat=p&typeid=i","cat":284618},{"id":225464,"n":"Déodorant Bille bio Femme Narta Sans Alcool - 50ml","p":2.36,"u":"47,20 €/L","img":"https://fd13-photos.leclercdrive.fr/image.ashx?id=2681868&use=l&cat=p&typeid=i","cat":284595},{"id":225465,"n":"Déodorant Bille Femme Narta Anti-Traces 48h - 50ml","p":2.46,"u":"49,20 €/L","img":"https://fd13-photos.leclercdrive.fr/image.ashx?id=2681871&use=l&cat=p&typeid=i","cat":284595},{"id":225466,"n":"Déodorant Bille Femme Narta Anti-Traces Sans alcool - 50ml","p":2.36,"u":"47,20 €/L","img":"https://fd13-photos.leclercdrive.fr/image.ashx?id=2681874&use=l&cat=p&typeid=i","cat":284595},{"id":225468,"n":"Déodorant Bille Homme 48h Narta Anti-Traces Blanches - 50ml","p":2.39,"u":"47,80 €/L","img":"https://fd13-photos.leclercdrive.fr/image.ashx?id=2681886&use=l&cat=p&typeid=i","cat":284618},{"id":225472,"n":"Shampooing Head & Shoulders  Menthol fresh - 300ml","p":7.27,"u":"24,23 €/L","img":"https://fd13-photos.leclercdrive.fr/image.ashx?id=2843517&use=l&cat=p&typeid=i","cat":284606},{"id":225483,"n":"Feuilletés au chèvre Soignon La Compagnie Artique x4 - 320g","p":3.67,"u":"11,47 €/KG","img":"https://fd13-photos.leclercdrive.fr/image.ashx?id=2681080&use=l&cat=p&typeid=i","cat":319774},{"id":225614,"n":"Désinfectant Sanytol Eucalyptus - Multi-usage 500ml","p":2.25,"u":"4,50 €/L","img":"https://fd13-photos.leclercdrive.fr/image.ashx?id=2894800&use=l&cat=p&typeid=i","cat":325357},{"id":225623,"n":"Lingettes optiques - Nettoyant  lunettes x30","p":1.29,"u":"0,04 €/P","img":"https://fd13-photos.leclercdrive.fr/image.ashx?id=2681539&use=l&cat=p&typeid=i","cat":288862},{"id":225645,"n":"Crêpes au caramel Whaou x8 - 256g","p":2.42,"u":"9,45 €/KG","img":"https://fd13-photos.leclercdrive.fr/image.ashx?id=2962869&use=l&cat=p&typeid=i","cat":284494},{"id":225647,"n":"Maïs Géant Vert extra tendre sans résidu pesticides - 3x140g","p":2.49,"u":"5,93 €/KG","img":"https://fd13-photos.leclercdrive.fr/image.ashx?id=2977366&use=l&cat=p&typeid=i","cat":312611},{"id":225651,"n":"Cônes Extrême Nestlé Chocolat x4 - 284g","p":2.9,"u":"10,21 €/KG","img":"https://fd13-photos.leclercdrive.fr/image.ashx?id=2694674&use=l&cat=p&typeid=i","cat":284264},{"id":225652,"n":"Cônes Extrême Nestlé Vanille x4 - 284g","p":2.5,"u":"8,80 €/KG","img":"https://fd13-photos.leclercdrive.fr/image.ashx?id=2695295&use=l&cat=p&typeid=i","cat":284264},{"id":225653,"n":"Mini pots Häagen-Dazs  Delight collection x4 - 324g","p":6.39,"u":"19,72 €/KG","img":"https://fd13-photos.leclercdrive.fr/image.ashx?id=2893489&use=l&cat=p&typeid=i","cat":284725},{"id":225655,"n":"Huile d'olive Terra Delyssa Vierge extra - 75cl","p":8.61,"u":"11,48 €/L","img":"https://fd13-photos.leclercdrive.fr/image.ashx?id=2686153&use=l&cat=p&typeid=i","cat":284453},{"id":225699,"n":"Tartine petit dej Gerblé  Matin - 125g","p":2.1,"u":"16,80 €/KG","img":"https://fd13-photos.leclercdrive.fr/image.ashx?id=2688869&use=l&cat=p&typeid=i","cat":318651},{"id":225700,"n":"Bière blonde Leffe Prestige 124 8,5% - 6x25cl","p":7.2,"u":"4,80 €/L","img":"https://fd13-photos.leclercdrive.fr/image.ashx?id=2695007&use=l&cat=p&typeid=i","cat":334852},{"id":225706,"n":"Aérosol répulsif Raid Fourmis et cafards - 300ml","p":2.99,"u":"9,97 €/L","img":"https://fd13-photos.leclercdrive.fr/image.ashx?id=2736382&use=l&cat=p&typeid=i","cat":298368},{"id":225734,"n":"Tablette chocolat au lait Noisettes et amandes - 100g","p":2.9,"u":"29,00 €/KG","img":"https://fd13-photos.leclercdrive.fr/image.ashx?id=2683835&use=l&cat=p&typeid=i","cat":284497},{"id":225735,"n":"Tablette chocolat blond Noisettes et amandes - 100g","p":2.95,"u":"29,50 €/KG","img":"https://fd13-photos.leclercdrive.fr/image.ashx?id=2683832&use=l&cat=p&typeid=i","cat":284957},{"id":225743,"n":"Coloration Permanente Garnier Color Sensation 1.0 Noir","p":4.3,"img":"https://fd13-photos.leclercdrive.fr/image.ashx?id=2684254&use=l&cat=p&typeid=i","cat":288899},{"id":225744,"n":"Coloration Permanente Garnier 2.10 Noir Bleuté","p":4.3,"img":"https://fd13-photos.leclercdrive.fr/image.ashx?id=2684242&use=l&cat=p&typeid=i","cat":288899},{"id":225745,"n":"Coloration Permanente Garnier Color Sensation 4.0 Châtain","p":4.13,"img":"https://fd13-photos.leclercdrive.fr/image.ashx?id=2684245&use=l&cat=p&typeid=i","cat":288899},{"id":225747,"n":"Coloration Permanente Garnier 5.35 Châtain Clair Cannelle","p":4.29,"img":"https://fd13-photos.leclercdrive.fr/image.ashx?id=2684251&use=l&cat=p&typeid=i","cat":288899},{"id":225749,"n":"Masque Lissant Ultra Doux Eau de Riz - 340ml","p":4.89,"u":"14,38 €/L","img":"https://fd13-photos.leclercdrive.fr/image.ashx?id=2684233&use=l&cat=p&typeid=i","cat":284608},{"id":225751,"n":"Shampoing Lissant Ultra Doux Cheveux longs - 250ml","p":2.42,"u":"9,68 €/L","img":"https://fd13-photos.leclercdrive.fr/image.ashx?id=2684236&use=l&cat=p&typeid=i","cat":284606},{"id":225752,"n":"Après-shampooing Garnier Ultra Doux - Eau de riz - 200ml","p":2.82,"u":"14,10 €/L","img":"https://fd13-photos.leclercdrive.fr/image.ashx?id=2684239&use=l&cat=p&typeid=i","cat":284607},{"id":225754,"n":"Bloc WC adhésif Harpic Hygienic & Fresh Brise marine - x2","p":2.38,"img":"https://fd13-photos.leclercdrive.fr/image.ashx?id=2683814&use=l&cat=p&typeid=i","cat":284662},{"id":225755,"n":"Crème dépilatoire Veet Men Peaux sensibles - 400ml","p":8.33,"u":"20,83 €/L","img":"https://fd13-photos.leclercdrive.fr/image.ashx?id=2785448&use=l&cat=p&typeid=i","cat":284617},{"id":225768,"n":"Protèges-slips Eco+ A plat -  Normal - x50","p":0.87,"u":"0,02 €/P","img":"https://fd13-photos.leclercdrive.fr/image.ashx?id=2824745&use=l&cat=p&typeid=i","cat":284625},{"id":225769,"n":"Change culottes Mots d'enfants T7 - 17kg - x15","p":5.15,"u":"0,34 €/P","img":"https://fd13-photos.leclercdrive.fr/image.ashx?id=2907249&use=l&cat=p&typeid=i","cat":290633},{"id":225770,"n":"Filtres à café Plantation N°2 - x80","p":1.08,"u":"0,01 €/P","img":"https://fd13-photos.leclercdrive.fr/image.ashx?id=2756940&use=l&cat=p&typeid=i","cat":284751},{"id":225771,"n":"Disque à démaquiller Inell Lavables - x5","p":4.99,"u":"1,00 €/P","img":"https://fd13-photos.leclercdrive.fr/image.ashx?id=2683496&use=l&cat=p&typeid=i","cat":285593},{"id":225781,"n":"Rouleau de laine Silex Bois - x40","p":4.18,"u":"0,10 €/P","img":"https://fd13-photos.leclercdrive.fr/image.ashx?id=2931862&use=l&cat=p&typeid=i","cat":300578},{"id":225784,"n":"Bandes de cire Veet Pure Froide - Aisselles - x16","p":5.13,"u":"0,32 €/P","img":"https://fd13-photos.leclercdrive.fr/image.ashx?id=2970795&use=l&cat=p&typeid=i","cat":325351},{"id":225785,"n":"Bandes de cire Veet Pure Jambes - x20","p":4.7,"u":"0,24 €/P","img":"https://fd13-photos.leclercdrive.fr/image.ashx?id=2964956&use=l&cat=p&typeid=i","cat":325351},{"id":225786,"n":"Lingettes Intima Regul'Active - x20","p":2.64,"u":"0,13 €/P","img":"https://fd13-photos.leclercdrive.fr/image.ashx?id=2689787&use=l&cat=p&typeid=i","cat":284627},{"id":225788,"n":"Recharge savon Dettol Karité - 250ml","p":3.6,"u":"14,40 €/L","img":"https://fd13-photos.leclercdrive.fr/image.ashx?id=2969016&use=l&cat=p&typeid=i","cat":284597},{"id":225789,"n":"Bandes de cire Veet Maillot - x16","p":4.98,"u":"0,31 €/P","img":"https://fd13-photos.leclercdrive.fr/image.ashx?id=2865662&use=l&cat=p&typeid=i","cat":325351},{"id":225793,"n":"Liquide vaisselle Paic Acti Froid - Menthe - 500ml","p":2.59,"u":"5,18 €/L","img":"https://fd13-photos.leclercdrive.fr/image.ashx?id=2684335&use=l&cat=p&typeid=i","cat":284655},{"id":225819,"n":"Canderel liquide 200 ml","p":2.76,"u":"13,80 €/L","img":"https://fd13-photos.leclercdrive.fr/image.ashx?id=2812828&use=l&cat=p&typeid=i","cat":324846},{"id":225869,"n":"Blanc de poulet nature Herta - 4 tranches - 120g","p":1.47,"u":"12,25 €/KG","img":"https://fd13-photos.leclercdrive.fr/image.ashx?id=2684961&use=l&cat=p&typeid=i","cat":316010},{"id":225891,"n":"Bière blonde 1664 5,5° - 18x25cl","p":11.4,"pp":8.55,"u":"1,90 €/L","img":"https://fd13-photos.leclercdrive.fr/image.ashx?id=2684931&use=l&cat=p&typeid=i","cat":334873},{"id":225931,"n":"Tuiles Monster Munch  Crazy barbecue - 150g","p":1.9,"u":"12,67 €/KG","img":"https://fd13-photos.leclercdrive.fr/image.ashx?id=2923993&use=l&cat=p&typeid=i","cat":287899},{"id":225933,"n":"Jus d'orange avec pulpe Montebelo - 1L","p":2.69,"u":"2,69 €/L","img":"https://fd13-photos.leclercdrive.fr/image.ashx?id=2743502&use=l&cat=p&typeid=i","cat":284354},{"id":225936,"n":"Jus d'orange sans pulpe Montebelo - 1L","p":2.69,"u":"2,69 €/L","img":"https://fd13-photos.leclercdrive.fr/image.ashx?id=2743505&use=l&cat=p&typeid=i","cat":284354},{"id":225939,"n":"Jus d'orange maracuja Montebelo - 1L","p":3.49,"u":"3,49 €/L","img":"https://fd13-photos.leclercdrive.fr/image.ashx?id=2896381&use=l&cat=p&typeid=i","cat":284354},{"id":226058,"n":"Emincés de poulet à la normande Marie - 300g","p":4.62,"u":"15,40 €/KG","img":"https://fd13-photos.leclercdrive.fr/image.ashx?id=2686825&use=l&cat=p&typeid=i","cat":333665},{"id":226059,"n":"Spaghetti à la bolognaise Marie - 300g","p":3.45,"u":"11,50 €/KG","img":"https://fd13-photos.leclercdrive.fr/image.ashx?id=2686828&use=l&cat=p&typeid=i","cat":333665},{"id":226061,"n":"Parmentier de canard Marie - 300g","p":4.89,"u":"16,30 €/KG","img":"https://fd13-photos.leclercdrive.fr/image.ashx?id=2686831&use=l&cat=p&typeid=i","cat":333665},{"id":226108,"n":"Chocolat Nesquik 800g","p":4.69,"u":"5,86 €/KG","img":"https://fd13-photos.leclercdrive.fr/image.ashx?id=3005377&use=l&cat=p&typeid=i","cat":293235},{"id":226122,"n":"Biscuits Delacre Cigarettes Russes - 230g","p":1.91,"u":"8,30 €/KG","img":"https://fd13-photos.leclercdrive.fr/image.ashx?id=2688833&use=l&cat=p&typeid=i","cat":284490},{"id":226129,"n":"Lentilles Bonduelle Lot de 3 - 265g","p":3.06,"u":"3,85 €/KG","img":"https://fd13-photos.leclercdrive.fr/image.ashx?id=2841253&use=l&cat=p&typeid=i","cat":312609},{"id":226134,"n":"Gel wc canard Fresh disc 1p","p":3.45,"img":"https://fd13-photos.leclercdrive.fr/image.ashx?id=2690093&use=l&cat=p&typeid=i","cat":284662},{"id":226145,"n":"Couches Pampers  Premium protection T5 - x102","p":47.95,"u":"0,47 €/P","img":"https://fd13-photos.leclercdrive.fr/image.ashx?id=2693216&use=l&cat=p&typeid=i","cat":284737},{"id":226153,"n":"Couches culottes Pampers Baby Dry - 126","p":47.1,"u":"0,37 €/P","img":"https://fd13-photos.leclercdrive.fr/image.ashx?id=2693237&use=l&cat=p&typeid=i","cat":290633},{"id":226206,"n":"Compote Materne Pommes d'Occitanie  - 1.2kg","p":4.85,"u":"4,04 €/KG","img":"https://fd13-photos.leclercdrive.fr/image.ashx?id=3003125&use=l&cat=p&typeid=i","cat":284416},{"id":226234,"n":"Semoule au lait La Laitière Vanille - 8x115g","p":2.99,"u":"3,25 €/KG","img":"https://fd13-photos.leclercdrive.fr/image.ashx?id=2692125&use=l&cat=p&typeid=i","cat":284418},{"id":226313,"n":"Purée d'amande bio Jardin Bio 170g","p":5.45,"u":"32,06 €/KG","img":"https://fd13-photos.leclercdrive.fr/image.ashx?id=2692533&use=l&cat=p&typeid=i","cat":284481},{"id":226319,"n":"Morceaux en sauce Edgard Cooper 85g","p":10.05,"u":"14,78 €/KG","img":"https://fd13-photos.leclercdrive.fr/image.ashx?id=2845026&use=l&cat=p&typeid=i","cat":285601},{"id":226323,"n":"Couscous Tipiak Familial - 630g","p":1.75,"u":"2,78 €/KG","img":"https://fd13-photos.leclercdrive.fr/image.ashx?id=2854624&use=l&cat=p&typeid=i","cat":284429},{"id":226334,"n":"Vinaigre de cidre breton NRT - 75cl","p":2.29,"u":"3,05 €/L","img":"https://fd13-photos.leclercdrive.fr/image.ashx?id=2856630&use=l&cat=p&typeid=i","cat":298543},{"id":226339,"n":"Sardines Parmentier Filet d'huile d'olive - 135g","p":1.75,"u":"12,96 €/KG","img":"https://fd13-photos.leclercdrive.fr/image.ashx?id=2826531&use=l&cat=p&typeid=i","cat":305146},{"id":226343,"n":"Barre de céréales Nature Valley  Crunchy caramel x8 - 160g","p":3.02,"u":"18,88 €/KG","img":"https://fd13-photos.leclercdrive.fr/image.ashx?id=2692797&use=l&cat=p&typeid=i","cat":300032},{"id":226345,"n":"Barre de céréales Nature Valley Crunchy avoine fruits x5- 210g","p":2.5,"u":"11,90 €/KG","img":"https://fd13-photos.leclercdrive.fr/image.ashx?id=2858699&use=l&cat=p&typeid=i","cat":300032},{"id":226346,"n":"Boisson Gazeuse Maison Perrier Forever Gingembre Citron 1L","p":0.95,"u":"0,95 €/L","img":"https://fd13-photos.leclercdrive.fr/image.ashx?id=2692818&use=l&cat=p&typeid=i","cat":284536},{"id":226348,"n":"Céréales P'tit Déli Caramel & Chocolat - 400g","p":2.12,"u":"5,30 €/KG","img":"https://fd13-photos.leclercdrive.fr/image.ashx?id=2691528&use=l&cat=p&typeid=i","cat":309513},{"id":226350,"n":"Boisson Gazeuse Maison Perrier Chic Lemonjito 4x25cl","p":2.9,"u":"2,90 €/L","img":"https://fd13-photos.leclercdrive.fr/image.ashx?id=2692809&use=l&cat=p&typeid=i","cat":284536},{"id":226352,"n":"Boisson énergisante Maison Perrier mûre - 4x25cl","p":3.09,"u":"3,09 €/L","img":"https://fd13-photos.leclercdrive.fr/image.ashx?id=2692815&use=l&cat=p&typeid=i","cat":284533},{"id":226354,"n":"Apéritif Spritz Villa Cardea 15% - 70cl","p":8.1,"u":"11,57 €/L","img":"https://fd13-photos.leclercdrive.fr/image.ashx?id=2695094&use=l&cat=p&typeid=i","cat":284551},{"id":226402,"n":"Lentilles Bonduelle - 265g","p":1.01,"u":"3,81 €/KG","img":"https://fd13-photos.leclercdrive.fr/image.ashx?id=2691992&use=l&cat=p&typeid=i","cat":312609},{"id":226403,"n":"Confiture Saint Mamet Myrtille - 310g","p":3.01,"u":"9,71 €/KG","img":"https://fd13-photos.leclercdrive.fr/image.ashx?id=2775526&use=l&cat=p&typeid=i","cat":284480},{"id":226406,"n":"Confiture Saint Mamet 310g","p":1.99,"u":"6,42 €/KG","img":"https://fd13-photos.leclercdrive.fr/image.ashx?id=2775416&use=l&cat=p&typeid=i","cat":284480},{"id":226408,"n":"Confiture de fraise Saint Mamet 310g","p":2.01,"u":"6,48 €/KG","img":"https://fd13-photos.leclercdrive.fr/image.ashx?id=2775413&use=l&cat=p&typeid=i","cat":284480},{"id":226411,"n":"Filets  maquereaux Petit Navire 95g","p":2.36,"u":"24,84 €/KG","img":"https://fd13-photos.leclercdrive.fr/image.ashx?id=2693470&use=l&cat=p&typeid=i","cat":303868},{"id":226412,"n":"Barre de céréales Nature Valley  Protéine cranberries x4 -160g","p":2.87,"u":"17,94 €/KG","img":"https://fd13-photos.leclercdrive.fr/image.ashx?id=2693869&use=l&cat=p&typeid=i","cat":285869},{"id":226434,"n":"Bonbons Bool's poom  180g","p":1.8,"u":"10,00 €/KG","img":"https://fd13-photos.leclercdrive.fr/image.ashx?id=2693701&use=l&cat=p&typeid=i","cat":304250},{"id":226438,"n":"Soda Coca-Cola Original Canette - Pack 6x20CL","p":3.73,"u":"3,11 €/L","img":"https://fd13-photos.leclercdrive.fr/image.ashx?id=2766571&use=l&cat=p&typeid=i","cat":284530},{"id":226443,"n":"Miel Tradition 1912 200g","p":1.6,"u":"8,00 €/KG","img":"https://fd13-photos.leclercdrive.fr/image.ashx?id=2803763&use=l&cat=p&typeid=i","cat":287643},{"id":226452,"n":"Madeleines Ker Cadelac x27 - 445g","p":2.56,"u":"5,75 €/KG","img":"https://fd13-photos.leclercdrive.fr/image.ashx?id=2745658&use=l&cat=p&typeid=i","cat":284492},{"id":226470,"n":"Parfum de linge billes Lenor Fraîcheur de coton - 165g","p":5.74,"u":"34,79 €/KG","img":"https://fd13-photos.leclercdrive.fr/image.ashx?id=2693267&use=l&cat=p&typeid=i","cat":325302},{"id":226489,"n":"Speculoos Lotus Biscoff 8x125g","p":5.85,"u":"5,85 €/KG","img":"https://fd13-photos.leclercdrive.fr/image.ashx?id=2861749&use=l&cat=p&typeid=i","cat":284487},{"id":226493,"n":"G&T sans alcool Sir James 25cl","p":1.95,"u":"7,80 €/L","img":"https://fd13-photos.leclercdrive.fr/image.ashx?id=2902445&use=l&cat=p&typeid=i","cat":284549},{"id":226496,"n":"Biscuit Lotus Biscoff Speculoos Original Pocket 186g (12x2p)","p":1.42,"u":"7,63 €/KG","img":"https://fd13-photos.leclercdrive.fr/image.ashx?id=2695004&use=l&cat=p&typeid=i","cat":284487},{"id":226510,"n":"Biscuits BN Chocolats -570g","p":2.35,"img":"https://fd13-photos.leclercdrive.fr/image.ashx?id=2693509&use=l&cat=p&typeid=i","cat":284488},{"id":226514,"n":"Filet de cabillaud Fish & Chips L'Atelier Poissonnerie - 200g","p":3.89,"u":"19,45 €/KG","img":"https://fd13-photos.leclercdrive.fr/image.ashx?id=2714456&use=l&cat=p&typeid=i","cat":284344},{"id":226523,"n":"Bisuits roudor Saint Michel 150g","p":1.14,"u":"7,60 €/KG","img":"https://fd13-photos.leclercdrive.fr/image.ashx?id=3001982&use=l&cat=p&typeid=i","cat":284487},{"id":226528,"n":"Olives vertes Tramier Dénoyautées - 160g","p":2.16,"u":"13,50 €/KG","img":"https://fd13-photos.leclercdrive.fr/image.ashx?id=2988309&use=l&cat=p&typeid=i","cat":284450},{"id":226532,"n":"Olives noires Tramier  Denoyautées - 100g","p":1.79,"u":"17,90 €/KG","img":"https://fd13-photos.leclercdrive.fr/image.ashx?id=2693458&use=l&cat=p&typeid=i","cat":284450},{"id":226534,"n":"Huile de tournesol Tramier  1L","p":5.59,"u":"5,59 €/L","img":"https://fd13-photos.leclercdrive.fr/image.ashx?id=2695097&use=l&cat=p&typeid=i","cat":284453},{"id":226538,"n":"Huile d'olive Terra Delyssa Vierge extra - 75cl","p":7.28,"u":"9,71 €/L","img":"https://fd13-photos.leclercdrive.fr/image.ashx?id=2849256&use=l&cat=p&typeid=i","cat":284453},{"id":226547,"n":"Compotes Pom'Potes Gourdes Pomme pêche kiwi jaune - 4x90g","p":2.27,"u":"6,31 €/KG","img":"https://fd13-photos.leclercdrive.fr/image.ashx?id=3014419&use=l&cat=p&typeid=i","cat":284508},{"id":226554,"n":"Petit déjeuner Gullon Avoine Fourrage Chocolat 220g","p":2.39,"u":"10,86 €/KG","img":"https://fd13-photos.leclercdrive.fr/image.ashx?id=2698102&use=l&cat=p&typeid=i","cat":318651},{"id":226557,"n":"Petit déjeuner Gullon Céréales Fruits rouges - yaourt - 220g","p":2.39,"u":"10,86 €/KG","img":"https://fd13-photos.leclercdrive.fr/image.ashx?id=2698099&use=l&cat=p&typeid=i","cat":318651},{"id":226583,"n":"Boisson gazeuse Maison Perrier Magnetic Juice Fraise 4x25cl","p":3.0,"u":"3,00 €/L","img":"https://fd13-photos.leclercdrive.fr/image.ashx?id=2887314&use=l&cat=p&typeid=i","cat":284536},{"id":226591,"n":"Glace cone Extreme  Lemon cheesecake  x6 - 426g","p":3.82,"u":"8,97 €/KG","img":"https://fd13-photos.leclercdrive.fr/image.ashx?id=2732950&use=l&cat=p&typeid=i","cat":284264},{"id":226593,"n":"Croustis chèvres Soignon 100g","p":1.94,"u":"19,40 €/KG","img":"https://fd13-photos.leclercdrive.fr/image.ashx?id=2769729&use=l&cat=p&typeid=i","cat":314027},{"id":226622,"n":"Biberon + poignées col large Serenity+ Nuk - 360ml","p":6.8,"img":"https://fd13-photos.leclercdrive.fr/image.ashx?id=2694554&use=l&cat=p&typeid=i","cat":284742},{"id":226630,"n":"Biberon col large Serenity+ Nuk Rose - 300ml","p":6.0,"img":"https://fd13-photos.leclercdrive.fr/image.ashx?id=2694545&use=l&cat=p&typeid=i","cat":284742},{"id":226636,"n":"Déodorant Homme Adidas Fresh Endurance - 150ml","p":3.0,"u":"20,00 €/L","img":"https://fd13-photos.leclercdrive.fr/image.ashx?id=2990772&use=l&cat=p&typeid=i","cat":284618},{"id":226644,"n":"Biberon col large Serenity+ Nuk 6-18 mois - 360ml","p":7.0,"img":"https://fd13-photos.leclercdrive.fr/image.ashx?id=2694548&use=l&cat=p&typeid=i","cat":284742},{"id":226646,"n":"Boisson Gazeuse Maison Perrier Forever Citron Vert 1L","p":0.98,"u":"0,98 €/L","img":"https://fd13-photos.leclercdrive.fr/image.ashx?id=2695103&use=l&cat=p&typeid=i","cat":284536},{"id":226657,"n":"Boisson Gazeuse Maison Perrier Forever Citron 1L","p":1.04,"u":"1,04 €/L","img":"https://fd13-photos.leclercdrive.fr/image.ashx?id=2887311&use=l&cat=p&typeid=i","cat":284536},{"id":226659,"n":"Boisson Gazeuse Maison Perrier Forever Orange 1L","p":0.98,"u":"0,98 €/L","img":"https://fd13-photos.leclercdrive.fr/image.ashx?id=2695106&use=l&cat=p&typeid=i","cat":284536},{"id":226661,"n":"Boisson Gazeuse Maison Perrier Forever Menthe 1L","p":0.98,"u":"0,98 €/L","img":"https://fd13-photos.leclercdrive.fr/image.ashx?id=2695112&use=l&cat=p&typeid=i","cat":284536},{"id":226663,"n":"Boisson Gazeuse Maison Perrier Forever Citron 6x50cl","p":3.96,"u":"1,32 €/L","img":"https://fd13-photos.leclercdrive.fr/image.ashx?id=2695100&use=l&cat=p&typeid=i","cat":284536},{"id":226664,"n":"Boisson Gazeuse Maison Perrier Forever Citron Vert 6x50cl","p":3.96,"u":"1,32 €/L","img":"https://fd13-photos.leclercdrive.fr/image.ashx?id=2695109&use=l&cat=p&typeid=i","cat":284536},{"id":226667,"n":"Boisson Gazeuse Maison Perrier Forever Citron 6x33cl","p":3.16,"u":"1,60 €/L","img":"https://fd13-photos.leclercdrive.fr/image.ashx?id=2878447&use=l&cat=p&typeid=i","cat":284536},{"id":226668,"n":"Boisson Gazeuse Maison Perrier Forever Citron Vert 6x33cl","p":3.16,"u":"1,60 €/L","img":"https://fd13-photos.leclercdrive.fr/image.ashx?id=2887308&use=l&cat=p&typeid=i","cat":284536},{"id":226674,"n":"Shampoing Nourrissant 2en1 Dop Cheveux secs ou frisés - 400ml","p":1.95,"u":"4,88 €/L","img":"https://fd13-photos.leclercdrive.fr/image.ashx?id=2704110&use=l&cat=p&typeid=i","cat":284606},{"id":226735,"n":"Capsules lave-vaisselle Fairy  Propreté intense x25 - 372g","p":10.55,"u":"28,36 €/KG","img":"https://fd13-photos.leclercdrive.fr/image.ashx?id=2695139&use=l&cat=p&typeid=i","cat":284656},{"id":226736,"n":"Capsules lave-vaisselle Fairy  Platinium+ Citron x39 - 481g","p":13.74,"u":"28,57 €/KG","img":"https://fd13-photos.leclercdrive.fr/image.ashx?id=2695142&use=l&cat=p&typeid=i","cat":284656},{"id":226742,"n":"Capsules lave-vaisselle Fairy  Tout en 1 Original x22 - 297g","p":9.83,"u":"33,10 €/KG","img":"https://fd13-photos.leclercdrive.fr/image.ashx?id=2737873&use=l&cat=p&typeid=i","cat":284656},{"id":226776,"n":"Thé noir fruits rouges Lipton 20 sachets - 30g","p":1.76,"u":"58,67 €/KG","img":"https://fd13-photos.leclercdrive.fr/image.ashx?id=2695359&use=l&cat=p&typeid=i","cat":293233},{"id":226777,"n":"Thé noir vanille et caramel 20 sachets - 34g","p":2.64,"u":"77,65 €/KG","img":"https://fd13-photos.leclercdrive.fr/image.ashx?id=2736703&use=l&cat=p&typeid=i","cat":293233},{"id":226781,"n":"Thé noir pêche mangue Lipton 20 sachets - 34g","p":2.45,"u":"72,06 €/KG","img":"https://fd13-photos.leclercdrive.fr/image.ashx?id=2695362&use=l&cat=p&typeid=i","cat":293233},{"id":226787,"n":"Parfum de linge billes Lenor Fraîcheur coton x19 doses 235g","p":7.86,"u":"33,45 €/KG","img":"https://fd13-photos.leclercdrive.fr/image.ashx?id=2863012&use=l&cat=p&typeid=i","cat":325302},{"id":226794,"n":"Glace cône Extreme  Choco caramel toffee  x6 - 426g","p":3.64,"u":"8,54 €/KG","img":"https://fd13-photos.leclercdrive.fr/image.ashx?id=2741078&use=l&cat=p&typeid=i","cat":284264},{"id":226796,"n":"Parfum de linge billes Lenor  Fleur de soie pivoine x19 doses","p":7.97,"u":"33,91 €/KG","img":"https://fd13-photos.leclercdrive.fr/image.ashx?id=2863015&use=l&cat=p&typeid=i","cat":325302},{"id":226797,"n":"Parfum de linge billes Lenor  Bouquet floral - x19 doses","p":7.79,"u":"33,15 €/KG","img":"https://fd13-photos.leclercdrive.fr/image.ashx?id=2839454&use=l&cat=p&typeid=i","cat":325302},{"id":226799,"n":"Parfum de linge billes Lenor Envolée d'air - x19 doses","p":6.68,"u":"28,43 €/KG","img":"https://fd13-photos.leclercdrive.fr/image.ashx?id=2839460&use=l&cat=p&typeid=i","cat":325302},{"id":226813,"n":"Déodorant stick Sanex  Zéro% Sensitive - 65ml","p":3.0,"u":"46,15 €/L","img":"https://fd13-photos.leclercdrive.fr/image.ashx?id=2745415&use=l&cat=p&typeid=i","cat":284595},{"id":226818,"n":"Dentifrice Sensodyne Soin  complet Triple action - 75ml","p":4.07,"u":"54,27 €/L","img":"https://fd13-photos.leclercdrive.fr/image.ashx?id=2997778&use=l&cat=p&typeid=i","cat":284612},{"id":226819,"n":"Dentifrice Sensodyne Soin gencives Triple action - 75ml","p":3.99,"u":"53,20 €/L","img":"https://fd13-photos.leclercdrive.fr/image.ashx?id=3000384&use=l&cat=p&typeid=i","cat":284612},{"id":226824,"n":"Dentifrice Sensodyne Soin  Blancheur naturelle 24h - 75ml","p":4.02,"u":"53,60 €/L","img":"https://fd13-photos.leclercdrive.fr/image.ashx?id=2694944&use=l&cat=p&typeid=i","cat":284612},{"id":226825,"n":"Dentifrice Sensodyne Répare & protège Novamin - 75ml","p":4.59,"u":"61,20 €/L","img":"https://fd13-photos.leclercdrive.fr/image.ashx?id=2694947&use=l&cat=p&typeid=i","cat":284612},{"id":226827,"n":"Nettoyant Machine Sun Lave Vaisselle 3 Doses","p":4.89,"u":"40,75 €/KG","img":"https://fd13-photos.leclercdrive.fr/image.ashx?id=2738710&use=l&cat=p&typeid=i","cat":284657},{"id":226829,"n":"Dentifrice Sensodyne Répare & protège extra fresh - 75ml","p":5.21,"u":"69,47 €/L","img":"https://fd13-photos.leclercdrive.fr/image.ashx?id=2694956&use=l&cat=p&typeid=i","cat":284612},{"id":226830,"n":"Dentifrice Sensodyne Répare & protège Blancheur - 75ml","p":4.49,"u":"59,87 €/L","img":"https://fd13-photos.leclercdrive.fr/image.ashx?id=2872955&use=l&cat=p&typeid=i","cat":284612},{"id":226831,"n":"Nettoyant machine Sun Pendant le cycle x4 - 60g","p":5.29,"u":"11,02 €/KG","img":"https://fd13-photos.leclercdrive.fr/image.ashx?id=2738713&use=l&cat=p&typeid=i","cat":284657},{"id":226856,"n":"P'tit onctueux pêche Nestlé sans sucres ajoutés - 4x90g","p":1.99,"u":"5,53 €/KG","img":"https://fd13-photos.leclercdrive.fr/image.ashx?id=2695124&use=l&cat=p&typeid=i","cat":312392},{"id":226876,"n":"P'tit brassé banane Nestlé mangue sans sucre - 4x90g","p":2.17,"u":"6,03 €/KG","img":"https://fd13-photos.leclercdrive.fr/image.ashx?id=2696133&use=l&cat=p&typeid=i","cat":312392},{"id":226878,"n":"Gourdes Nestlé Naturnes Fruitées - 360g","p":6.85,"u":"10,87 €/KG","img":"https://fd13-photos.leclercdrive.fr/image.ashx?id=2696136&use=l&cat=p&typeid=i","cat":312393},{"id":226879,"n":"Pate tomate colin Naturnes Dès 6 mois - 2x90g","p":2.3,"u":"12,78 €/KG","img":"https://fd13-photos.leclercdrive.fr/image.ashx?id=2696139&use=l&cat=p&typeid=i","cat":312235},{"id":226881,"n":"Infusion detox Pukka Fruits rouges x20 - 34g","p":4.5,"pp":2.97,"u":"87,35 €/KG","img":"https://fd13-photos.leclercdrive.fr/image.ashx?id=2859803&use=l&cat=p&typeid=i","cat":293234},{"id":226882,"n":"Chocolat en poudre Nesquik 300g","p":2.87,"u":"9,57 €/KG","img":"https://fd13-photos.leclercdrive.fr/image.ashx?id=3005374&use=l&cat=p&typeid=i","cat":293235},{"id":226899,"n":"Mini bille chocolaté M&Ms 176g","p":2.48,"u":"14,09 €/KG","img":"https://fd13-photos.leclercdrive.fr/image.ashx?id=3009074&use=l&cat=p&typeid=i","cat":304238},{"id":226910,"n":"Dragées chocolatées M&M's 340g","p":4.81,"u":"14,15 €/KG","img":"https://fd13-photos.leclercdrive.fr/image.ashx?id=3003399&use=l&cat=p&typeid=i","cat":304238},{"id":226911,"n":"Bille au chocolat Maltesers 400g","p":5.64,"u":"14,10 €/KG","img":"https://fd13-photos.leclercdrive.fr/image.ashx?id=2976050&use=l&cat=p&typeid=i","cat":304238},{"id":226971,"n":"Sun Tablettes Lave-Vaisselle Tout en 1 Expert Plus x40","p":7.9,"u":"11,29 €/KG","img":"https://fd13-photos.leclercdrive.fr/image.ashx?id=2942012&use=l&cat=p&typeid=i","cat":284656},{"id":226975,"n":"Crème de douche Corine de Farme Soin nourrissant - Monoï 500ml","p":3.33,"u":"6,66 €/L","img":"https://fd13-photos.leclercdrive.fr/image.ashx?id=2696613&use=l&cat=p&typeid=i","cat":284594},{"id":226976,"n":"Soin visage Gel Crème Repulpant Revitalift Filler - 50ml","p":18.0,"u":"360,00 €/L","img":"https://fd13-photos.leclercdrive.fr/image.ashx?id=2867542&use=l&cat=p&typeid=i","cat":325345},{"id":226978,"n":"Crème Anti-Âge Rose Re-Fortifiant - 50ml","p":11.97,"pp":7.9,"u":"158,00 €/L","img":"https://fd13-photos.leclercdrive.fr/image.ashx?id=2757425&use=l&cat=p&typeid=i","cat":325345},{"id":227070,"n":"Thé glacé pétillant Lipton Ice Tea pêche - bouteille 1.25L","p":1.5,"u":"1,20 €/L","img":"https://fd13-photos.leclercdrive.fr/image.ashx?id=2887704&use=l&cat=p&typeid=i","cat":295019},{"id":227071,"n":"Thé pétillant Lipton Ice Tea Citron citron vert - 1.25L","p":1.52,"u":"1,22 €/L","img":"https://fd13-photos.leclercdrive.fr/image.ashx?id=2887707&use=l&cat=p&typeid=i","cat":295019},{"id":227135,"n":"Déodorant Homme Sanex Protect invisible - 200ml","p":3.97,"u":"19,85 €/L","img":"https://fd13-photos.leclercdrive.fr/image.ashx?id=2699014&use=l&cat=p&typeid=i","cat":284618},{"id":227153,"n":"Couches Carryboo de nos Régions Couches locales Taille 2 - x 50","p":15.17,"u":"0,30 €/P","img":"https://fd13-photos.leclercdrive.fr/image.ashx?id=2969245&use=l&cat=p&typeid=i","cat":284737},{"id":227154,"n":"Couches Carryboo de nos Régions Couches locales Taille 3 - x50","p":15.04,"u":"0,30 €/P","img":"https://fd13-photos.leclercdrive.fr/image.ashx?id=2833801&use=l&cat=p&typeid=i","cat":284737},{"id":227155,"n":"Couche Carryboo de nos Régions Couches locales Taille 4 - x44","p":14.42,"u":"0,33 €/P","img":"https://fd13-photos.leclercdrive.fr/image.ashx?id=2787404&use=l&cat=p&typeid=i","cat":284737},{"id":227158,"n":"Couches Carryboo de nos Régions Couches locales Taille 4+ - x42","p":15.3,"u":"0,36 €/P","img":"https://fd13-photos.leclercdrive.fr/image.ashx?id=2787407&use=l&cat=p&typeid=i","cat":284737},{"id":227159,"n":"Couche Carryboo de nos Régions Couches locales Taille 5 - x40","p":14.79,"u":"0,37 €/P","img":"https://fd13-photos.leclercdrive.fr/image.ashx?id=2805486&use=l&cat=p&typeid=i","cat":284737},{"id":227165,"n":"Serum Acide Hyaluronique Mixa 30mL","p":10.77,"u":"359,00 €/L","img":"https://fd13-photos.leclercdrive.fr/image.ashx?id=2698711&use=l&cat=p&typeid=i","cat":325345},{"id":227166,"n":"Sérum Anti-tâches Vitamine C Mixa 30 mL","p":10.5,"u":"350,00 €/L","img":"https://fd13-photos.leclercdrive.fr/image.ashx?id=2698714&use=l&cat=p&typeid=i","cat":325345},{"id":227167,"n":"Serum anti-imperfections Niacinamide Mixa 30mL","p":10.68,"u":"356,00 €/L","img":"https://fd13-photos.leclercdrive.fr/image.ashx?id=2698717&use=l&cat=p&typeid=i","cat":325345},{"id":227206,"n":"Lait Corps Satinant Mixa 400mL","p":4.85,"u":"12,13 €/L","img":"https://fd13-photos.leclercdrive.fr/image.ashx?id=2698696&use=l&cat=p&typeid=i","cat":325349},{"id":227298,"n":"Biscuits sablés McVitie's  Flocon avoine chocolat 300g","p":2.11,"u":"7,03 €/KG","img":"https://fd13-photos.leclercdrive.fr/image.ashx?id=2700641&use=l&cat=p&typeid=i","cat":284487},{"id":227318,"n":"P'tite Céréale Nestlé Vanille - 415g","p":2.79,"u":"6,72 €/KG","img":"https://fd13-photos.leclercdrive.fr/image.ashx?id=2700773&use=l&cat=p&typeid=i","cat":312225},{"id":227320,"n":"Céréales Nesquik 675g","p":4.51,"u":"6,68 €/KG","img":"https://fd13-photos.leclercdrive.fr/image.ashx?id=2971434&use=l&cat=p&typeid=i","cat":309513},{"id":227323,"n":"Céréales Crunch Nestlé 675g","p":4.45,"u":"6,59 €/KG","img":"https://fd13-photos.leclercdrive.fr/image.ashx?id=2949085&use=l&cat=p&typeid=i","cat":309513},{"id":227329,"n":"P'tite céréale Nestlé 415g","p":2.94,"u":"7,08 €/KG","img":"https://fd13-photos.leclercdrive.fr/image.ashx?id=2700770&use=l&cat=p&typeid=i","cat":312225},{"id":227331,"n":"P'tite céréales Nestlé Cacao - 415g","p":2.62,"u":"6,31 €/KG","img":"https://fd13-photos.leclercdrive.fr/image.ashx?id=2700767&use=l&cat=p&typeid=i","cat":312225},{"id":227339,"n":"Capsules Nescafé Dolce Gusto  Lungo - x16","p":4.51,"u":"50,11 €/KG","img":"https://fd13-photos.leclercdrive.fr/image.ashx?id=2907716&use=l&cat=p&typeid=i","cat":293239},{"id":227341,"n":"Céréales Lion Nestlé 1.05kg","p":5.88,"u":"5,88 €/KG","img":"https://fd13-photos.leclercdrive.fr/image.ashx?id=2995433&use=l&cat=p&typeid=i","cat":309513},{"id":227347,"n":"Déodorant Spray L'Oréal Paris Men Expert 48h - 150ml","p":2.43,"u":"16,20 €/L","img":"https://fd13-photos.leclercdrive.fr/image.ashx?id=2802509&use=l&cat=p&typeid=i","cat":284618},{"id":227349,"n":"Déodorant Bille 48h Ushuaïa Monoï Tiare - 50ml","p":2.79,"u":"55,80 €/L","img":"https://fd13-photos.leclercdrive.fr/image.ashx?id=2739315&use=l&cat=p&typeid=i","cat":284595},{"id":227351,"n":"Déodorant compressé 48h Ushuaïa Monoï de Polynésie - 100ml","p":3.3,"u":"33,00 €/L","img":"https://fd13-photos.leclercdrive.fr/image.ashx?id=2763580&use=l&cat=p&typeid=i","cat":284595},{"id":227352,"n":"Céréales Chocapic  645g","p":4.49,"u":"6,96 €/KG","img":"https://fd13-photos.leclercdrive.fr/image.ashx?id=2977732&use=l&cat=p&typeid=i","cat":309513},{"id":227372,"n":"Céréales Lion 675g","p":4.48,"u":"6,64 €/KG","img":"https://fd13-photos.leclercdrive.fr/image.ashx?id=2997256&use=l&cat=p&typeid=i","cat":309513},{"id":227373,"n":"Gelée de viande Eco+ 12x100g","p":2.99,"u":"2,49 €/KG","img":"https://fd13-photos.leclercdrive.fr/image.ashx?id=2744216&use=l&cat=p&typeid=i","cat":285286},{"id":227374,"n":"Céréales Chocapic 375g","p":2.85,"u":"7,60 €/KG","img":"https://fd13-photos.leclercdrive.fr/image.ashx?id=2977408&use=l&cat=p&typeid=i","cat":309513},{"id":227375,"n":"Capsule Nescafé Farmers Origins  Brazil Int 8 - x10","p":2.89,"u":"65,68 €/KG","img":"https://fd13-photos.leclercdrive.fr/image.ashx?id=2952166&use=l&cat=p&typeid=i","cat":284749},{"id":227376,"n":"Croquette Friskies Vitafit  Boeuf - 3kg","p":7.13,"u":"2,38 €/KG","img":"https://fd13-photos.leclercdrive.fr/image.ashx?id=2986999&use=l&cat=p&typeid=i","cat":284672},{"id":227377,"n":"Croquette Friskies Vitafit Boeuf - 12kg","p":24.95,"img":"https://fd13-photos.leclercdrive.fr/image.ashx?id=2986984&use=l&cat=p&typeid=i","cat":284672},{"id":227378,"n":"Croquettes Friskies junior Poulet & legumes - 1.5kg","p":5.37,"u":"3,58 €/KG","img":"https://fd13-photos.leclercdrive.fr/image.ashx?id=2699612&use=l&cat=p&typeid=i","cat":284680},{"id":227381,"n":"Croquettes Friskies Vitafit Poulet & legumes - 3kg","p":7.23,"u":"2,41 €/KG","img":"https://fd13-photos.leclercdrive.fr/image.ashx?id=2986981&use=l&cat=p&typeid=i","cat":284672},{"id":227391,"n":"Croquettes Friskies Saumon & legumes - 3 kg","p":10.22,"u":"3,41 €/KG","img":"https://fd13-photos.leclercdrive.fr/image.ashx?id=2940615&use=l&cat=p&typeid=i","cat":284680},{"id":227397,"n":"Croquettes Friskies  Dinde & legumes - 1.5kg","p":5.37,"u":"3,58 €/KG","img":"https://fd13-photos.leclercdrive.fr/image.ashx?id=2699621&use=l&cat=p&typeid=i","cat":284680},{"id":227400,"n":"Croquettes chat Friskies Saumon et legumes - 1.5 kg","p":5.39,"u":"3,59 €/KG","img":"https://fd13-photos.leclercdrive.fr/image.ashx?id=2940600&use=l&cat=p&typeid=i","cat":284680},{"id":227406,"n":"Déodorant stick Rexona Sensitive dry - 45ml","p":5.6,"u":"124,44 €/L","img":"https://fd13-photos.leclercdrive.fr/image.ashx?id=2906880&use=l&cat=p&typeid=i","cat":284595},{"id":227408,"n":"Riz basmati Taureau Ailé 220g","p":1.75,"u":"7,95 €/KG","img":"https://fd13-photos.leclercdrive.fr/image.ashx?id=2916330&use=l&cat=p&typeid=i","cat":287600},{"id":227410,"n":"Gel douche Le Petit Marseillais Mimosa et Citron bio - 250ml","p":1.84,"u":"7,36 €/L","img":"https://fd13-photos.leclercdrive.fr/image.ashx?id=2700500&use=l&cat=p&typeid=i","cat":284594},{"id":227413,"n":"Semelles GelActiv' Scholl Décontracté - Taille 1","p":15.9,"img":"https://fd13-photos.leclercdrive.fr/image.ashx?id=2700665&use=l&cat=p&typeid=i","cat":325354},{"id":227414,"n":"Semelles GelActiv' Scholl Décontracté - Taille 2 - x1","p":15.9,"img":"https://fd13-photos.leclercdrive.fr/image.ashx?id=2700668&use=l&cat=p&typeid=i","cat":325354},{"id":227418,"n":"Gel détartrant WC Net Détartrant total - 750ml","p":2.51,"u":"3,35 €/L","img":"https://fd13-photos.leclercdrive.fr/image.ashx?id=2702118&use=l&cat=p&typeid=i","cat":284662},{"id":227419,"n":"Gel Energy WC Net Javel - Action immédiate 750ml","p":2.73,"u":"3,64 €/L","img":"https://fd13-photos.leclercdrive.fr/image.ashx?id=2791659&use=l&cat=p&typeid=i","cat":284662},{"id":227424,"n":"Etuis mouchoirs Lotus Compact+ - x18","p":2.39,"img":"https://fd13-photos.leclercdrive.fr/image.ashx?id=2988680&use=l&cat=p&typeid=i","cat":284638},{"id":227425,"n":"Boîte mouchoirs Lotus Classic+ - Pur Blanc - x80","p":1.5,"img":"https://fd13-photos.leclercdrive.fr/image.ashx?id=2700698&use=l&cat=p&typeid=i","cat":284638},{"id":227445,"n":"Riz basmati Taureau Ailé Nature - 220g","p":1.71,"u":"7,77 €/KG","img":"https://fd13-photos.leclercdrive.fr/image.ashx?id=2916327&use=l&cat=p&typeid=i","cat":287600},{"id":227448,"n":"Céréales Crunch 375g","p":2.73,"u":"7,28 €/KG","img":"https://fd13-photos.leclercdrive.fr/image.ashx?id=2939760&use=l&cat=p&typeid=i","cat":309513},{"id":227494,"n":"Pâté de campagne Guyader Breton - 160g","p":3.29,"u":"20,56 €/KG","img":"https://fd13-photos.leclercdrive.fr/image.ashx?id=2711725&use=l&cat=p&typeid=i","cat":316008},{"id":227497,"n":"Pâté de campagne Guyader Poivre vert - 160g","p":2.79,"u":"17,44 €/KG","img":"https://fd13-photos.leclercdrive.fr/image.ashx?id=2711112&use=l&cat=p&typeid=i","cat":316008},{"id":227498,"n":"Pâté de campagne Guyader Au piment d'Espelette - 160g","p":2.77,"u":"17,31 €/KG","img":"https://fd13-photos.leclercdrive.fr/image.ashx?id=2711109&use=l&cat=p&typeid=i","cat":316008},{"id":227505,"n":"Mini haché de porc Henaff Tomate basilic x6 - 240g","p":4.48,"u":"18,67 €/KG","img":"https://fd13-photos.leclercdrive.fr/image.ashx?id=2700494&use=l&cat=p&typeid=i","cat":284332},{"id":227506,"n":"Capsule Nescafé Farmers Origins  India Int 9 - x18","p":4.53,"u":"57,34 €/KG","img":"https://fd13-photos.leclercdrive.fr/image.ashx?id=2700791&use=l&cat=p&typeid=i","cat":284749},{"id":227516,"n":"Chips Savour Cheddar & Ciboulette - 120g","p":1.75,"u":"14,58 €/KG","img":"https://fd13-photos.leclercdrive.fr/image.ashx?id=2743819&use=l&cat=p&typeid=i","cat":284447},{"id":227528,"n":"Chips Lay's Poulet - 135g","p":1.33,"u":"9,85 €/KG","img":"https://fd13-photos.leclercdrive.fr/image.ashx?id=2995079&use=l&cat=p&typeid=i","cat":284447},{"id":227532,"n":"Chips Lay's Barbecue - 250g","p":1.98,"u":"7,92 €/KG","img":"https://fd13-photos.leclercdrive.fr/image.ashx?id=2994488&use=l&cat=p&typeid=i","cat":284447},{"id":227534,"n":"Chips Lay's Barbecue - 135g","p":1.25,"u":"9,26 €/KG","img":"https://fd13-photos.leclercdrive.fr/image.ashx?id=2994485&use=l&cat=p&typeid=i","cat":284447},{"id":227542,"n":"Croquettes pour chien Friskies Vitafit 12kg","p":24.6,"u":"2,05 €/KG","img":"https://fd13-photos.leclercdrive.fr/image.ashx?id=2986987&use=l&cat=p&typeid=i","cat":284672},{"id":227562,"n":"Culottes Fuites urinaires Always Discreet Taille L- x9","p":9.52,"u":"1,06 €/P","img":"https://fd13-photos.leclercdrive.fr/image.ashx?id=2927038&use=l&cat=p&typeid=i","cat":284628},{"id":227563,"n":"Serviettes Fuites urinaires  Always Discreet - Normal - x30","p":9.92,"u":"0,33 €/P","img":"https://fd13-photos.leclercdrive.fr/image.ashx?id=2700806&use=l&cat=p&typeid=i","cat":284628},{"id":227590,"n":"Jambon cru Aoste Les Fines  Et fondantes 10 tranches - 167g","p":5.54,"u":"33,17 €/KG","img":"https://fd13-photos.leclercdrive.fr/image.ashx?id=2700455&use=l&cat=p&typeid=i","cat":316007},{"id":227592,"n":"Jambon cru Serrano Aoste 6 tranches - 100g","p":3.54,"u":"35,40 €/KG","img":"https://fd13-photos.leclercdrive.fr/image.ashx?id=2937184&use=l&cat=p&typeid=i","cat":316007},{"id":227593,"n":"Jambon cru Speck Aoste 8 tranches - 100g","p":3.59,"u":"35,90 €/KG","img":"https://fd13-photos.leclercdrive.fr/image.ashx?id=2701262&use=l&cat=p&typeid=i","cat":316007},{"id":227595,"n":"Jambon Fleury Michon  Simplement Bon x10 - 350g","p":4.0,"u":"11,43 €/KG","img":"https://fd13-photos.leclercdrive.fr/image.ashx?id=2842699&use=l&cat=p&typeid=i","cat":316009},{"id":227600,"n":"Croquettes chat Friskies Boeuf, poulet et légumes - 3kg","p":9.72,"u":"3,24 €/KG","img":"https://fd13-photos.leclercdrive.fr/image.ashx?id=2940603&use=l&cat=p&typeid=i","cat":284680},{"id":227603,"n":"Croquettes chat stérilisé Friskies Agneau légumes - 1.5kg","p":5.65,"u":"3,77 €/KG","img":"https://fd13-photos.leclercdrive.fr/image.ashx?id=2701064&use=l&cat=p&typeid=i","cat":284680},{"id":227605,"n":"Croquettes petit chien Friskies Poulet & légumes - 1.5kg","p":5.05,"u":"3,37 €/KG","img":"https://fd13-photos.leclercdrive.fr/image.ashx?id=2986314&use=l&cat=p&typeid=i","cat":294526},{"id":227608,"n":"Croquettes Friskies Junior  Poulet avec du lait - 3kg","p":7.5,"u":"2,50 €/KG","img":"https://fd13-photos.leclercdrive.fr/image.ashx?id=2986900&use=l&cat=p&typeid=i","cat":284672},{"id":227612,"n":"Croquettes chien light Friskies Poulet & légumes - 3kg","p":7.5,"u":"2,50 €/KG","img":"https://fd13-photos.leclercdrive.fr/image.ashx?id=2987002&use=l&cat=p&typeid=i","cat":284672},{"id":227626,"n":"Barres chocolatées Mars  x7 - 315g","p":2.89,"u":"9,17 €/KG","img":"https://fd13-photos.leclercdrive.fr/image.ashx?id=2701043&use=l&cat=p&typeid=i","cat":284498},{"id":227629,"n":"Barres chocolatées Snickers x7 - 350g","p":2.99,"u":"8,54 €/KG","img":"https://fd13-photos.leclercdrive.fr/image.ashx?id=2701040&use=l&cat=p&typeid=i","cat":284498},{"id":227633,"n":"Barres chocolatées Twix  x10 -210g","p":2.25,"u":"10,71 €/KG","img":"https://fd13-photos.leclercdrive.fr/image.ashx?id=2980091&use=l&cat=p&typeid=i","cat":284498},{"id":227637,"n":"Canard WC Fresh disc Tropical - 1 appli + 6 disques","p":3.44,"img":"https://fd13-photos.leclercdrive.fr/image.ashx?id=2845578&use=l&cat=p&typeid=i","cat":284662},{"id":227638,"n":"Canard WC Fresh disc Garden - 1 appli + 6 disques","p":2.88,"img":"https://fd13-photos.leclercdrive.fr/image.ashx?id=2845581&use=l&cat=p&typeid=i","cat":284662},{"id":227645,"n":"Barres Bounty chocolat & noix de coco x5 - 285g","p":2.7,"u":"9,47 €/KG","img":"https://fd13-photos.leclercdrive.fr/image.ashx?id=2701022&use=l&cat=p&typeid=i","cat":284498},{"id":227658,"n":"Tropico original 6x20cl","p":2.32,"u":"1,93 €/L","img":"https://fd13-photos.leclercdrive.fr/image.ashx?id=2757800&use=l&cat=p&typeid=i","cat":295018},{"id":227659,"n":"Tropico tropical 6x20cl","p":2.68,"u":"2,23 €/L","img":"https://fd13-photos.leclercdrive.fr/image.ashx?id=2701364&use=l&cat=p&typeid=i","cat":295018},{"id":227669,"n":"Boisson Gazeuse Maison Perrier Chic Roséllini 4x25cl","p":2.85,"u":"2,85 €/L","img":"https://fd13-photos.leclercdrive.fr/image.ashx?id=2701403&use=l&cat=p&typeid=i","cat":284536},{"id":227671,"n":"Bière aromatisée Desperados Tropical -  6X33cl","p":8.8,"u":"4,44 €/L","img":"https://fd13-photos.leclercdrive.fr/image.ashx?id=2701142&use=l&cat=p&typeid=i","cat":334878},{"id":227684,"n":"Barres chocolatées Twix x7 - 350g","p":3.45,"u":"9,86 €/KG","img":"https://fd13-photos.leclercdrive.fr/image.ashx?id=2701028&use=l&cat=p&typeid=i","cat":284498},{"id":227690,"n":"Parfum de linge Lenor Ambre orchidée x19D - 235g","p":6.7,"u":"28,51 €/KG","img":"https://fd13-photos.leclercdrive.fr/image.ashx?id=2839457&use=l&cat=p&typeid=i","cat":325302},{"id":227701,"n":"Chocolat Pâtissier Nestlé Dessert Blanc - 170g","p":3.03,"u":"17,82 €/KG","img":"https://fd13-photos.leclercdrive.fr/image.ashx?id=2895062&use=l&cat=p&typeid=i","cat":284957},{"id":227702,"n":"Fromage enfant La Vache qui rit Pik&Croq 8 portions - 280g","p":3.35,"u":"11,96 €/KG","img":"https://fd13-photos.leclercdrive.fr/image.ashx?id=2945436&use=l&cat=p&typeid=i","cat":314030},{"id":227712,"n":"Biscuits petit déjeuner Gullon Céréales fruits rouges 240g","p":2.28,"u":"9,50 €/KG","img":"https://fd13-photos.leclercdrive.fr/image.ashx?id=2701962&use=l&cat=p&typeid=i","cat":284491},{"id":227714,"n":"Biscuits chocolat Gullon 186g","p":1.9,"u":"10,22 €/KG","img":"https://fd13-photos.leclercdrive.fr/image.ashx?id=2701959&use=l&cat=p&typeid=i","cat":284488},{"id":227717,"n":"Vodka Belvedere organic Pure Bio  40%vol - 70cl","p":40.99,"u":"58,56 €/L","img":"https://fd13-photos.leclercdrive.fr/image.ashx?id=2967430&use=l&cat=p&typeid=i","cat":284550},{"id":227722,"n":"Jambon cuit découenné L'Atelier Charcuterie x2 - 110g","p":2.21,"u":"20,09 €/KG","img":"https://fd13-photos.leclercdrive.fr/image.ashx?id=2999036&use=l&cat=p&typeid=i","cat":316009},{"id":227729,"n":"Café au lait Soluble Nescafé 3en1 - x10 - 165g","p":1.83,"u":"11,09 €/KG","img":"https://fd13-photos.leclercdrive.fr/image.ashx?id=2854759&use=l&cat=p&typeid=i","cat":284843},{"id":227731,"n":"Céréales Nesquik  375g","p":2.69,"u":"7,17 €/KG","img":"https://fd13-photos.leclercdrive.fr/image.ashx?id=2977411&use=l&cat=p&typeid=i","cat":309513},{"id":227734,"n":"Compotes gourdes Pom'potes Multivariétés - 12x90g","p":6.1,"u":"5,65 €/KG","img":"https://fd13-photos.leclercdrive.fr/image.ashx?id=2890857&use=l&cat=p&typeid=i","cat":284508},{"id":227737,"n":"Capsule Nescafé Farmers Origins  Colombia Int 6 - x10","p":2.69,"u":"61,14 €/KG","img":"https://fd13-photos.leclercdrive.fr/image.ashx?id=2701968&use=l&cat=p&typeid=i","cat":284749},{"id":227738,"n":"Capsule Nescafé Farmers Origins  Africas Int 10 - x10","p":2.72,"u":"61,82 €/KG","img":"https://fd13-photos.leclercdrive.fr/image.ashx?id=2952172&use=l&cat=p&typeid=i","cat":284749},{"id":227739,"n":"Capsule Nescafé Farmers Origins  Colombia Décaféiné Int 6 - x10","p":2.85,"u":"53,77 €/KG","img":"https://fd13-photos.leclercdrive.fr/image.ashx?id=2701977&use=l&cat=p&typeid=i","cat":284749},{"id":227740,"n":"Capsule Nescafé Farmers Origins  Brazil Int 8 - x18","p":4.55,"u":"57,59 €/KG","img":"https://fd13-photos.leclercdrive.fr/image.ashx?id=3001521&use=l&cat=p&typeid=i","cat":284749},{"id":227743,"n":"Capsule Nescafé Farmers Origins  Colombia Int 6 - x18","p":4.57,"u":"57,85 €/KG","img":"https://fd13-photos.leclercdrive.fr/image.ashx?id=2701971&use=l&cat=p&typeid=i","cat":284749},{"id":227744,"n":"Capsule Nescafé Farmers Origins  Andes Int 5 - x10","p":2.68,"u":"60,91 €/KG","img":"https://fd13-photos.leclercdrive.fr/image.ashx?id=2701965&use=l&cat=p&typeid=i","cat":284749},{"id":227754,"n":"Glenmorangie triple cask 40° - 70cl","p":34.8,"u":"49,71 €/L","img":"https://fd13-photos.leclercdrive.fr/image.ashx?id=2701911&use=l&cat=p&typeid=i","cat":284547},{"id":227767,"n":"Gel douche Men Expert Barber club - 300ml","p":2.95,"u":"9,83 €/L","img":"https://fd13-photos.leclercdrive.fr/image.ashx?id=3008773&use=l&cat=p&typeid=i","cat":284619},{"id":227780,"n":"Liqueur GET Menthe & Citrons 17,9° - 70cl","p":12.99,"u":"18,56 €/L","img":"https://fd13-photos.leclercdrive.fr/image.ashx?id=2840629&use=l&cat=p&typeid=i","cat":286032},{"id":227789,"n":"Chips Lay's  Poulet - 250g","p":2.01,"u":"8,04 €/KG","img":"https://fd13-photos.leclercdrive.fr/image.ashx?id=2999952&use=l&cat=p&typeid=i","cat":284447},{"id":227818,"n":"Fromage enfant La Vache qui rit Pik&Croq 5 portions - 175g","p":2.24,"u":"12,80 €/KG","img":"https://fd13-photos.leclercdrive.fr/image.ashx?id=2945433&use=l&cat=p&typeid=i","cat":314030},{"id":227822,"n":"Chips Lay's  Paprika - 130g","p":1.51,"u":"11,62 €/KG","img":"https://fd13-photos.leclercdrive.fr/image.ashx?id=3011158&use=l&cat=p&typeid=i","cat":284447},{"id":227823,"n":"Chips Lay's Emmental - 135g","p":1.3,"u":"9,63 €/KG","img":"https://fd13-photos.leclercdrive.fr/image.ashx?id=3011155&use=l&cat=p&typeid=i","cat":284447},{"id":227831,"n":"Spray Nettoyant Menager Cif  Anti-calcaire Universel 750 ml","p":2.49,"u":"3,32 €/L","img":"https://fd13-photos.leclercdrive.fr/image.ashx?id=2890520&use=l&cat=p&typeid=i","cat":325362},{"id":227840,"n":"Yaourt hyperprotéiné Sport Coco - 4x120g","p":2.65,"u":"5,76 €/P","img":"https://fd13-photos.leclercdrive.fr/image.ashx?id=3009550&use=l&cat=p&typeid=i","cat":315000},{"id":227841,"n":"Yaourt hyperprotéiné Sport Fraise framboise - 4x120g","p":2.65,"u":"5,76 €/P","img":"https://fd13-photos.leclercdrive.fr/image.ashx?id=2716988&use=l&cat=p&typeid=i","cat":315000},{"id":227882,"n":"Concentré Sodastream Cola - 440ml","p":4.99,"pp":3.99,"u":"9,07 €/L","img":"https://fd13-photos.leclercdrive.fr/image.ashx?id=2703350&use=l&cat=p&typeid=i","cat":295020},{"id":227884,"n":"Bâtonnet Magnum White choco Cookie - x3 - 222g","p":2.84,"u":"12,79 €/KG","img":"https://fd13-photos.leclercdrive.fr/image.ashx?id=2793071&use=l&cat=p&typeid=i","cat":284265},{"id":227896,"n":"Glace Carte d'Or Les Essentiels Vanille de Madagascar 700ml","p":2.7,"pp":1.89,"u":"5,15 €/KG","img":"https://fd13-photos.leclercdrive.fr/image.ashx?id=2831149&use=l&cat=p&typeid=i","cat":284263},{"id":227897,"n":"Glace Bâtonnet MAGNUM Amande 4x100ml","p":2.65,"u":"8,83 €/KG","img":"https://fd13-photos.leclercdrive.fr/image.ashx?id=2849364&use=l&cat=p&typeid=i","cat":284265},{"id":227898,"n":"Bâtonnet Magnum Classic x4 - 300g","p":3.45,"u":"11,50 €/KG","img":"https://fd13-photos.leclercdrive.fr/image.ashx?id=2966794&use=l&cat=p&typeid=i","cat":284265},{"id":227900,"n":"Glace Bâtonnet MAGNUM Chocolat Blanc 4x100ml","p":3.29,"u":"11,19 €/KG","img":"https://fd13-photos.leclercdrive.fr/image.ashx?id=3011944&use=l&cat=p&typeid=i","cat":284265},{"id":227901,"n":"Bâtonnet Magnum Fraise et blanc - x4 - 324g","p":3.5,"u":"10,80 €/KG","img":"https://fd13-photos.leclercdrive.fr/image.ashx?id=3009293&use=l&cat=p&typeid=i","cat":284265},{"id":227902,"n":"Batonnets glace Magnum Chocolat Blanc Amande x4 - 300g","p":2.97,"u":"9,90 €/KG","img":"https://fd13-photos.leclercdrive.fr/image.ashx?id=3009296&use=l&cat=p&typeid=i","cat":284265},{"id":227903,"n":"Glace Bâtonnet MAGNUM Amande 8x100ml","p":4.95,"u":"8,25 €/KG","img":"https://fd13-photos.leclercdrive.fr/image.ashx?id=3009299&use=l&cat=p&typeid=i","cat":284265},{"id":227904,"n":"Glace Bâtonnet MAGNUM Classique 8x100ml","p":5.09,"u":"8,48 €/KG","img":"https://fd13-photos.leclercdrive.fr/image.ashx?id=2974057&use=l&cat=p&typeid=i","cat":284265},{"id":227906,"n":"Glace Bâtonnet Mini MAGNUM Amande 6x55ml","p":2.77,"u":"10,41 €/KG","img":"https://fd13-photos.leclercdrive.fr/image.ashx?id=2843544&use=l&cat=p&typeid=i","cat":284265},{"id":227907,"n":"Glace Bâtonnet MAGNUM Classique 6x55ml","p":2.78,"u":"11,16 €/KG","img":"https://fd13-photos.leclercdrive.fr/image.ashx?id=2967968&use=l&cat=p&typeid=i","cat":284265},{"id":227908,"n":"Mini bâtonnet Magnum Chocolat blanc Amande x6 - 257g","p":3.95,"u":"15,37 €/KG","img":"https://fd13-photos.leclercdrive.fr/image.ashx?id=2849367&use=l&cat=p&typeid=i","cat":284265},{"id":227909,"n":"Glace Bâtonnet Mini MAGNUM Amande & Chocolat Blanc 6x55ml","p":3.68,"u":"11,15 €/L","img":"https://fd13-photos.leclercdrive.fr/image.ashx?id=2843541&use=l&cat=p&typeid=i","cat":284265},{"id":227944,"n":"Nectar Bio Cidou  Pomme  - 1,75L","p":1.95,"u":"1,11 €/L","img":"https://fd13-photos.leclercdrive.fr/image.ashx?id=2703116&use=l&cat=p&typeid=i","cat":284522},{"id":227960,"n":"Concentré cola sans sucres Sodastream - 440ml","p":4.99,"pp":3.99,"u":"9,07 €/L","img":"https://fd13-photos.leclercdrive.fr/image.ashx?id=2703155&use=l&cat=p&typeid=i","cat":295020},{"id":227961,"n":"Concentré cola light Sodastream - 440ml","p":4.99,"pp":3.99,"u":"9,07 €/L","img":"https://fd13-photos.leclercdrive.fr/image.ashx?id=2703332&use=l&cat=p&typeid=i","cat":295020},{"id":227967,"n":"Compotes gourges Pom'Potes Pomme pêche carotte 360g","p":2.15,"u":"5,97 €/KG","img":"https://fd13-photos.leclercdrive.fr/image.ashx?id=2703705&use=l&cat=p&typeid=i","cat":284508},{"id":227973,"n":"Concentré saveur citron sans Sucres - Sodastream - 440ml","p":4.99,"pp":3.99,"u":"9,07 €/L","img":"https://fd13-photos.leclercdrive.fr/image.ashx?id=2765363&use=l&cat=p&typeid=i","cat":295020},{"id":227978,"n":"Concentré Sodastream Menthe sans sucres - 440ml","p":4.99,"pp":3.99,"u":"9,07 €/L","img":"https://fd13-photos.leclercdrive.fr/image.ashx?id=2765372&use=l&cat=p&typeid=i","cat":295020},{"id":228053,"n":"Yaourt à la grecque Délisse Sur lit de mangue 4x150g","p":2.39,"u":"3,98 €/KG","img":"https://fd13-photos.leclercdrive.fr/image.ashx?id=2885146&use=l&cat=p&typeid=i","cat":314999},{"id":228078,"n":"Boisson energisante Crazy Tiger Kiss me can - 50cl","p":1.29,"u":"2,58 €/L","img":"https://fd13-photos.leclercdrive.fr/image.ashx?id=2705587&use=l&cat=p&typeid=i","cat":284533},{"id":228102,"n":"Thé glacé Lipton Ice Tea Pêche Sans sucres - bouteille 1.75l","p":2.05,"u":"1,17 €/L","img":"https://fd13-photos.leclercdrive.fr/image.ashx?id=2857060&use=l&cat=p&typeid=i","cat":295019},{"id":228103,"n":"Thé glacé Lipton Ice Tea Pêche Zéro sucres - canettes 6x33cl","p":3.34,"u":"1,69 €/L","img":"https://fd13-photos.leclercdrive.fr/image.ashx?id=2959442&use=l&cat=p&typeid=i","cat":295019},{"id":228126,"n":"Noix de cajou grillées 200g","p":3.89,"u":"19,45 €/KG","img":"https://fd13-photos.leclercdrive.fr/image.ashx?id=2713664&use=l&cat=p&typeid=i","cat":284357},{"id":228192,"n":"Coca-cola sans sucre Sans caféine  - 6x20cl","p":3.65,"u":"3,04 €/L","img":"https://fd13-photos.leclercdrive.fr/image.ashx?id=3009062&use=l&cat=p&typeid=i","cat":284530},{"id":228193,"n":"Tropico original Orange ananas - 1.75L","p":2.07,"u":"1,18 €/L","img":"https://fd13-photos.leclercdrive.fr/image.ashx?id=2705731&use=l&cat=p&typeid=i","cat":295018},{"id":228194,"n":"Thé glacé Oasis Ice Tea Saveur Mangue Passion - 1,5L","p":1.85,"u":"1,23 €/L","img":"https://fd13-photos.leclercdrive.fr/image.ashx?id=2705040&use=l&cat=p&typeid=i","cat":295019},{"id":228195,"n":"Sirop Frucci Citron - 1.3L","p":3.45,"u":"2,65 €/L","img":"https://fd13-photos.leclercdrive.fr/image.ashx?id=2898044&use=l&cat=p&typeid=i","cat":295020},{"id":228197,"n":"Sirop Frucci Fraise - 1.3L","p":3.77,"u":"2,90 €/L","img":"https://fd13-photos.leclercdrive.fr/image.ashx?id=2898041&use=l&cat=p&typeid=i","cat":295020},{"id":228198,"n":"Sirop Frucci Grenadine - 1.3L","p":3.28,"u":"2,52 €/L","img":"https://fd13-photos.leclercdrive.fr/image.ashx?id=2909921&use=l&cat=p&typeid=i","cat":295020},{"id":228199,"n":"Sirop Frucci Menthe - 1.3L","p":3.02,"u":"2,32 €/L","img":"https://fd13-photos.leclercdrive.fr/image.ashx?id=2898038&use=l&cat=p&typeid=i","cat":295020},{"id":228205,"n":"Nettoyant ménager AJAX Air frais coquelicots - 1.25L","p":2.31,"u":"1,85 €/L","img":"https://fd13-photos.leclercdrive.fr/image.ashx?id=2944473&use=l&cat=p&typeid=i","cat":284907},{"id":228206,"n":"Pâte à pizza Croustipate prête à dérouler - 300g","p":1.66,"u":"5,53 €/KG","img":"https://fd13-photos.leclercdrive.fr/image.ashx?id=2902058&use=l&cat=p&typeid=i","cat":333681},{"id":228254,"n":"Boisson Tropico orange ananas Original - 4x1.25L","p":6.9,"u":"1,38 €/L","img":"https://fd13-photos.leclercdrive.fr/image.ashx?id=2705734&use=l&cat=p&typeid=i","cat":295018},{"id":228263,"n":"Collant mousse Tissaia Beige - T3 - x3","p":1.9,"img":"https://fd13-photos.leclercdrive.fr/image.ashx?id=2707371&use=l&cat=p&typeid=i","cat":334130},{"id":228270,"n":"Collant mousse Tissaïa Beige - T4 - x3","p":1.9,"img":"https://fd13-photos.leclercdrive.fr/image.ashx?id=2724898&use=l&cat=p&typeid=i","cat":334130},{"id":228274,"n":"Collant mousse Tissaïa Beige - T5 - x3","p":1.9,"img":"https://fd13-photos.leclercdrive.fr/image.ashx?id=2724904&use=l&cat=p&typeid=i","cat":334130},{"id":228277,"n":"Collant mousse Tissaïa Beige - T6 - x3","p":1.9,"img":"https://fd13-photos.leclercdrive.fr/image.ashx?id=2724910&use=l&cat=p&typeid=i","cat":334130},{"id":228296,"n":"Courgettes cuisinées Cassegrain À la provençale - 3x375g","p":8.69,"u":"7,72 €/KG","img":"https://fd13-photos.leclercdrive.fr/image.ashx?id=2962122&use=l&cat=p&typeid=i","cat":312612},{"id":228300,"n":"Ampoule LED Foxter Standard E27 75W - x1","p":5.99,"u":"Dont 0,29 € d'éco-part.","img":"https://fd13-photos.leclercdrive.fr/image.ashx?id=2706171&use=l&cat=p&typeid=i","cat":300573},{"id":228301,"n":"Ampoule LED Foxter Standard B22 75w","p":5.99,"u":"Dont 0,29 € d'éco-part.","img":"https://fd13-photos.leclercdrive.fr/image.ashx?id=2706168&use=l&cat=p&typeid=i","cat":300573},{"id":228303,"n":"Ampoules led Eco+ Lot de 3 - Sphère E14 40w","p":4.42,"u":"Dont 0,86 € d'éco-part.","img":"https://fd13-photos.leclercdrive.fr/image.ashx?id=2706165&use=l&cat=p&typeid=i","cat":300573},{"id":228306,"n":"Ampoule tube LED1 Foxter G13 36w - x1","p":10.99,"u":"Dont 0,29 € d'éco-part.","img":"https://fd13-photos.leclercdrive.fr/image.ashx?id=2706177&use=l&cat=p&typeid=i","cat":300573},{"id":228307,"n":"Ampoule led1 Capsule Foxter G9 40w","p":6.99,"u":"Dont 0,29 € d'éco-part.","img":"https://fd13-photos.leclercdrive.fr/image.ashx?id=2706180&use=l&cat=p&typeid=i","cat":300573},{"id":228395,"n":"Boisson gazeuse Liptonic Thé glacé citron vert - 6x33cl","p":3.81,"u":"1,92 €/L","img":"https://fd13-photos.leclercdrive.fr/image.ashx?id=2706915&use=l&cat=p&typeid=i","cat":295019},{"id":228396,"n":"Thé glacé Lipton Ice Tea Pêche - 6x33cl","p":3.01,"u":"1,52 €/L","img":"https://fd13-photos.leclercdrive.fr/image.ashx?id=2852471&use=l&cat=p&typeid=i","cat":295019},{"id":228405,"n":"Fromage frais  Atelier Blini Saumon - 140g","p":2.96,"u":"21,14 €/KG","img":"https://fd13-photos.leclercdrive.fr/image.ashx?id=3008329&use=l&cat=p&typeid=i","cat":315999},{"id":228409,"n":"Bâtonnets Trium  Vanille chocolat blanc x8 616g","p":5.46,"u":"8,86 €/KG","img":"https://fd13-photos.leclercdrive.fr/image.ashx?id=2911732&use=l&cat=p&typeid=i","cat":284265},{"id":228460,"n":"Capsules lave-vaisselle Sun Tout-en-1 Absolu Plus 390g x26","p":7.9,"u":"20,26 €/KG","img":"https://fd13-photos.leclercdrive.fr/image.ashx?id=2960282&use=l&cat=p&typeid=i","cat":284656},{"id":228461,"n":"Spray Nettoyant Menager Cif  Cleanboost Technology - 750 ml","p":3.05,"u":"4,07 €/L","img":"https://fd13-photos.leclercdrive.fr/image.ashx?id=2866214&use=l&cat=p&typeid=i","cat":325357},{"id":228462,"n":"Spray Nettoyant 5-en-1 Cif Cuisine & Salle de Bain 750ml","p":2.07,"u":"2,76 €/L","img":"https://fd13-photos.leclercdrive.fr/image.ashx?id=2999336&use=l&cat=p&typeid=i","cat":325357},{"id":228463,"n":"Liquide vaisselle mini Paic Citron - 500ml","p":1.13,"u":"2,26 €/L","img":"https://fd13-photos.leclercdrive.fr/image.ashx?id=2708020&use=l&cat=p&typeid=i","cat":284655},{"id":228464,"n":"Recharge Adoucissant Soupline Grand Air - 1L - x45","p":3.55,"u":"3,55 €/L","img":"https://fd13-photos.leclercdrive.fr/image.ashx?id=2860598&use=l&cat=p&typeid=i","cat":284650},{"id":228465,"n":"Nettoyant ménager Ajax Fête des fleurs muguets 1.25L","p":2.95,"u":"2,36 €/L","img":"https://fd13-photos.leclercdrive.fr/image.ashx?id=2926072&use=l&cat=p&typeid=i","cat":284907},{"id":228466,"n":"Liquide vaisselle et mains Paic Citron - 500ml","p":2.17,"u":"4,34 €/L","img":"https://fd13-photos.leclercdrive.fr/image.ashx?id=2708038&use=l&cat=p&typeid=i","cat":284655},{"id":228467,"n":"Spray nettoyant ménager Ajax Salle de bain - 500ml","p":2.68,"u":"5,36 €/L","img":"https://fd13-photos.leclercdrive.fr/image.ashx?id=2708041&use=l&cat=p&typeid=i","cat":325357},{"id":228469,"n":"Perles de linge Soupline Grand Air - 230g","p":7.69,"u":"33,43 €/KG","img":"https://fd13-photos.leclercdrive.fr/image.ashx?id=2708032&use=l&cat=p&typeid=i","cat":325302},{"id":228473,"n":"Déodorant Bulldog Original - 125ml","p":4.85,"u":"38,80 €/L","img":"https://fd13-photos.leclercdrive.fr/image.ashx?id=2708259&use=l&cat=p&typeid=i","cat":284595},{"id":228475,"n":"Gel douche homme Adidas Power Booster - 250ml","p":1.9,"u":"7,60 €/L","img":"https://fd13-photos.leclercdrive.fr/image.ashx?id=2707891&use=l&cat=p&typeid=i","cat":284619},{"id":228477,"n":"Brosse à dents Signal Triple Action - Medium - x4","p":1.45,"u":"0,36 €/P","img":"https://fd13-photos.leclercdrive.fr/image.ashx?id=2708310&use=l&cat=p&typeid=i","cat":284614},{"id":228479,"n":"Déodorant femme Rexona Invisible Aqua 72h - 100ml","p":2.86,"u":"28,60 €/L","img":"https://fd13-photos.leclercdrive.fr/image.ashx?id=2944488&use=l&cat=p&typeid=i","cat":284595},{"id":228480,"n":"Gel Douche Dove Advanced Care Nutrition Intense 225ml","p":2.52,"u":"11,20 €/L","img":"https://fd13-photos.leclercdrive.fr/image.ashx?id=2968580&use=l&cat=p&typeid=i","cat":284594},{"id":228481,"n":"Gel Douche Dove Advanced Care Nutrition Intense 400ml","p":4.31,"u":"10,78 €/L","img":"https://fd13-photos.leclercdrive.fr/image.ashx?id=2991036&use=l&cat=p&typeid=i","cat":284594},{"id":228486,"n":"Gel douche Dove Fraîcheur - 450ml","p":3.95,"u":"8,78 €/L","img":"https://fd13-photos.leclercdrive.fr/image.ashx?id=2738707&use=l&cat=p&typeid=i","cat":284594},{"id":228490,"n":"Lessive liquide Le Chat  L'Expert bicarbonate x66 -2.97L","p":15.95,"u":"5,37 €/L","img":"https://fd13-photos.leclercdrive.fr/image.ashx?id=2877781&use=l&cat=p&typeid=i","cat":284640},{"id":228499,"n":"Lessive liquide X-tra Total 4 en 1 x63 - 2.835L","p":8.95,"u":"3,16 €/L","img":"https://fd13-photos.leclercdrive.fr/image.ashx?id=2921561&use=l&cat=p&typeid=i","cat":284640},{"id":228501,"n":"Lessive liquide X-tra Total Savon de Marseille x63  -2.835L","p":9.7,"u":"3,42 €/L","img":"https://fd13-photos.leclercdrive.fr/image.ashx?id=2921564&use=l&cat=p&typeid=i","cat":284640},{"id":228502,"n":"Lessive liquide X-tra Total Déo fraîcheur x57 - 2.565L","p":11.45,"u":"4,46 €/L","img":"https://fd13-photos.leclercdrive.fr/image.ashx?id=2708564&use=l&cat=p&typeid=i","cat":284640},{"id":228504,"n":"Liquide vaisselle Mir vinaigre Framboise dégraissant  - 450ml","p":1.35,"u":"3,00 €/L","img":"https://fd13-photos.leclercdrive.fr/image.ashx?id=2979725&use=l&cat=p&typeid=i","cat":284655},{"id":228509,"n":"Lessive liquide Mir Laine Textile délicat x27 - 1.35L","p":5.18,"u":"3,84 €/L","img":"https://fd13-photos.leclercdrive.fr/image.ashx?id=2890118&use=l&cat=p&typeid=i","cat":284644},{"id":228510,"n":"Lessive liquide Super Croix X-tra Bora Bora x42 - 1.89L","p":7.72,"u":"4,08 €/L","img":"https://fd13-photos.leclercdrive.fr/image.ashx?id=2876263&use=l&cat=p&typeid=i","cat":284640},{"id":228541,"n":"Sirop Teisseire  Menthe verte - 1,30L","p":5.24,"u":"4,03 €/L","img":"https://fd13-photos.leclercdrive.fr/image.ashx?id=2709094&use=l&cat=p&typeid=i","cat":295020},{"id":228577,"n":"7 Up Zero Cherry - 1.5L","p":1.45,"u":"0,97 €/L","img":"https://fd13-photos.leclercdrive.fr/image.ashx?id=2795695&use=l&cat=p&typeid=i","cat":284531},{"id":228580,"n":"Soda 7up Zéro sucres mojito La bouteille de 1.5L Seven up","p":1.45,"u":"0,97 €/L","img":"https://fd13-photos.leclercdrive.fr/image.ashx?id=2752459&use=l&cat=p&typeid=i","cat":284531},{"id":228631,"n":"Soda Coca-Cola Sans Sucres Canette - Pack 6x20CL","p":3.72,"u":"3,10 €/L","img":"https://fd13-photos.leclercdrive.fr/image.ashx?id=2709352&use=l&cat=p&typeid=i","cat":284530},{"id":228684,"n":"Bière blonde La Bête 8° - 12x25cl","p":13.15,"u":"4,38 €/L","img":"https://fd13-photos.leclercdrive.fr/image.ashx?id=2709199&use=l&cat=p&typeid=i","cat":334872},{"id":228685,"n":"Bière aromatisée cerise La Bête 8° - 6x25cl","p":8.03,"pp":5.3,"u":"3,53 €/L","img":"https://fd13-photos.leclercdrive.fr/image.ashx?id=2766731&use=l&cat=p&typeid=i","cat":334872},{"id":228705,"n":"Bloc Canard WC Active garden x1","p":3.47,"img":"https://fd13-photos.leclercdrive.fr/image.ashx?id=2845575&use=l&cat=p&typeid=i","cat":284662},{"id":228706,"n":"Bloc Canard WC Active tropical x1","p":3.49,"img":"https://fd13-photos.leclercdrive.fr/image.ashx?id=2845572&use=l&cat=p&typeid=i","cat":284662},{"id":228707,"n":"Gel Canard WC intense garden 750ml","p":2.46,"u":"3,28 €/L","img":"https://fd13-photos.leclercdrive.fr/image.ashx?id=2845014&use=l&cat=p&typeid=i","cat":284662},{"id":228708,"n":"Gel Canard WC intense tropical 750ml","p":3.49,"u":"4,65 €/L","img":"https://fd13-photos.leclercdrive.fr/image.ashx?id=2844334&use=l&cat=p&typeid=i","cat":284662},{"id":228761,"n":"Capsules lessive Ariel Pods Touche Lenor - x19   408g","p":12.13,"u":"29,73 €/KG","img":"https://fd13-photos.leclercdrive.fr/image.ashx?id=2710449&use=l&cat=p&typeid=i","cat":284641},{"id":228802,"n":"Feuilletés aux St Jacques La Compagnie Artique - 4x80g","p":3.99,"u":"12,47 €/KG","img":"https://fd13-photos.leclercdrive.fr/image.ashx?id=2710128&use=l&cat=p&typeid=i","cat":319776},{"id":228806,"n":"Oeufs Eleveurs de Bretagne Plein air x4","p":1.05,"u":"0,26 €/P","img":"https://fd13-photos.leclercdrive.fr/image.ashx?id=2766436&use=l&cat=p&typeid=i","cat":284378},{"id":228828,"n":"Croquettes pour chaton Whiskas Poulet - 1.9 kg","p":6.26,"u":"3,29 €/L","img":"https://fd13-photos.leclercdrive.fr/image.ashx?id=2871130&use=l&cat=p&typeid=i","cat":284680},{"id":228862,"n":"Lait bébé Candia Baby croissance 3ème âge - 18x25cl","p":10.56,"u":"2,35 €/L","img":"https://fd13-photos.leclercdrive.fr/image.ashx?id=2963367&use=l&cat=p&typeid=i","cat":284728},{"id":228871,"n":"Jeu de société La Bonne Paye - Age 8+","p":20.9,"img":"https://fd13-photos.leclercdrive.fr/image.ashx?id=2711664&use=l&cat=p&typeid=i","cat":334378},{"id":228909,"n":"Crème fixative Polident Soin & tolérence 0% - 77g","p":6.1,"u":"79,22 €/KG","img":"https://fd13-photos.leclercdrive.fr/image.ashx?id=2712046&use=l&cat=p&typeid=i","cat":285158},{"id":228942,"n":"Dessert P'tit brassé  Mini pêche - 6x50g","p":2.14,"u":"7,13 €/KG","img":"https://fd13-photos.leclercdrive.fr/image.ashx?id=2955989&use=l&cat=p&typeid=i","cat":312392},{"id":228948,"n":"Biscuits Mulino Bianco Nascondini - 330g","p":5.3,"u":"16,06 €/KG","img":"https://fd13-photos.leclercdrive.fr/image.ashx?id=2850258&use=l&cat=p&typeid=i","cat":289010},{"id":228952,"n":"Biscuits Mulino Bianco Galetti - 350g","p":3.94,"u":"11,26 €/KG","img":"https://fd13-photos.leclercdrive.fr/image.ashx?id=2850252&use=l&cat=p&typeid=i","cat":289010},{"id":228957,"n":"Dessert P'tit brassé  Mini banane - 300g","p":2.19,"u":"7,30 €/KG","img":"https://fd13-photos.leclercdrive.fr/image.ashx?id=2958203&use=l&cat=p&typeid=i","cat":312392},{"id":228965,"n":"P'tite céréales Nestlé Saveur biscuit - 270g","p":3.58,"u":"1,33 €/L","img":"https://fd13-photos.leclercdrive.fr/image.ashx?id=2712813&use=l&cat=p&typeid=i","cat":312225},{"id":228966,"n":"Infusion Pukka Bio Digestion - x20 - 40g","p":4.5,"pp":2.97,"u":"74,25 €/KG","img":"https://fd13-photos.leclercdrive.fr/image.ashx?id=2903719&use=l&cat=p&typeid=i","cat":293234},{"id":228969,"n":"Infusion Pukka bio Nuit enchanté x20 - 32g","p":4.5,"pp":2.97,"u":"92,81 €/KG","img":"https://fd13-photos.leclercdrive.fr/image.ashx?id=2938824&use=l&cat=p&typeid=i","cat":293234},{"id":228970,"n":"Chips Tortilla Doritos Chili - 250g","p":3.01,"u":"12,04 €/KG","img":"https://fd13-photos.leclercdrive.fr/image.ashx?id=2959439&use=l&cat=p&typeid=i","cat":287899},{"id":228972,"n":"Chips Tortilla Doritos Cheese - 250g","p":2.44,"u":"9,76 €/KG","img":"https://fd13-photos.leclercdrive.fr/image.ashx?id=2901788&use=l&cat=p&typeid=i","cat":287899},{"id":228974,"n":"Chips Tortilla Doritos Nature corn - 250g","p":3.01,"u":"12,04 €/KG","img":"https://fd13-photos.leclercdrive.fr/image.ashx?id=2986224&use=l&cat=p&typeid=i","cat":287899},{"id":228975,"n":"Plat cuisiné Paysan Breton Porc champignons - 300g","p":3.55,"u":"11,83 €/KG","img":"https://fd13-photos.leclercdrive.fr/image.ashx?id=2712582&use=l&cat=p&typeid=i","cat":284953},{"id":228976,"n":"Infusion Saveurs du soir Lipton Grand sud - 32g","p":1.14,"u":"35,63 €/KG","img":"https://fd13-photos.leclercdrive.fr/image.ashx?id=2718741&use=l&cat=p&typeid=i","cat":293234},{"id":228977,"n":"Lessive Liquide  X-tra Total Blanc et couleurs x44  -1.98L","p":6.97,"u":"3,52 €/L","img":"https://fd13-photos.leclercdrive.fr/image.ashx?id=2875351&use=l&cat=p&typeid=i","cat":284640},{"id":228988,"n":"Infusion Maroc Lipton Menthe & epices x20 - 40g","p":1.63,"u":"40,75 €/KG","img":"https://fd13-photos.leclercdrive.fr/image.ashx?id=2718744&use=l&cat=p&typeid=i","cat":293234},{"id":228992,"n":"Thé vert Lipton Bio  x20 - 28g","p":2.61,"u":"93,21 €/KG","img":"https://fd13-photos.leclercdrive.fr/image.ashx?id=2739405&use=l&cat=p&typeid=i","cat":293233},{"id":228995,"n":"Coffret thé noir Lipton Sensations x50 - 82g","p":9.5,"pp":6.65,"u":"81,10 €/KG","img":"https://fd13-photos.leclercdrive.fr/image.ashx?id=2719636&use=l&cat=p&typeid=i","cat":293233},{"id":228998,"n":"Infusion verveine Elephant  Menthe poivrée x20 - 34g","p":2.2,"u":"64,71 €/KG","img":"https://fd13-photos.leclercdrive.fr/image.ashx?id=2719633&use=l&cat=p&typeid=i","cat":293234},{"id":229001,"n":"Biscuits mini fourrés BN  Framboise - x5 - 175g","p":1.78,"u":"10,17 €/KG","img":"https://fd13-photos.leclercdrive.fr/image.ashx?id=2748230&use=l&cat=p&typeid=i","cat":284489},{"id":229002,"n":"Chips Tuiles Pringles HOT Flamin' Cheese - 160g","p":1.95,"u":"12,19 €/KG","img":"https://fd13-photos.leclercdrive.fr/image.ashx?id=2927609&use=l&cat=p&typeid=i","cat":287899},{"id":229004,"n":"Rillettes de thon Petit Navire Olives vertes - 220g","p":3.19,"u":"14,50 €/KG","img":"https://fd13-photos.leclercdrive.fr/image.ashx?id=2831666&use=l&cat=p&typeid=i","cat":303867},{"id":229009,"n":"Kit Tacos Old El Paso Street Vibes al pastor - 257g","p":3.69,"u":"14,36 €/KG","img":"https://fd13-photos.leclercdrive.fr/image.ashx?id=2764634&use=l&cat=p&typeid=i","cat":288993},{"id":229010,"n":"Kit tacos Old El Paso Street Vibes barbacoa - 255g","p":3.59,"u":"14,08 €/KG","img":"https://fd13-photos.leclercdrive.fr/image.ashx?id=2764631&use=l&cat=p&typeid=i","cat":288993},{"id":229011,"n":"Mini tortillas Old El Paso Street Vibes x8 - 220g","p":1.68,"u":"7,64 €/KG","img":"https://fd13-photos.leclercdrive.fr/image.ashx?id=2858288&use=l&cat=p&typeid=i","cat":288993},{"id":229014,"n":"Sauce tikka Masala  The Spice Tailor - 300g","p":4.49,"u":"14,97 €/KG","img":"https://fd13-photos.leclercdrive.fr/image.ashx?id=2722099&use=l&cat=p&typeid=i","cat":289012},{"id":229015,"n":"Sauce soja Suzi Wan 135ml","p":1.76,"u":"13,04 €/L","img":"https://fd13-photos.leclercdrive.fr/image.ashx?id=2906664&use=l&cat=p&typeid=i","cat":288992},{"id":229031,"n":"Biscuit apéritif Ancel Bretzels - 260g","p":2.77,"u":"10,65 €/KG","img":"https://fd13-photos.leclercdrive.fr/image.ashx?id=2749137&use=l&cat=p&typeid=i","cat":297000},{"id":229037,"n":"Sauce thai green curry  Sharwood's Cooking - 415g","p":3.75,"u":"9,04 €/KG","img":"https://fd13-photos.leclercdrive.fr/image.ashx?id=2792897&use=l&cat=p&typeid=i","cat":288992},{"id":229049,"n":"Préparation brunzh Treblec Sarrasin - 300g","p":2.6,"u":"8,67 €/KG","img":"https://fd13-photos.leclercdrive.fr/image.ashx?id=2749760&use=l&cat=p&typeid=i","cat":288382},{"id":229052,"n":"Préparation crêpes Treblec Sarrasin - 300g","p":2.6,"u":"8,67 €/KG","img":"https://fd13-photos.leclercdrive.fr/image.ashx?id=2759292&use=l&cat=p&typeid=i","cat":288382},{"id":229058,"n":"Nouilles instantannées Tanoshi Blé canard - sachet 85g","p":0.97,"u":"11,41 €/KG","img":"https://fd13-photos.leclercdrive.fr/image.ashx?id=2906187&use=l&cat=p&typeid=i","cat":288992},{"id":229072,"n":"Biscuits chocolats Kinder Duo Chocolat blanc et lait - 2x150g","p":4.13,"u":"13,77 €/KG","img":"https://fd13-photos.leclercdrive.fr/image.ashx?id=2718188&use=l&cat=p&typeid=i","cat":284488},{"id":229127,"n":"Ampoules led Flamme E14 40w - x3","p":4.14,"u":"Dont 0,86 € d'éco-part.","img":"https://fd13-photos.leclercdrive.fr/image.ashx?id=2713503&use=l&cat=p&typeid=i","cat":300573},{"id":229131,"n":"Ampoules Led Standard B22 40w - x1","p":0.99,"u":"Dont 0,29 € d'éco-part.","img":"https://fd13-photos.leclercdrive.fr/image.ashx?id=2713506&use=l&cat=p&typeid=i","cat":300573},{"id":229132,"n":"Ampoule Led Standard B22 60w - x1","p":1.59,"u":"Dont 0,29 € d'éco-part.","img":"https://fd13-photos.leclercdrive.fr/image.ashx?id=2713509&use=l&cat=p&typeid=i","cat":300573},{"id":229133,"n":"Ampoule Led Standard B22 60w - x1","p":2.99,"u":"Dont 0,29 € d'éco-part.","img":"https://fd13-photos.leclercdrive.fr/image.ashx?id=2713512&use=l&cat=p&typeid=i","cat":300573},{"id":229134,"n":"Ampoule Led Standard B22 75w - x1","p":1.89,"u":"Dont 0,29 € d'éco-part.","img":"https://fd13-photos.leclercdrive.fr/image.ashx?id=2713515&use=l&cat=p&typeid=i","cat":300573},{"id":229135,"n":"Ampoule Led Standard B22 100w - x1","p":1.99,"u":"Dont 0,29 € d'éco-part.","img":"https://fd13-photos.leclercdrive.fr/image.ashx?id=2713518&use=l&cat=p&typeid=i","cat":300573},{"id":229137,"n":"Nouilles Tanoshi Poulet shitake cup de 65g","p":1.62,"u":"24,92 €/KG","img":"https://fd13-photos.leclercdrive.fr/image.ashx?id=2906208&use=l&cat=p&typeid=i","cat":288992},{"id":229141,"n":"Ampoules Led Flammes E14 25w - x1","p":1.59,"u":"Dont 0,29 € d'éco-part.","img":"https://fd13-photos.leclercdrive.fr/image.ashx?id=2713521&use=l&cat=p&typeid=i","cat":300573},{"id":229144,"n":"Margarine doux St-Hubert L'Original - 250g","p":1.79,"u":"7,16 €/KG","img":"https://fd13-photos.leclercdrive.fr/image.ashx?id=2978032&use=l&cat=p&typeid=i","cat":315229},{"id":229145,"n":"Margarine demi-sel St-Hubert L'Original - 250g","p":2.04,"u":"8,16 €/KG","img":"https://fd13-photos.leclercdrive.fr/image.ashx?id=2978035&use=l&cat=p&typeid=i","cat":315229},{"id":229154,"n":"Ampoule Led Spheriques E14 40w - x1","p":2.79,"u":"Dont 0,29 € d'éco-part.","img":"https://fd13-photos.leclercdrive.fr/image.ashx?id=2713524&use=l&cat=p&typeid=i","cat":300573},{"id":229156,"n":"Vin efferverscent Perlino Prosecco brut - 75cl","p":7.2,"pp":5.4,"u":"7,20 €/L","img":"https://fd13-photos.leclercdrive.fr/image.ashx?id=2873333&use=l&cat=p&typeid=i","cat":289461},{"id":229162,"n":"Ampoule Led Spot E14 25w - x1","p":3.69,"u":"Dont 0,29 € d'éco-part.","img":"https://fd13-photos.leclercdrive.fr/image.ashx?id=2713533&use=l&cat=p&typeid=i","cat":300573},{"id":229170,"n":"Bière aromatisée Desperados  Tropical - 12x33cl","p":16.65,"u":"4,20 €/L","img":"https://fd13-photos.leclercdrive.fr/image.ashx?id=2981491&use=l&cat=p&typeid=i","cat":334878},{"id":229174,"n":"Ampoule Led Standard E27 40w - x1","p":2.79,"u":"Dont 0,29 € d'éco-part.","img":"https://fd13-photos.leclercdrive.fr/image.ashx?id=2713539&use=l&cat=p&typeid=i","cat":300573},{"id":229175,"n":"Ampoule Led Standard E27 60w - x1","p":1.59,"u":"Dont 0,29 € d'éco-part.","img":"https://fd13-photos.leclercdrive.fr/image.ashx?id=2713542&use=l&cat=p&typeid=i","cat":300573},{"id":229176,"n":"Ampoule LED Standard E27 60w - x1","p":2.99,"u":"Dont 0,29 € d'éco-part.","img":"https://fd13-photos.leclercdrive.fr/image.ashx?id=2713545&use=l&cat=p&typeid=i","cat":300573},{"id":229179,"n":"Ampoule Led Standard E27 75w - x1","p":1.89,"u":"Dont 0,29 € d'éco-part.","img":"https://fd13-photos.leclercdrive.fr/image.ashx?id=2713551&use=l&cat=p&typeid=i","cat":300573},{"id":229181,"n":"Ampoule Led Standard E27 100w - x1","p":1.99,"u":"Dont 0,29 € d'éco-part.","img":"https://fd13-photos.leclercdrive.fr/image.ashx?id=2713554&use=l&cat=p&typeid=i","cat":300573},{"id":229183,"n":"Ampoule Led Spot E27 40w - x1","p":3.69,"u":"Dont 0,29 € d'éco-part.","img":"https://fd13-photos.leclercdrive.fr/image.ashx?id=2713557&use=l&cat=p&typeid=i","cat":300573},{"id":229186,"n":"Ampoules Led Capsule G9 40w - x2","p":5.99,"u":"Dont 0,58 € d'éco-part.","img":"https://fd13-photos.leclercdrive.fr/image.ashx?id=2713563&use=l&cat=p&typeid=i","cat":300573},{"id":229192,"n":"Ampoule Led Spot Gu5.3 35w - x1","p":2.34,"u":"Dont 0,29 € d'éco-part.","img":"https://fd13-photos.leclercdrive.fr/image.ashx?id=2713566&use=l&cat=p&typeid=i","cat":300573},{"id":229221,"n":"Pizza tomates mozzarella Mix Buffet - 420g","p":8.01,"u":"19,07 €/KG","img":"https://fd13-photos.leclercdrive.fr/image.ashx?id=2714480&use=l&cat=p&typeid=i","cat":333679},{"id":229224,"n":"Glace pâte à tartiner Nutella 230g","p":3.95,"u":"17,17 €/KG","img":"https://fd13-photos.leclercdrive.fr/image.ashx?id=2905672&use=l&cat=p&typeid=i","cat":284725},{"id":229243,"n":"Soin capillaire express Le  Petit Marseillais Karité -200ml","p":2.75,"u":"13,75 €/L","img":"https://fd13-photos.leclercdrive.fr/image.ashx?id=2735248&use=l&cat=p&typeid=i","cat":284608},{"id":229244,"n":"Soin capillaire express Le Petit Marseillais Argan - 200ml","p":2.7,"u":"13,50 €/L","img":"https://fd13-photos.leclercdrive.fr/image.ashx?id=2715255&use=l&cat=p&typeid=i","cat":284608},{"id":229266,"n":"Olives noires confites Tramier Denoyautées 150g","p":2.38,"u":"15,87 €/KG","img":"https://fd13-photos.leclercdrive.fr/image.ashx?id=2991807&use=l&cat=p&typeid=i","cat":284458},{"id":229286,"n":"Bière \"Slash\" Citrus 4.5% vol. - 50cl","p":2.01,"u":"4,02 €/L","img":"https://fd13-photos.leclercdrive.fr/image.ashx?id=2716222&use=l&cat=p&typeid=i","cat":334853},{"id":229288,"n":"Glace Carte d'Or Café - 374g","p":2.82,"pp":1.97,"u":"5,27 €/KG","img":"https://fd13-photos.leclercdrive.fr/image.ashx?id=2973348&use=l&cat=p&typeid=i","cat":284263},{"id":229289,"n":"Glace Carte d'Or Chocolat Noir - 374g","p":2.69,"pp":1.88,"u":"5,03 €/KG","img":"https://fd13-photos.leclercdrive.fr/image.ashx?id=2849370&use=l&cat=p&typeid=i","cat":284263},{"id":229292,"n":"Glace Carte d'Or Caramel fleur de sel - 373g","p":2.75,"pp":1.92,"u":"5,15 €/KG","img":"https://fd13-photos.leclercdrive.fr/image.ashx?id=3009302&use=l&cat=p&typeid=i","cat":284263},{"id":229295,"n":"Glace Carte d'Or Citron de Sicile - 453g","p":3.19,"pp":2.23,"u":"4,92 €/KG","img":"https://fd13-photos.leclercdrive.fr/image.ashx?id=2769251&use=l&cat=p&typeid=i","cat":284263},{"id":229314,"n":"Crème dessert Yabon Chocolat noir St Domingue  500g","p":4.9,"u":"9,80 €/KG","img":"https://fd13-photos.leclercdrive.fr/image.ashx?id=2716573&use=l&cat=p&typeid=i","cat":284506},{"id":229371,"n":"Sense & Spray \"Glade\" Romantic Vanilla Blossom - 18ml","p":6.93,"pp":4.16,"u":"231,11 €/L","img":"https://fd13-photos.leclercdrive.fr/image.ashx?id=2716609&use=l&cat=p&typeid=i","cat":311629},{"id":229394,"n":"Crème glacée La Laitière Café - 490g","p":3.24,"pp":2.27,"u":"4,63 €/KG","img":"https://fd13-photos.leclercdrive.fr/image.ashx?id=3000021&use=l&cat=p&typeid=i","cat":284263},{"id":229395,"n":"Crème glacée La Laitière Menthe Chocolat - 490g","p":3.24,"pp":2.27,"u":"4,63 €/KG","img":"https://fd13-photos.leclercdrive.fr/image.ashx?id=2877889&use=l&cat=p&typeid=i","cat":284263},{"id":229396,"n":"Sorbet La Laitière Citron - 558g","p":3.24,"pp":2.27,"u":"4,07 €/KG","img":"https://fd13-photos.leclercdrive.fr/image.ashx?id=2877895&use=l&cat=p&typeid=i","cat":284263},{"id":229397,"n":"Sorbet La Laitière Fraise - 558g","p":3.24,"pp":2.27,"u":"4,07 €/KG","img":"https://fd13-photos.leclercdrive.fr/image.ashx?id=3000018&use=l&cat=p&typeid=i","cat":284263},{"id":229414,"n":"Chocolat Poulain maxi Lait Feuilleté - 190g","p":3.02,"u":"15,89 €/KG","img":"https://fd13-photos.leclercdrive.fr/image.ashx?id=2867140&use=l&cat=p&typeid=i","cat":284497},{"id":229419,"n":"Grilletine Pasquier Biscuitée x18 - 255g","p":2.15,"u":"8,43 €/KG","img":"https://fd13-photos.leclercdrive.fr/image.ashx?id=2716177&use=l&cat=p&typeid=i","cat":284479},{"id":229451,"n":"Croquettes Friskies junior  Poulet avec du lait - 7kg","p":18.68,"u":"2,67 €/KG","img":"https://fd13-photos.leclercdrive.fr/image.ashx?id=2986990&use=l&cat=p&typeid=i","cat":284672},{"id":229487,"n":"Margarine ProActiv Expert Tartine et gourmet -Doux - 450g","p":4.44,"u":"9,87 €/KG","img":"https://fd13-photos.leclercdrive.fr/image.ashx?id=2972601&use=l&cat=p&typeid=i","cat":315229},{"id":229497,"n":"Chips Lay's  Bolognaise - 130g","p":1.38,"u":"10,62 €/KG","img":"https://fd13-photos.leclercdrive.fr/image.ashx?id=3011149&use=l&cat=p&typeid=i","cat":284447},{"id":229498,"n":"Chips Lay's Moutarde pickles - 135g","p":1.55,"u":"11,48 €/KG","img":"https://fd13-photos.leclercdrive.fr/image.ashx?id=3011152&use=l&cat=p&typeid=i","cat":284447},{"id":229513,"n":"Soda 7UP Citron/citron vert zéro -6x33cl","p":3.11,"u":"1,57 €/L","img":"https://fd13-photos.leclercdrive.fr/image.ashx?id=2717553&use=l&cat=p&typeid=i","cat":284531},{"id":229517,"n":"Soda au cola Pepsi Zéro sucres Le lot de 6x33cl canettes","p":2.48,"u":"1,25 €/L","img":"https://fd13-photos.leclercdrive.fr/image.ashx?id=2773391&use=l&cat=p&typeid=i","cat":284530},{"id":229523,"n":"Thé glacé Lipton Ice Tea Pêche Le lot de 12x33cl canettes","p":6.88,"u":"1,74 €/L","img":"https://fd13-photos.leclercdrive.fr/image.ashx?id=2717550&use=l&cat=p&typeid=i","cat":295019},{"id":229524,"n":"Thé glacé pétillant Lipton Ice Tea pêche - canettes 6x33cl","p":3.65,"u":"1,84 €/L","img":"https://fd13-photos.leclercdrive.fr/image.ashx?id=2900833&use=l&cat=p&typeid=i","cat":295019},{"id":229593,"n":"Tablettes lave-vaisselle Visior Tout en 1 citron x45 - 765g","p":5.79,"u":"7,57 €/KG","img":"https://fd13-photos.leclercdrive.fr/image.ashx?id=2954905&use=l&cat=p&typeid=i","cat":284656},{"id":229596,"n":"Capsules Starbucks by Nespresso  Vanille Int 5 - x10","p":3.82,"u":"74,90 €/KG","img":"https://fd13-photos.leclercdrive.fr/image.ashx?id=2718263&use=l&cat=p&typeid=i","cat":284749},{"id":229599,"n":"Capsules Starbucks by Nespresso  Caramel Int 5 - x10","p":4.01,"u":"78,63 €/KG","img":"https://fd13-photos.leclercdrive.fr/image.ashx?id=2718260&use=l&cat=p&typeid=i","cat":284749},{"id":229613,"n":"Jus d'orange Juicy Tropicana 1,5L","p":1.89,"u":"1,26 €/L","img":"https://fd13-photos.leclercdrive.fr/image.ashx?id=2741036&use=l&cat=p&typeid=i","cat":284521},{"id":229615,"n":"AOP Crémant de loire Demi sec  Les Caractères - 75cl","p":4.99,"u":"6,65 €/L","img":"https://fd13-photos.leclercdrive.fr/image.ashx?id=2898862&use=l&cat=p&typeid=i","cat":284545},{"id":229712,"n":"Chips Terre de Breizh Piment d'Espelette 125g","p":2.61,"u":"20,88 €/KG","img":"https://fd13-photos.leclercdrive.fr/image.ashx?id=3012212&use=l&cat=p&typeid=i","cat":284447},{"id":229811,"n":"Crème fixative Polident Original 0% -44g -","p":4.15,"u":"94,32 €/KG","img":"https://fd13-photos.leclercdrive.fr/image.ashx?id=2719615&use=l&cat=p&typeid=i","cat":285158},{"id":229814,"n":"Crème fixative Polident Original 0% - 77g","p":5.67,"u":"73,64 €/KG","img":"https://fd13-photos.leclercdrive.fr/image.ashx?id=2719618&use=l&cat=p&typeid=i","cat":285158},{"id":229879,"n":"Apéritif Campari 25% vol - 70cl","p":17.25,"u":"24,64 €/L","img":"https://fd13-photos.leclercdrive.fr/image.ashx?id=3009155&use=l&cat=p&typeid=i","cat":286032},{"id":229891,"n":"Pain de mie complet Harrys Sandwich Sans sucre ajouté 600g","p":1.58,"u":"2,63 €/KG","img":"https://fd13-photos.leclercdrive.fr/image.ashx?id=2962473&use=l&cat=p&typeid=i","cat":284477},{"id":229893,"n":"Pain de mie complet Harrys Sandwich Sans sucre ajouté 900g","p":2.32,"u":"2,58 €/KG","img":"https://fd13-photos.leclercdrive.fr/image.ashx?id=2962476&use=l&cat=p&typeid=i","cat":284477},{"id":229896,"n":"Pain de mie nature Harrys American Sandwich 550g","p":1.55,"u":"2,82 €/KG","img":"https://fd13-photos.leclercdrive.fr/image.ashx?id=2962446&use=l&cat=p&typeid=i","cat":284477},{"id":229897,"n":"Pain de mie nature Harrys Sandwich Sans sucre ajouté 825g","p":1.98,"u":"2,40 €/KG","img":"https://fd13-photos.leclercdrive.fr/image.ashx?id=2962449&use=l&cat=p&typeid=i","cat":284477},{"id":229982,"n":"Coulommiers Eco+ 320g","p":1.78,"u":"5,56 €/KG","img":"https://fd13-photos.leclercdrive.fr/image.ashx?id=2726824&use=l&cat=p&typeid=i","cat":314033},{"id":230095,"n":"Barre chocolatée Kitkat Noisette - x4 - 166g","p":2.59,"u":"15,60 €/KG","img":"https://fd13-photos.leclercdrive.fr/image.ashx?id=2895056&use=l&cat=p&typeid=i","cat":284498},{"id":230145,"n":"Tablette Chocolat Pur Via  Caramel pointe de sel - 100g","p":3.69,"u":"36,90 €/KG","img":"https://fd13-photos.leclercdrive.fr/image.ashx?id=2789946&use=l&cat=p&typeid=i","cat":284497},{"id":230146,"n":"Tablette chocolat Pure Via  100g","p":2.53,"u":"25,30 €/KG","img":"https://fd13-photos.leclercdrive.fr/image.ashx?id=2789934&use=l&cat=p&typeid=i","cat":284956},{"id":230147,"n":"Tablette chocolat Pure Via Eclats de noisettes - 100g","p":2.45,"u":"24,50 €/KG","img":"https://fd13-photos.leclercdrive.fr/image.ashx?id=2789937&use=l&cat=p&typeid=i","cat":284497},{"id":230148,"n":"Tablette de chocolat Pure Via Noir pointe de sel - 100g","p":3.01,"u":"30,10 €/KG","img":"https://fd13-photos.leclercdrive.fr/image.ashx?id=2789940&use=l&cat=p&typeid=i","cat":284956},{"id":230151,"n":"Tablette de chocolat Lindt Création blanc rocher - 145g","p":4.23,"u":"29,17 €/KG","img":"https://fd13-photos.leclercdrive.fr/image.ashx?id=2720446&use=l&cat=p&typeid=i","cat":284957},{"id":230158,"n":"Tablette de chocolat Poulain Noir extra mini carrés - 210g","p":3.62,"u":"17,24 €/KG","img":"https://fd13-photos.leclercdrive.fr/image.ashx?id=2720761&use=l&cat=p&typeid=i","cat":284497},{"id":230161,"n":"Tablette de chocolat Lindt Excellence noir dentelle - 100g","p":2.77,"u":"27,70 €/KG","img":"https://fd13-photos.leclercdrive.fr/image.ashx?id=2720440&use=l&cat=p&typeid=i","cat":284497},{"id":230162,"n":"Tablette de chocolat Lindt Excellence noir gaufrette  100g","p":2.77,"u":"27,70 €/KG","img":"https://fd13-photos.leclercdrive.fr/image.ashx?id=2720437&use=l&cat=p&typeid=i","cat":284956},{"id":230165,"n":"Merguez 100% végétal Accro x4 - 200g","p":3.85,"u":"19,25 €/KG","img":"https://fd13-photos.leclercdrive.fr/image.ashx?id=2767192&use=l&cat=p&typeid=i","cat":316036},{"id":230167,"n":"Lessive liquide X-tra Total  Ecopack  x41 - 1.845L","p":6.25,"u":"3,39 €/L","img":"https://fd13-photos.leclercdrive.fr/image.ashx?id=2890124&use=l&cat=p&typeid=i","cat":284640},{"id":230172,"n":"Boisson protéinée Lindahls pro+ Chocolat - 50cl","p":2.16,"u":"4,32 €/L","img":"https://fd13-photos.leclercdrive.fr/image.ashx?id=2721859&use=l&cat=p&typeid=i","cat":295246},{"id":230193,"n":"Nettoyant ménager La Croix Gel utra dégraissant - 1L","p":2.33,"u":"2,33 €/L","img":"https://fd13-photos.leclercdrive.fr/image.ashx?id=2721534&use=l&cat=p&typeid=i","cat":325357},{"id":230198,"n":"Gel nettoyant WC La Croix Ultra WC - 750ml","p":1.4,"u":"1,87 €/L","img":"https://fd13-photos.leclercdrive.fr/image.ashx?id=2721531&use=l&cat=p&typeid=i","cat":284662},{"id":230318,"n":"Talc boîte poudreuse Felce Azzurra - 200g","p":2.29,"u":"11,45 €/KG","img":"https://fd13-photos.leclercdrive.fr/image.ashx?id=2938935&use=l&cat=p&typeid=i","cat":284741},{"id":230322,"n":"AOP vin rouge Château Graulet  Blaye côtes de Bordeaux - 75cl","p":7.5,"u":"10,00 €/L","img":"https://fd13-photos.leclercdrive.fr/image.ashx?id=2721877&use=l&cat=p&typeid=i","cat":289556},{"id":230323,"n":"Fromage Fol Epi  Extra fondant x6 - 130g","p":2.93,"u":"22,54 €/KG","img":"https://fd13-photos.leclercdrive.fr/image.ashx?id=2765934&use=l&cat=p&typeid=i","cat":314028},{"id":230382,"n":"Pavé truite Pomme de terre grenaille 600g","p":8.48,"u":"14,13 €/KG","img":"https://fd13-photos.leclercdrive.fr/image.ashx?id=2721946&use=l&cat=p&typeid=i","cat":284342},{"id":230647,"n":"Dessert végétal Andros Chocolat - 4x100g","p":2.76,"u":"6,90 €/KG","img":"https://fd13-photos.leclercdrive.fr/image.ashx?id=2872003&use=l&cat=p&typeid=i","cat":316071},{"id":230691,"n":"Carottes rapées Bonduelle À la moutarde à l'ancienne 300g","p":1.63,"u":"5,43 €/KG","img":"https://fd13-photos.leclercdrive.fr/image.ashx?id=2894179&use=l&cat=p&typeid=i","cat":333657},{"id":230705,"n":"Gnocchi à poêler Lustucru Jambon fromage - 500g","p":3.43,"u":"6,86 €/KG","img":"https://fd13-photos.leclercdrive.fr/image.ashx?id=2786213&use=l&cat=p&typeid=i","cat":333682},{"id":230740,"n":"Serviettes incontinence Eco+ Extra - x10","p":1.64,"img":"https://fd13-photos.leclercdrive.fr/image.ashx?id=2722979&use=l&cat=p&typeid=i","cat":284628},{"id":230743,"n":"Crème solaire visage Ecran Anti-tâches SPF50+ Viteox 50ml","p":9.77,"u":"195,40 €/L","img":"https://fd13-photos.leclercdrive.fr/image.ashx?id=2834356&use=l&cat=p&typeid=i","cat":325355},{"id":230754,"n":"Huile solaire Lovea Solaire - SPF30 - 150ml","p":12.58,"u":"83,87 €/L","img":"https://fd13-photos.leclercdrive.fr/image.ashx?id=2723827&use=l&cat=p&typeid=i","cat":325349},{"id":230757,"n":"Crème fixante Polident Soin & tolérance 0% - 44g","p":4.3,"u":"97,73 €/KG","img":"https://fd13-photos.leclercdrive.fr/image.ashx?id=2723893&use=l&cat=p&typeid=i","cat":285158},{"id":230761,"n":"Beurre doux Paysan Breton 250g","p":2.75,"u":"11,00 €/KG","img":"https://fd13-photos.leclercdrive.fr/image.ashx?id=2959460&use=l&cat=p&typeid=i","cat":284379},{"id":230763,"n":"Beurre demi-sel Paysan Breton 250g","p":2.75,"u":"11,00 €/KG","img":"https://fd13-photos.leclercdrive.fr/image.ashx?id=2959463&use=l&cat=p&typeid=i","cat":284379},{"id":230830,"n":"Crackers Belin Monaco Emmental 110g","p":1.25,"u":"11,36 €/KG","img":"https://fd13-photos.leclercdrive.fr/image.ashx?id=3002228&use=l&cat=p&typeid=i","cat":297000},{"id":230855,"n":"Crackers Belin Feuilleté Emmental 95g","p":1.55,"u":"16,32 €/KG","img":"https://fd13-photos.leclercdrive.fr/image.ashx?id=3005320&use=l&cat=p&typeid=i","cat":297000},{"id":230863,"n":"Crackers Monaco Belin Emmental  170g","p":1.42,"u":"8,35 €/KG","img":"https://fd13-photos.leclercdrive.fr/image.ashx?id=3002231&use=l&cat=p&typeid=i","cat":297000},{"id":230937,"n":"Panés végétal Better Balance 160g","p":2.78,"u":"17,38 €/KG","img":"https://fd13-photos.leclercdrive.fr/image.ashx?id=2866136&use=l&cat=p&typeid=i","cat":316036},{"id":230938,"n":"Knaggies végétal Better Balance 200g","p":3.43,"u":"17,15 €/KG","img":"https://fd13-photos.leclercdrive.fr/image.ashx?id=2964117&use=l&cat=p&typeid=i","cat":316036},{"id":230980,"n":"Chocolat lait Lindt Noisettes  Lucky Monkey - 100g","p":2.84,"u":"28,40 €/KG","img":"https://fd13-photos.leclercdrive.fr/image.ashx?id=2725075&use=l&cat=p&typeid=i","cat":284497},{"id":231020,"n":"Tube harissa El Manar - 70g","p":0.7,"u":"10,00 €/KG","img":"https://fd13-photos.leclercdrive.fr/image.ashx?id=2725810&use=l&cat=p&typeid=i","cat":289013},{"id":231021,"n":"Cassoulet Toulousain William Saurin - 420g","p":3.01,"u":"7,17 €/KG","img":"https://fd13-photos.leclercdrive.fr/image.ashx?id=2904080&use=l&cat=p&typeid=i","cat":284440},{"id":231048,"n":"Yaourts brassés bio pêche Les 2 Vaches - 4x115g","p":1.98,"u":"4,30 €/KG","img":"https://fd13-photos.leclercdrive.fr/image.ashx?id=2725714&use=l&cat=p&typeid=i","cat":284410},{"id":231052,"n":"Bacon fumé au bois de hêtre Cochonou - 10 tranches - 100g","p":1.91,"u":"19,10 €/KG","img":"https://fd13-photos.leclercdrive.fr/image.ashx?id=2833630&use=l&cat=p&typeid=i","cat":316007},{"id":231053,"n":"Saucisson sec Cochonou  -25% de sel 32 tranches - 100g","p":1.86,"u":"18,60 €/KG","img":"https://fd13-photos.leclercdrive.fr/image.ashx?id=2833633&use=l&cat=p&typeid=i","cat":316007},{"id":231084,"n":"Taille-crayon Esquisse Gris avec réserve 2 trous","p":0.55,"img":"https://fd13-photos.leclercdrive.fr/image.ashx?id=2724705&use=l&cat=p&typeid=i","cat":334133},{"id":231095,"n":"Mayonnaise de Dijon Amora 605g","p":3.46,"u":"5,72 €/KG","img":"https://fd13-photos.leclercdrive.fr/image.ashx?id=2877292&use=l&cat=p&typeid=i","cat":298295},{"id":231098,"n":"Thon Rio Mare 195g","p":4.43,"u":"22,72 €/KG","img":"https://fd13-photos.leclercdrive.fr/image.ashx?id=2725867&use=l&cat=p&typeid=i","cat":303867},{"id":231126,"n":"Thon entier MSC Rio Mare Filet d'huile d'olive - 120g","p":3.32,"u":"27,67 €/KG","img":"https://fd13-photos.leclercdrive.fr/image.ashx?id=2726263&use=l&cat=p&typeid=i","cat":303867},{"id":231127,"n":"Filets de thon Rio Mare Huile d'olive & piment 130g","p":3.86,"u":"29,69 €/KG","img":"https://fd13-photos.leclercdrive.fr/image.ashx?id=2726260&use=l&cat=p&typeid=i","cat":303867},{"id":231129,"n":"Filets de thon Rio Mare Huile d'olive vierge extra 130g","p":3.89,"u":"29,92 €/KG","img":"https://fd13-photos.leclercdrive.fr/image.ashx?id=2726257&use=l&cat=p&typeid=i","cat":303867},{"id":231147,"n":"Bonbons exotix 180g","p":1.76,"u":"9,78 €/KG","img":"https://fd13-photos.leclercdrive.fr/image.ashx?id=2984970&use=l&cat=p&typeid=i","cat":304250},{"id":231154,"n":"Lunch bowl Bonduelle Boulgour légumes - 250g","p":2.85,"u":"11,40 €/KG","img":"https://fd13-photos.leclercdrive.fr/image.ashx?id=2974300&use=l&cat=p&typeid=i","cat":284953},{"id":231155,"n":"Lunch bowl Bonduelle Epeautre légumes - 250g","p":2.85,"u":"11,40 €/KG","img":"https://fd13-photos.leclercdrive.fr/image.ashx?id=2984856&use=l&cat=p&typeid=i","cat":284953},{"id":231156,"n":"Lunch bowl Bonduelle Riz haricots rouges - 250g","p":2.85,"u":"11,40 €/KG","img":"https://fd13-photos.leclercdrive.fr/image.ashx?id=2984859&use=l&cat=p&typeid=i","cat":284953},{"id":231165,"n":"Vodka Busnel 40° 70cl","p":24.9,"u":"35,57 €/L","img":"https://fd13-photos.leclercdrive.fr/image.ashx?id=2728615&use=l&cat=p&typeid=i","cat":284550},{"id":231201,"n":"Lessive liquide X-tra Total Savon de Marseille x44 - 1.98L","p":8.52,"u":"4,30 €/L","img":"https://fd13-photos.leclercdrive.fr/image.ashx?id=2890631&use=l&cat=p&typeid=i","cat":284640},{"id":231202,"n":"Lessive liquide X-tra  Fraicheur Alpine x44  -1.98L","p":7.8,"u":"3,94 €/L","img":"https://fd13-photos.leclercdrive.fr/image.ashx?id=2727434&use=l&cat=p&typeid=i","cat":284640},{"id":231203,"n":"Lessive liquide Super Croix  X-tra Japon x42- 1.89L","p":10.5,"u":"5,56 €/L","img":"https://fd13-photos.leclercdrive.fr/image.ashx?id=2876272&use=l&cat=p&typeid=i","cat":284640},{"id":231205,"n":"Lessive liquide X-tra Total  Déo fraîcheur givré x40 - 1.80L","p":8.55,"u":"4,75 €/L","img":"https://fd13-photos.leclercdrive.fr/image.ashx?id=2936131&use=l&cat=p&typeid=i","cat":284640},{"id":231254,"n":"Bonbons Asti Pik Haribo  180g","p":1.75,"u":"9,72 €/KG","img":"https://fd13-photos.leclercdrive.fr/image.ashx?id=2984967&use=l&cat=p&typeid=i","cat":304250},{"id":231255,"n":"Bonbons pixels Haribo 180g","p":1.75,"u":"9,72 €/KG","img":"https://fd13-photos.leclercdrive.fr/image.ashx?id=2984964&use=l&cat=p&typeid=i","cat":304250},{"id":231262,"n":"Bière Desperados Virgin Punch 00%vol - 3x33cl","p":4.01,"u":"4,05 €/L","img":"https://fd13-photos.leclercdrive.fr/image.ashx?id=2977981&use=l&cat=p&typeid=i","cat":334877},{"id":231316,"n":"Pétillant Festillant Cassis sans alcool - 75cl","p":3.6,"u":"4,80 €/L","img":"https://fd13-photos.leclercdrive.fr/image.ashx?id=2910189&use=l&cat=p&typeid=i","cat":289460},{"id":231362,"n":"Barquettes de terrine Cesar Bio Natural Goodness - 100g","p":0.95,"u":"9,50 €/KG","img":"https://fd13-photos.leclercdrive.fr/image.ashx?id=2728657&use=l&cat=p&typeid=i","cat":284673},{"id":231364,"n":"Barquettes terrine Cesar Bio Natural Goodness - 100g","p":1.0,"u":"10,00 €/KG","img":"https://fd13-photos.leclercdrive.fr/image.ashx?id=2728654&use=l&cat=p&typeid=i","cat":284673},{"id":231368,"n":"Capsules café L'Or Espresso Supremo N°10 x30","p":9.26,"u":"59,36 €/KG","img":"https://fd13-photos.leclercdrive.fr/image.ashx?id=2788052&use=l&cat=p&typeid=i","cat":284749},{"id":231369,"n":"Capsules café L'Or Espresso Splendente N°7 x30","p":9.09,"u":"58,27 €/KG","img":"https://fd13-photos.leclercdrive.fr/image.ashx?id=2728846&use=l&cat=p&typeid=i","cat":284749},{"id":231370,"n":"Capsules café L'Or Espresso Ristretto N°11 x30","p":9.1,"u":"58,33 €/KG","img":"https://fd13-photos.leclercdrive.fr/image.ashx?id=2728843&use=l&cat=p&typeid=i","cat":284749},{"id":231371,"n":"Capsules café L'Or Espresso Forza N°9 x30","p":9.26,"u":"59,36 €/KG","img":"https://fd13-photos.leclercdrive.fr/image.ashx?id=3000468&use=l&cat=p&typeid=i","cat":284749},{"id":231372,"n":"Capsules café L'Or Espresso Delizioso N°5 x30","p":9.09,"u":"58,27 €/KG","img":"https://fd13-photos.leclercdrive.fr/image.ashx?id=2851345&use=l&cat=p&typeid=i","cat":284749},{"id":231394,"n":"Gommage Le Petit Marseillais Corps - Karité et argan - 150ml","p":4.38,"u":"29,20 €/L","img":"https://fd13-photos.leclercdrive.fr/image.ashx?id=2899428&use=l&cat=p&typeid=i","cat":325375},{"id":231402,"n":"Chips Paysannes Pom'Lisse Lardon oignon - 135g","p":1.29,"u":"9,56 €/KG","img":"https://fd13-photos.leclercdrive.fr/image.ashx?id=2919538&use=l&cat=p&typeid=i","cat":284447},{"id":231517,"n":"Eau aromatisée Volvic Zest Pêche - 1.5L","p":1.2,"u":"0,80 €/L","img":"https://fd13-photos.leclercdrive.fr/image.ashx?id=2753943&use=l&cat=p&typeid=i","cat":284537},{"id":231570,"n":"Badoit bulles de fruits rouges 1l","p":1.35,"u":"1,35 €/L","img":"https://fd13-photos.leclercdrive.fr/image.ashx?id=2964676&use=l&cat=p&typeid=i","cat":284536},{"id":231571,"n":"Badoit bulles de fruits  Exotiques - 1L","p":1.35,"u":"1,35 €/L","img":"https://fd13-photos.leclercdrive.fr/image.ashx?id=2753952&use=l&cat=p&typeid=i","cat":284536},{"id":231657,"n":"Tablettes lave-vaisselle Finish Power Plus - x35","p":7.56,"u":"13,50 €/KG","img":"https://fd13-photos.leclercdrive.fr/image.ashx?id=2749431&use=l&cat=p&typeid=i","cat":284656},{"id":231658,"n":"Lessive liquide X-tra Total  4 en 1 propreté x85 - 3.825L","p":13.94,"u":"3,64 €/L","img":"https://fd13-photos.leclercdrive.fr/image.ashx?id=2740568&use=l&cat=p&typeid=i","cat":284640},{"id":231659,"n":"Tablette lave-vaisselle Tout-en-un - x100","p":11.43,"img":"https://fd13-photos.leclercdrive.fr/image.ashx?id=2954908&use=l&cat=p&typeid=i","cat":284656},{"id":231660,"n":"Lessive liquide Super Croix  X-tra Maroc x42 - 1.890L","p":10.19,"u":"5,39 €/L","img":"https://fd13-photos.leclercdrive.fr/image.ashx?id=2876275&use=l&cat=p&typeid=i","cat":284640},{"id":231667,"n":"Brosse à dent Colgate Zig Zag Souple - x1","p":2.49,"img":"https://fd13-photos.leclercdrive.fr/image.ashx?id=2740910&use=l&cat=p&typeid=i","cat":284614},{"id":231692,"n":"Crème corps Mixa Réparatrice - 150ml","p":2.95,"u":"19,67 €/L","img":"https://fd13-photos.leclercdrive.fr/image.ashx?id=2867557&use=l&cat=p&typeid=i","cat":325350},{"id":231694,"n":"Crème corps Mixa Réparatrice Peau sensibles  - 150ml","p":2.95,"u":"19,67 €/L","img":"https://fd13-photos.leclercdrive.fr/image.ashx?id=2892199&use=l&cat=p&typeid=i","cat":325350},{"id":231704,"n":"Lessive multi-usages St Marc  à la Résine de pin - 1,4kg","p":4.65,"u":"3,32 €/KG","img":"https://fd13-photos.leclercdrive.fr/image.ashx?id=2884645&use=l&cat=p&typeid=i","cat":325365},{"id":231709,"n":"Capsules lave-vaisselle Finish Ultimate Plus Citron - x35","p":9.49,"u":"22,22 €/KG","img":"https://fd13-photos.leclercdrive.fr/image.ashx?id=2749437&use=l&cat=p&typeid=i","cat":284656},{"id":231713,"n":"Spray nettoyant Cillit Bang Expert crasse & calcaire 750ml","p":3.74,"u":"4,99 €/L","img":"https://fd13-photos.leclercdrive.fr/image.ashx?id=2839755&use=l&cat=p&typeid=i","cat":325362},{"id":231717,"n":"ST MARC Liquide Nettoyant Multi Usages Côtes Bretonnes - 1L","p":2.59,"u":"2,59 €/L","img":"https://fd13-photos.leclercdrive.fr/image.ashx?id=2859074&use=l&cat=p&typeid=i","cat":284907},{"id":231719,"n":"Lessive capsules Super Croix X-tra Bora Bora x28  - 336g","p":7.91,"u":"23,54 €/KG","img":"https://fd13-photos.leclercdrive.fr/image.ashx?id=2876284&use=l&cat=p&typeid=i","cat":284641},{"id":231735,"n":"Dés de jambon à l'étouffé Fleury Michon - 150g","p":1.58,"u":"10,53 €/KG","img":"https://fd13-photos.leclercdrive.fr/image.ashx?id=2740538&use=l&cat=p&typeid=i","cat":316011},{"id":231923,"n":"Liquide vaisselle Maison Verte  Dégraissant, écologique - 500ml","p":1.79,"u":"3,58 €/L","img":"https://fd13-photos.leclercdrive.fr/image.ashx?id=2890619&use=l&cat=p&typeid=i","cat":284655},{"id":231951,"n":"Calculatrice poche Esquisse Grise","p":2.75,"u":"Dont 0,19 € d'éco-part.","img":"https://fd13-photos.leclercdrive.fr/image.ashx?id=2742339&use=l&cat=p&typeid=i","cat":334133},{"id":232022,"n":"Lessive capsules Super Croix  X-tra Japon x28 - 336g","p":8.37,"u":"24,91 €/KG","img":"https://fd13-photos.leclercdrive.fr/image.ashx?id=2876278&use=l&cat=p&typeid=i","cat":284641},{"id":232043,"n":"Lessive liquide X-tra Total 4+1 - Ecopack - 1.26L - x28","p":5.22,"u":"4,14 €/L","img":"https://fd13-photos.leclercdrive.fr/image.ashx?id=2890637&use=l&cat=p&typeid=i","cat":284640},{"id":232084,"n":"Serviette Ultra Puresens,Normal","p":1.88,"img":"https://fd13-photos.leclercdrive.fr/image.ashx?id=2756452&use=l&cat=p&typeid=i","cat":284624},{"id":232112,"n":"Bâtonnets Magnum 3 variétés x8 - 572g","p":6.16,"u":"10,77 €/KG","img":"https://fd13-photos.leclercdrive.fr/image.ashx?id=3009308&use=l&cat=p&typeid=i","cat":284265},{"id":232122,"n":"Chorizo tapas Cesar Moroni Doux - 180g","p":3.2,"u":"17,78 €/KG","img":"https://fd13-photos.leclercdrive.fr/image.ashx?id=2948944&use=l&cat=p&typeid=i","cat":316006},{"id":232123,"n":"Chorizo tapas César Moroni Fort - 180g","p":3.2,"u":"17,78 €/KG","img":"https://fd13-photos.leclercdrive.fr/image.ashx?id=2744962&use=l&cat=p&typeid=i","cat":316006},{"id":232130,"n":"Lessive liquide Super Croix  X-tra Bora Bora x63 - 2.835L","p":14.19,"u":"5,01 €/L","img":"https://fd13-photos.leclercdrive.fr/image.ashx?id=2876269&use=l&cat=p&typeid=i","cat":284640},{"id":232136,"n":"Lessive poudre Le Chat  Sensitive x36 - 2.16kg","p":11.88,"u":"5,50 €/KG","img":"https://fd13-photos.leclercdrive.fr/image.ashx?id=2965031&use=l&cat=p&typeid=i","cat":284642},{"id":232150,"n":"Lessive liquide Mir Couleurs  Raviveur couleurs x27 - 1.35L","p":5.68,"u":"4,21 €/L","img":"https://fd13-photos.leclercdrive.fr/image.ashx?id=2744034&use=l&cat=p&typeid=i","cat":284644},{"id":232183,"n":"Liquide vaisselle Mir  Dégraissant citron - 450ml","p":1.75,"u":"3,89 €/L","img":"https://fd13-photos.leclercdrive.fr/image.ashx?id=2744028&use=l&cat=p&typeid=i","cat":284655},{"id":232186,"n":"Liquide vaisselle Mir  Dégraissant orange - 450ml","p":1.84,"u":"4,09 €/L","img":"https://fd13-photos.leclercdrive.fr/image.ashx?id=2874907&use=l&cat=p&typeid=i","cat":284655},{"id":232193,"n":"Liquide vaisselle Mir vinaigre Pamplemousse dégraissant -450ml","p":1.77,"u":"3,93 €/L","img":"https://fd13-photos.leclercdrive.fr/image.ashx?id=2889346&use=l&cat=p&typeid=i","cat":284655},{"id":232195,"n":"Liquide vaisselle Mir  Peau sensible aloe vera - 450ml","p":1.76,"u":"3,91 €/L","img":"https://fd13-photos.leclercdrive.fr/image.ashx?id=2874904&use=l&cat=p&typeid=i","cat":284655},{"id":232201,"n":"Liquide vaisselle Mir  Dégraissant & brillance - 450ml","p":1.79,"u":"3,98 €/L","img":"https://fd13-photos.leclercdrive.fr/image.ashx?id=2744049&use=l&cat=p&typeid=i","cat":284655},{"id":232230,"n":"Crème visage Mixa Expert Anti-tâches SPF20 - 50ml","p":9.89,"u":"197,80 €/L","img":"https://fd13-photos.leclercdrive.fr/image.ashx?id=2770551&use=l&cat=p&typeid=i","cat":325345},{"id":232231,"n":"Nettoyant confort visage Mixa Anti-secheresse - 150ml","p":5.29,"u":"35,27 €/L","img":"https://fd13-photos.leclercdrive.fr/image.ashx?id=2744171&use=l&cat=p&typeid=i","cat":284603},{"id":232233,"n":"Gelée matifiante visage Mixa Anti-imperfections - 50ml","p":10.25,"u":"205,00 €/L","img":"https://fd13-photos.leclercdrive.fr/image.ashx?id=2770554&use=l&cat=p&typeid=i","cat":325345},{"id":232237,"n":"Nettoyant confort visage Mixa Anti-imperfection - 150ml","p":5.33,"u":"35,53 €/L","img":"https://fd13-photos.leclercdrive.fr/image.ashx?id=2744168&use=l&cat=p&typeid=i","cat":284603},{"id":232275,"n":"Bain de bouche Colgate Max Fraîcheur intense - 500ml","p":3.98,"u":"7,96 €/L","img":"https://fd13-photos.leclercdrive.fr/image.ashx?id=2745433&use=l&cat=p&typeid=i","cat":284613},{"id":232299,"n":"Bande de cire visage Nair Kit Caresse - x20","p":3.74,"img":"https://fd13-photos.leclercdrive.fr/image.ashx?id=2903236&use=l&cat=p&typeid=i","cat":325351},{"id":232304,"n":"Brosse à dent Signal  Integral 8 - Souple - x1","p":1.69,"img":"https://fd13-photos.leclercdrive.fr/image.ashx?id=2772539&use=l&cat=p&typeid=i","cat":284614},{"id":232305,"n":"Brosse à dent Signal Triple action - Souple - x4","p":1.52,"img":"https://fd13-photos.leclercdrive.fr/image.ashx?id=2745871&use=l&cat=p&typeid=i","cat":284614},{"id":232309,"n":"Bloc WC Fresh Disc Canard Citron vert - 1x36ml","p":3.06,"img":"https://fd13-photos.leclercdrive.fr/image.ashx?id=2745769&use=l&cat=p&typeid=i","cat":284662},{"id":232311,"n":"Dentifrice enfant L'Arbre Vert Bien-être Fraise 7-12 ans 50ml","p":2.43,"u":"48,60 €/L","img":"https://fd13-photos.leclercdrive.fr/image.ashx?id=2892811&use=l&cat=p&typeid=i","cat":288898},{"id":232312,"n":"Bain de bouche Sanogyl Soin complet+Blancheur - 500ml","p":4.8,"u":"9,60 €/L","img":"https://fd13-photos.leclercdrive.fr/image.ashx?id=2745706&use=l&cat=p&typeid=i","cat":284613},{"id":232315,"n":"Nettoyant Steradent Pureté active - x36","p":2.33,"img":"https://fd13-photos.leclercdrive.fr/image.ashx?id=2745604&use=l&cat=p&typeid=i","cat":285158},{"id":232319,"n":"Tablettes lave-vaisselle Sun Tout-en-1 - x24 -396g","p":6.53,"u":"16,49 €/KG","img":"https://fd13-photos.leclercdrive.fr/image.ashx?id=2760543&use=l&cat=p&typeid=i","cat":284656},{"id":232321,"n":"Lessive capsules Tout-en-1 Skip Soin complet - x24 - 506.4g","p":14.51,"u":"28,68 €/KG","img":"https://fd13-photos.leclercdrive.fr/image.ashx?id=2773931&use=l&cat=p&typeid=i","cat":284641},{"id":232345,"n":"Adoucissant Soupline concentré Utra Emotion Rose - 1.28L - x60","p":5.58,"u":"4,36 €/L","img":"https://fd13-photos.leclercdrive.fr/image.ashx?id=2832575&use=l&cat=p&typeid=i","cat":284650},{"id":232346,"n":"Tablettes Adoucissant Soupline Coeur Emotion Rose - x28 336g","p":6.99,"u":"20,80 €/KG","img":"https://fd13-photos.leclercdrive.fr/image.ashx?id=2745841&use=l&cat=p&typeid=i","cat":284650},{"id":232347,"n":"Perles de linge Soupline Coco - 230g","p":7.69,"u":"33,43 €/KG","img":"https://fd13-photos.leclercdrive.fr/image.ashx?id=2945829&use=l&cat=p&typeid=i","cat":325302},{"id":232351,"n":"Désinfectant du linge Lysol  Douceur de printemps - 1L","p":5.99,"pp":3.95,"u":"3,95 €/L","img":"https://fd13-photos.leclercdrive.fr/image.ashx?id=2745745&use=l&cat=p&typeid=i","cat":290451},{"id":232352,"n":"Désinfectant du linge Lysol  Parfum linge frais - 1,5L","p":5.99,"pp":3.95,"u":"2,63 €/L","img":"https://fd13-photos.leclercdrive.fr/image.ashx?id=2745742&use=l&cat=p&typeid=i","cat":290451},{"id":232357,"n":"Recharge Gel douche Sanex Zéro - Peaux sensibles - 500ml","p":3.15,"u":"6,30 €/L","img":"https://fd13-photos.leclercdrive.fr/image.ashx?id=2745856&use=l&cat=p&typeid=i","cat":284594},{"id":232358,"n":"Gel lavant désinfectant Sanytol Purifiant - 500ml","p":5.32,"u":"10,64 €/L","img":"https://fd13-photos.leclercdrive.fr/image.ashx?id=2904664&use=l&cat=p&typeid=i","cat":284597},{"id":232367,"n":"Déodorant spray homme Axe Black Vanilla 72h - 150ml","p":4.34,"u":"28,93 €/L","img":"https://fd13-photos.leclercdrive.fr/image.ashx?id=2910237&use=l&cat=p&typeid=i","cat":284618},{"id":232369,"n":"Bain de bouche Colgate Max Fresh Protection complète 500ml","p":3.27,"u":"6,54 €/L","img":"https://fd13-photos.leclercdrive.fr/image.ashx?id=2747178&use=l&cat=p&typeid=i","cat":284613},{"id":232371,"n":"Dentifrice enfant Elmex Anti-caries - 6-12 ans - 75ml","p":3.05,"u":"40,67 €/L","img":"https://fd13-photos.leclercdrive.fr/image.ashx?id=2747175&use=l&cat=p&typeid=i","cat":288898},{"id":232372,"n":"Bière blonde Gallia Champ Libre 1.98L","p":9.94,"u":"5,02 €/L","img":"https://fd13-photos.leclercdrive.fr/image.ashx?id=2746857&use=l&cat=p&typeid=i","cat":334872},{"id":232374,"n":"Bière blonde Gallia Champ Libre 50cl","p":3.29,"u":"6,58 €/L","img":"https://fd13-photos.leclercdrive.fr/image.ashx?id=2807528&use=l&cat=p&typeid=i","cat":334853},{"id":232375,"n":"Déodorant stick homme Rexona Anti-transpirant - 45ml","p":3.84,"u":"85,33 €/L","img":"https://fd13-photos.leclercdrive.fr/image.ashx?id=2747166&use=l&cat=p&typeid=i","cat":284618},{"id":232380,"n":"Bière West Coast Gallia Nouveau Western - 66cl","p":4.75,"u":"7,20 €/L","img":"https://fd13-photos.leclercdrive.fr/image.ashx?id=2765614&use=l&cat=p&typeid=i","cat":334872},{"id":232389,"n":"Nettoyant Textiles Tech9 + Brosse","p":4.59,"img":"https://fd13-photos.leclercdrive.fr/image.ashx?id=2907267&use=l&cat=p&typeid=i","cat":298252},{"id":232390,"n":"Efface rayures Tech9 Universel - 100ml","p":2.6,"u":"26,00 €/L","img":"https://fd13-photos.leclercdrive.fr/image.ashx?id=2907273&use=l&cat=p&typeid=i","cat":298252},{"id":232403,"n":"Nettoyant multi-usages Tech9 Ecocert - 500ml","p":3.4,"u":"6,80 €/L","img":"https://fd13-photos.leclercdrive.fr/image.ashx?id=2907285&use=l&cat=p&typeid=i","cat":298252},{"id":232410,"n":"Nettoyant plastique Tech9 Vanille - Brillance - 400ml","p":3.99,"u":"9,98 €/L","img":"https://fd13-photos.leclercdrive.fr/image.ashx?id=2884285&use=l&cat=p&typeid=i","cat":298252},{"id":232421,"n":"Café Soluble Nescafé Cappuccino Vanille - 276g","p":4.45,"u":"16,12 €/KG","img":"https://fd13-photos.leclercdrive.fr/image.ashx?id=2866843&use=l&cat=p&typeid=i","cat":284843},{"id":232519,"n":"Pâtes Barilla Risoni - 500g","p":1.27,"u":"2,54 €/KG","img":"https://fd13-photos.leclercdrive.fr/image.ashx?id=2748665&use=l&cat=p&typeid=i","cat":284427},{"id":232642,"n":"Boisson énergisante Red Bull Goût Juneberry, 250ml","p":1.25,"u":"5,00 €/L","img":"https://fd13-photos.leclercdrive.fr/image.ashx?id=2748713&use=l&cat=p&typeid=i","cat":284533},{"id":232704,"n":"Filets de maquereaux Petit  Navire Sauce escabeche 169g","p":1.64,"u":"9,70 €/KG","img":"https://fd13-photos.leclercdrive.fr/image.ashx?id=2748113&use=l&cat=p&typeid=i","cat":303868},{"id":232740,"n":"Chips Tuiles Pringles HOT Barbecue Ribs - 160g","p":1.95,"u":"12,19 €/KG","img":"https://fd13-photos.leclercdrive.fr/image.ashx?id=2749506&use=l&cat=p&typeid=i","cat":287899},{"id":232769,"n":"Skyr à boire Danone Fruits rouges 270g","p":1.76,"u":"6,52 €/KG","img":"https://fd13-photos.leclercdrive.fr/image.ashx?id=2748787&use=l&cat=p&typeid=i","cat":284415},{"id":232770,"n":"Skyr à boire Danone Vanille 270g","p":1.95,"u":"7,22 €/KG","img":"https://fd13-photos.leclercdrive.fr/image.ashx?id=2817332&use=l&cat=p&typeid=i","cat":284415},{"id":232773,"n":"Boisson lactée chocolatée  Nesquik Shake - 240ml","p":1.68,"u":"7,00 €/L","img":"https://fd13-photos.leclercdrive.fr/image.ashx?id=2749536&use=l&cat=p&typeid=i","cat":295246},{"id":232780,"n":"Pansements Mercurochrome Peau sensible - x40","p":4.07,"u":"0,10 €/P","img":"https://fd13-photos.leclercdrive.fr/image.ashx?id=2785826&use=l&cat=p&typeid=i","cat":284630},{"id":232781,"n":"Pansements Mercurochrome Kit Ampoules  - 5 pièces","p":6.85,"u":"1,37 €/P","img":"https://fd13-photos.leclercdrive.fr/image.ashx?id=2750414&use=l&cat=p&typeid=i","cat":284630},{"id":232782,"n":"Sparadrap Mercurochrome Prévention ampoules - 2m x 5cm","p":2.94,"img":"https://fd13-photos.leclercdrive.fr/image.ashx?id=2785835&use=l&cat=p&typeid=i","cat":284630},{"id":232784,"n":"Pince à épiler Mercurochrome Multifonction - 1 pièce","p":3.86,"img":"https://fd13-photos.leclercdrive.fr/image.ashx?id=2750435&use=l&cat=p&typeid=i","cat":284630},{"id":232785,"n":"Sparadrap Mercurochrome Tissu résistant - 5m x 2.5cm","p":3.6,"img":"https://fd13-photos.leclercdrive.fr/image.ashx?id=2862158&use=l&cat=p&typeid=i","cat":284630},{"id":232786,"n":"Solution Mercurochrome Antiseptique incolore - 100ml","p":5.17,"u":"51,70 €/L","img":"https://fd13-photos.leclercdrive.fr/image.ashx?id=2816853&use=l&cat=p&typeid=i","cat":284630},{"id":232839,"n":"Gel déboucheur Destop  Turbo 5 min - 4 doses - 1L","p":7.17,"u":"7,17 €/L","img":"https://fd13-photos.leclercdrive.fr/image.ashx?id=2976032&use=l&cat=p&typeid=i","cat":284908},{"id":232840,"n":"Gel déboucheur Destop  Turbo 5 min - 2 doses - 500ml","p":3.99,"u":"7,98 €/L","img":"https://fd13-photos.leclercdrive.fr/image.ashx?id=2976029&use=l&cat=p&typeid=i","cat":284908},{"id":232843,"n":"Porc paysanne Paysan Breton 300g","p":3.48,"u":"11,60 €/KG","img":"https://fd13-photos.leclercdrive.fr/image.ashx?id=2750291&use=l&cat=p&typeid=i","cat":284953},{"id":232858,"n":"L'Onctueux Rians Caramel beurre salé - 2x90g","p":2.47,"u":"13,72 €/KG","img":"https://fd13-photos.leclercdrive.fr/image.ashx?id=2750438&use=l&cat=p&typeid=i","cat":285041},{"id":232945,"n":"Kéfir à boire Activia  Myrtille - 280g","p":1.76,"u":"6,29 €/KG","img":"https://fd13-photos.leclercdrive.fr/image.ashx?id=2983012&use=l&cat=p&typeid=i","cat":284415},{"id":232946,"n":"Kefir à boire Activia  Nature 280g","p":1.68,"u":"6,00 €/KG","img":"https://fd13-photos.leclercdrive.fr/image.ashx?id=2750976&use=l&cat=p&typeid=i","cat":284415},{"id":232948,"n":"Crème dessert Danette Pop  Chocolat Noisette x4 - 472g","p":2.83,"u":"6,00 €/P","img":"https://fd13-photos.leclercdrive.fr/image.ashx?id=2935732&use=l&cat=p&typeid=i","cat":285041},{"id":232949,"n":"Cottage cheese Danone Nature x2 - 360g","p":3.94,"u":"10,94 €/KG","img":"https://fd13-photos.leclercdrive.fr/image.ashx?id=2915694&use=l&cat=p&typeid=i","cat":314029},{"id":232961,"n":"Gel douche Sanex Zéro% Sensitive Pompe - 700ml","p":5.86,"u":"8,37 €/L","img":"https://fd13-photos.leclercdrive.fr/image.ashx?id=2751384&use=l&cat=p&typeid=i","cat":284594},{"id":232963,"n":"Yaourt à boire Hipro+ Cafe latte - 345g","p":2.98,"u":"8,64 €/KG","img":"https://fd13-photos.leclercdrive.fr/image.ashx?id=2807450&use=l&cat=p&typeid=i","cat":284415},{"id":232964,"n":"Gel douche enfant Sanex Zéro % Pompe - 700ml","p":6.74,"u":"9,63 €/L","img":"https://fd13-photos.leclercdrive.fr/image.ashx?id=2751381&use=l&cat=p&typeid=i","cat":284594},{"id":232966,"n":"Yaourt à boire Hipro+ Café caramel 345g","p":2.97,"u":"8,61 €/KG","img":"https://fd13-photos.leclercdrive.fr/image.ashx?id=2807447&use=l&cat=p&typeid=i","cat":284415},{"id":232969,"n":"Gel douche Sanex Essentials Zéro% - Peau sensibles - 475ml","p":3.68,"u":"7,75 €/L","img":"https://fd13-photos.leclercdrive.fr/image.ashx?id=2751375&use=l&cat=p&typeid=i","cat":284594},{"id":232971,"n":"Râpe Scholl Manuelle Nanofile - x1","p":7.95,"img":"https://fd13-photos.leclercdrive.fr/image.ashx?id=2990958&use=l&cat=p&typeid=i","cat":323852},{"id":232972,"n":"Gel Douche Homme Nivea Men 3 en 1 Réveil Express - 250ml","p":1.71,"u":"6,84 €/L","img":"https://fd13-photos.leclercdrive.fr/image.ashx?id=2985459&use=l&cat=p&typeid=i","cat":284619},{"id":232974,"n":"Gel massage Intimy Pomme d'amour - 200ml","p":6.28,"u":"31,40 €/L","img":"https://fd13-photos.leclercdrive.fr/image.ashx?id=2751012&use=l&cat=p&typeid=i","cat":285160},{"id":232980,"n":"Bougie Glade Aromatherapy Lavande & bois de santal - x1","p":7.19,"img":"https://fd13-photos.leclercdrive.fr/image.ashx?id=2867722&use=l&cat=p&typeid=i","cat":284666},{"id":232984,"n":"Bougie Glade I Love You - 112g","p":4.49,"img":"https://fd13-photos.leclercdrive.fr/image.ashx?id=2865440&use=l&cat=p&typeid=i","cat":284666},{"id":232986,"n":"Bougie Glade Anti-tabac - 112g","p":4.75,"img":"https://fd13-photos.leclercdrive.fr/image.ashx?id=2751276&use=l&cat=p&typeid=i","cat":284666},{"id":232991,"n":"Déodorant Eco+ Floral - 200ml","p":0.87,"u":"4,35 €/L","img":"https://fd13-photos.leclercdrive.fr/image.ashx?id=2750270&use=l&cat=p&typeid=i","cat":284595},{"id":233041,"n":"Collant Beauty resist Dim Semi-opaque - Noir - T2","p":5.9,"img":"https://fd13-photos.leclercdrive.fr/image.ashx?id=3002123&use=l&cat=p&typeid=i","cat":334130},{"id":233042,"n":"Collant Beauty resist Dim Semi-opaque - Noir - T3","p":5.9,"img":"https://fd13-photos.leclercdrive.fr/image.ashx?id=3002126&use=l&cat=p&typeid=i","cat":334130},{"id":233045,"n":"Collant Beauty resist Dim Semi-opaque - Noir - T4","p":5.9,"img":"https://fd13-photos.leclercdrive.fr/image.ashx?id=2753160&use=l&cat=p&typeid=i","cat":334130},{"id":233070,"n":"Collant Dim Opaque velouté - Marine T1/2","p":5.5,"img":"https://fd13-photos.leclercdrive.fr/image.ashx?id=2751699&use=l&cat=p&typeid=i","cat":334130},{"id":233100,"n":"Rasoir Intuition Wilkinson Sensitive Care 2en1 - x1","p":9.16,"img":"https://fd13-photos.leclercdrive.fr/image.ashx?id=2849430&use=l&cat=p&typeid=i","cat":325352},{"id":233115,"n":"Shampooing Herbal Essences Rose - 2x250ml","p":9.13,"u":"18,26 €/L","img":"https://fd13-photos.leclercdrive.fr/image.ashx?id=2864218&use=l&cat=p&typeid=i","cat":284606},{"id":233117,"n":"Shampooing Herbal Essences Noix de coco - 2x250ml","p":6.68,"u":"13,36 €/L","img":"https://fd13-photos.leclercdrive.fr/image.ashx?id=2903851&use=l&cat=p&typeid=i","cat":284606},{"id":233151,"n":"Masque cheveux fructis Nourrissant - Banana - 320ml","p":5.89,"u":"18,41 €/L","img":"https://fd13-photos.leclercdrive.fr/image.ashx?id=2754042&use=l&cat=p&typeid=i","cat":284608},{"id":233153,"n":"Masque cheveux Fructis Nutrition Beurre de cacao 320ml","p":5.89,"u":"18,41 €/L","img":"https://fd13-photos.leclercdrive.fr/image.ashx?id=2788763&use=l&cat=p&typeid=i","cat":284608},{"id":233154,"n":"Masque cheveux Fructis Hydratant - Aloe Vera - 320ml","p":5.89,"u":"18,41 €/L","img":"https://fd13-photos.leclercdrive.fr/image.ashx?id=2754048&use=l&cat=p&typeid=i","cat":284608},{"id":233177,"n":"Chips Tuiles Pringles HOT Sweet Chili - 160g","p":1.97,"u":"12,31 €/KG","img":"https://fd13-photos.leclercdrive.fr/image.ashx?id=2753241&use=l&cat=p&typeid=i","cat":287899},{"id":233179,"n":"Chips Tuiles Pringles HOT Mexican Chili & Lime - 160g","p":1.97,"u":"12,31 €/KG","img":"https://fd13-photos.leclercdrive.fr/image.ashx?id=2753244&use=l&cat=p&typeid=i","cat":284447},{"id":233204,"n":"Guimauves Chocours Copains copines 600g","p":5.19,"u":"8,65 €/KG","img":"https://fd13-photos.leclercdrive.fr/image.ashx?id=2934778&use=l&cat=p&typeid=i","cat":304250},{"id":233211,"n":"Bière West Coast Gallia 50cl","p":2.79,"u":"5,58 €/L","img":"https://fd13-photos.leclercdrive.fr/image.ashx?id=2765348&use=l&cat=p&typeid=i","cat":334853},{"id":233227,"n":"Liquide refroidissement Total Universel -26° - 1L","p":3.9,"u":"3,90 €/L","img":"https://fd13-photos.leclercdrive.fr/image.ashx?id=2753967&use=l&cat=p&typeid=i","cat":298252},{"id":233228,"n":"Liquide refroidissement Total Spécial Renault -37° - 1L","p":4.9,"u":"4,90 €/L","img":"https://fd13-photos.leclercdrive.fr/image.ashx?id=2753970&use=l&cat=p&typeid=i","cat":298252},{"id":233237,"n":"Lave glace hiver Total Energies Wash - 5L","p":11.21,"u":"2,24 €/L","img":"https://fd13-photos.leclercdrive.fr/image.ashx?id=2752936&use=l&cat=p&typeid=i","cat":298252},{"id":233252,"n":"Flammekueches Kauffer's Thon - x2  540g","p":6.4,"u":"11,85 €/KG","img":"https://fd13-photos.leclercdrive.fr/image.ashx?id=2806177&use=l&cat=p&typeid=i","cat":284256},{"id":233266,"n":"Mouchoirs Kleenex boîte Ultra soft - x48","p":2.08,"u":"0,04 €/P","img":"https://fd13-photos.leclercdrive.fr/image.ashx?id=2940342&use=l&cat=p&typeid=i","cat":284638},{"id":233313,"n":"Gel WC Javel Harpic Ultra blancheur Agrumes - 750ml","p":1.79,"u":"2,39 €/L","img":"https://fd13-photos.leclercdrive.fr/image.ashx?id=2864690&use=l&cat=p&typeid=i","cat":284662},{"id":233324,"n":"Bâtonnets Magnum Classic x6 - 450g","p":3.89,"u":"8,64 €/KG","img":"https://fd13-photos.leclercdrive.fr/image.ashx?id=2754839&use=l&cat=p&typeid=i","cat":284265},{"id":233355,"n":"Pickers by McCain Emmental stick - 230g","p":3.99,"u":"17,35 €/KG","img":"https://fd13-photos.leclercdrive.fr/image.ashx?id=2922290&use=l&cat=p&typeid=i","cat":319774},{"id":233405,"n":"Emmental Entremont  Tendre Meule - 160g","p":1.97,"u":"12,31 €/KG","img":"https://fd13-photos.leclercdrive.fr/image.ashx?id=2983135&use=l&cat=p&typeid=i","cat":314034},{"id":233411,"n":"Mini pots Häagen-Dazs Lotus Biscoff Collection 324g","p":6.21,"u":"19,17 €/KG","img":"https://fd13-photos.leclercdrive.fr/image.ashx?id=2893474&use=l&cat=p&typeid=i","cat":284725},{"id":233414,"n":"Ciseaux gaucher Esquissse Multicoloris - 13cm","p":0.89,"img":"https://fd13-photos.leclercdrive.fr/image.ashx?id=2754916&use=l&cat=p&typeid=i","cat":334133},{"id":233473,"n":"Bière blonde Leffe Prestige 124 8,5% - 75cl","p":4.34,"u":"5,79 €/L","img":"https://fd13-photos.leclercdrive.fr/image.ashx?id=2755816&use=l&cat=p&typeid=i","cat":334852},{"id":233480,"n":"Fromage à tartiner Madame Loïk 9x20g","p":1.99,"u":"11,06 €/KG","img":"https://fd13-photos.leclercdrive.fr/image.ashx?id=2945562&use=l&cat=p&typeid=i","cat":314029},{"id":233491,"n":"Boisson au jus Pago Fruit du dragon Goyave - 75cl","p":2.47,"u":"3,29 €/L","img":"https://fd13-photos.leclercdrive.fr/image.ashx?id=2964357&use=l&cat=p&typeid=i","cat":284916},{"id":233543,"n":"Salade façon Auvergnate Bonduelle 250g","p":2.66,"u":"10,64 €/KG","img":"https://fd13-photos.leclercdrive.fr/image.ashx?id=2894206&use=l&cat=p&typeid=i","cat":333657},{"id":233550,"n":"Salade Quinoa semoule noisettes Bonduelle 250g","p":2.59,"u":"10,36 €/KG","img":"https://fd13-photos.leclercdrive.fr/image.ashx?id=2903002&use=l&cat=p&typeid=i","cat":333657},{"id":233570,"n":"Ampoule Led Foxter  Standard B22 60W Chaud","p":4.99,"u":"Dont 0,29 € d'éco-part.","img":"https://fd13-photos.leclercdrive.fr/image.ashx?id=2756161&use=l&cat=p&typeid=i","cat":300573},{"id":233576,"n":"Piment harissa El Manar 135g","p":0.75,"u":"5,56 €/KG","img":"https://fd13-photos.leclercdrive.fr/image.ashx?id=2757470&use=l&cat=p&typeid=i","cat":298298},{"id":233611,"n":"Mousseline au saumon Révélation Purina Gourmet - 4x57g","p":3.02,"u":"13,25 €/KG","img":"https://fd13-photos.leclercdrive.fr/image.ashx?id=2757812&use=l&cat=p&typeid=i","cat":285286},{"id":233624,"n":"Baume corps Le Petit Marseillais - Coco - 380ml","p":7.55,"u":"19,87 €/L","img":"https://fd13-photos.leclercdrive.fr/image.ashx?id=2758105&use=l&cat=p&typeid=i","cat":325350},{"id":233625,"n":"Gommage corps Le Petit Marseillais - Coco - 150ml","p":4.58,"u":"30,53 €/L","img":"https://fd13-photos.leclercdrive.fr/image.ashx?id=2758108&use=l&cat=p&typeid=i","cat":325375},{"id":233626,"n":"Spray démêlant Le Petit Marseillais Pamplemousse 200ml","p":3.76,"u":"18,80 €/L","img":"https://fd13-photos.leclercdrive.fr/image.ashx?id=2758099&use=l&cat=p&typeid=i","cat":284608},{"id":233627,"n":"Gel douche Le Petit Marseillais Verveine Bio & citron Bio 650ml","p":4.15,"u":"6,38 €/L","img":"https://fd13-photos.leclercdrive.fr/image.ashx?id=2758114&use=l&cat=p&typeid=i","cat":284594},{"id":233629,"n":"Shampooing Le Petit Marseillais Force & éclat - 300ml","p":1.92,"u":"6,40 €/L","img":"https://fd13-photos.leclercdrive.fr/image.ashx?id=2758090&use=l&cat=p&typeid=i","cat":284606},{"id":233630,"n":"Shampooing Le Petit Marseillais Nutrition - 300ml","p":1.92,"u":"6,40 €/L","img":"https://fd13-photos.leclercdrive.fr/image.ashx?id=2758093&use=l&cat=p&typeid=i","cat":284606},{"id":233631,"n":"Shampooing Le Petit Marseillais Purifiant - 300ml","p":1.92,"u":"6,40 €/L","img":"https://fd13-photos.leclercdrive.fr/image.ashx?id=2758096&use=l&cat=p&typeid=i","cat":284606},{"id":233632,"n":"Shampooing Le Petit Marseillais Douceur & éclat - 300ml","p":2.1,"u":"7,00 €/MT","img":"https://fd13-photos.leclercdrive.fr/image.ashx?id=2758111&use=l&cat=p&typeid=i","cat":284606},{"id":233645,"n":"Café Soluble Starbucks Caramel Latte 5 sticks - 115g","p":2.83,"u":"24,61 €/KG","img":"https://fd13-photos.leclercdrive.fr/image.ashx?id=2766099&use=l&cat=p&typeid=i","cat":284843},{"id":233646,"n":"Café Soluble Starbucks White Mocha 5 sticks - 120g","p":2.96,"u":"24,67 €/KG","img":"https://fd13-photos.leclercdrive.fr/image.ashx?id=2758463&use=l&cat=p&typeid=i","cat":284843},{"id":233729,"n":"Lessive liquide Skip Cycle  Court Efficacité Express x54","p":14.75,"u":"6,83 €/L","img":"https://fd13-photos.leclercdrive.fr/image.ashx?id=2843553&use=l&cat=p&typeid=i","cat":284640},{"id":233730,"n":"Lessive liquide Skip Cycle Court Couleur Protect x54","p":14.75,"u":"6,83 €/L","img":"https://fd13-photos.leclercdrive.fr/image.ashx?id=2842168&use=l&cat=p&typeid=i","cat":284640},{"id":233731,"n":"Lessive liquide Skip Cycle  Court Odeur Control x54","p":14.75,"u":"6,83 €/L","img":"https://fd13-photos.leclercdrive.fr/image.ashx?id=2788253&use=l&cat=p&typeid=i","cat":284640},{"id":233756,"n":"Riz long grain Taureau Ailé Méditerranée - 800g","p":2.27,"u":"2,84 €/KG","img":"https://fd13-photos.leclercdrive.fr/image.ashx?id=2866801&use=l&cat=p&typeid=i","cat":284428},{"id":233874,"n":"Boisson Alpro café avoine 750ml","p":1.99,"u":"2,65 €/L","img":"https://fd13-photos.leclercdrive.fr/image.ashx?id=2975416&use=l&cat=p&typeid=i","cat":313736},{"id":233883,"n":"Tartinable Thon Cap Océan MSC Feta huile olive basilic - 140g","p":2.58,"u":"18,43 €/KG","img":"https://fd13-photos.leclercdrive.fr/image.ashx?id=2945661&use=l&cat=p&typeid=i","cat":285191},{"id":233884,"n":"Tartinable Thon Cap Océan MSC Ricotta citron thym - 140g","p":2.58,"u":"18,43 €/KG","img":"https://fd13-photos.leclercdrive.fr/image.ashx?id=2963508&use=l&cat=p&typeid=i","cat":316032},{"id":233886,"n":"Dosettes café Senseo Cappuccino x8","p":3.22,"u":"35,00 €/KG","img":"https://fd13-photos.leclercdrive.fr/image.ashx?id=2760187&use=l&cat=p&typeid=i","cat":293238},{"id":233944,"n":"Couches Carryboo de nos Régions Couches locales Taille 1 - x24","p":5.86,"img":"https://fd13-photos.leclercdrive.fr/image.ashx?id=2924353&use=l&cat=p&typeid=i","cat":284737},{"id":233946,"n":"Lessive capsules Omo Monoï - 3en1 - x29 - 502g","p":14.8,"u":"29,48 €/KG","img":"https://fd13-photos.leclercdrive.fr/image.ashx?id=2841607&use=l&cat=p&typeid=i","cat":284641},{"id":233955,"n":"Lessive liquide Skip Cycle Court Odeur Control x37","p":10.3,"u":"6,96 €/L","img":"https://fd13-photos.leclercdrive.fr/image.ashx?id=2927735&use=l&cat=p&typeid=i","cat":284640},{"id":233956,"n":"Lessive liquide Omo Rose & Lilas Blanc - 1.76L","p":10.16,"u":"5,76 €/L","img":"https://fd13-photos.leclercdrive.fr/image.ashx?id=2818208&use=l&cat=p&typeid=i","cat":284640},{"id":233961,"n":"Lessive liquide Omo Jasmin & Fleur de coton 1.764L x42","p":10.16,"u":"5,76 €/L","img":"https://fd13-photos.leclercdrive.fr/image.ashx?id=2841616&use=l&cat=p&typeid=i","cat":284640},{"id":233963,"n":"Lessive liquide Skip Cycle Court Couleur Protect x37","p":11.11,"u":"7,51 €/L","img":"https://fd13-photos.leclercdrive.fr/image.ashx?id=2910246&use=l&cat=p&typeid=i","cat":284640},{"id":233984,"n":"Nouilles instantanées Daisuki Curry Pirikara - 61g","p":1.81,"u":"29,67 €/KG","img":"https://fd13-photos.leclercdrive.fr/image.ashx?id=2762007&use=l&cat=p&typeid=i","cat":288992},{"id":234019,"n":"Bol nouilles instantanées  Daisuki - Poulet Teriyaki 60g","p":1.85,"u":"30,83 €/KG","img":"https://fd13-photos.leclercdrive.fr/image.ashx?id=2762001&use=l&cat=p&typeid=i","cat":288992},{"id":234147,"n":"Mascara Maybelline  Fire Work Sensationnal - x1","p":9.45,"pp":6.24,"img":"https://fd13-photos.leclercdrive.fr/image.ashx?id=2826459&use=l&cat=p&typeid=i","cat":287029},{"id":234149,"n":"Crème de douche Cadum Hypoallergenic - 750ml","p":4.99,"u":"6,65 €/L","img":"https://fd13-photos.leclercdrive.fr/image.ashx?id=2802515&use=l&cat=p&typeid=i","cat":284594},{"id":234150,"n":"Crème de douche Cadum Douceur velours - 450ml","p":3.7,"u":"8,22 €/L","img":"https://fd13-photos.leclercdrive.fr/image.ashx?id=2802518&use=l&cat=p&typeid=i","cat":284594},{"id":234151,"n":"Déodorant bille Narta  Resixyl 72h - 50ml","p":4.36,"u":"87,20 €/L","img":"https://fd13-photos.leclercdrive.fr/image.ashx?id=2769017&use=l&cat=p&typeid=i","cat":284595},{"id":234152,"n":"Déodorant bille Ushuaïa Monoï & tiaré - 50ml","p":2.74,"u":"54,80 €/L","img":"https://fd13-photos.leclercdrive.fr/image.ashx?id=2769020&use=l&cat=p&typeid=i","cat":284595},{"id":234155,"n":"Déodorant bille femme Ushuaïa Grenade açores - 50ml","p":2.74,"u":"54,80 €/L","img":"https://fd13-photos.leclercdrive.fr/image.ashx?id=2789092&use=l&cat=p&typeid=i","cat":284595},{"id":234156,"n":"Déodorant bille Ushuaïa Vanille - 50ml","p":2.74,"u":"54,80 €/L","img":"https://fd13-photos.leclercdrive.fr/image.ashx?id=2769023&use=l&cat=p&typeid=i","cat":284595},{"id":234157,"n":"Déodorant spray Ushuaïa Grenade - 200ml","p":2.74,"u":"13,70 €/L","img":"https://fd13-photos.leclercdrive.fr/image.ashx?id=2769026&use=l&cat=p&typeid=i","cat":284595},{"id":234158,"n":"Déodorant spray Ushuaïa Orchidée - 200ml","p":2.74,"u":"13,70 €/L","img":"https://fd13-photos.leclercdrive.fr/image.ashx?id=2769029&use=l&cat=p&typeid=i","cat":284595},{"id":234159,"n":"Déodorant spray Ushuaïa Vanille - 200ml","p":2.74,"u":"13,70 €/L","img":"https://fd13-photos.leclercdrive.fr/image.ashx?id=2769032&use=l&cat=p&typeid=i","cat":284595},{"id":234163,"n":"Déodorant compressé Narta Resixyl Physio - 100ml","p":4.95,"u":"49,50 €/L","img":"https://fd13-photos.leclercdrive.fr/image.ashx?id=2778401&use=l&cat=p&typeid=i","cat":284595},{"id":234166,"n":"Déodorant spray homme Narta Resixyl Physio - 200ml","p":4.95,"u":"24,75 €/L","img":"https://fd13-photos.leclercdrive.fr/image.ashx?id=2769044&use=l&cat=p&typeid=i","cat":284596},{"id":234168,"n":"Déodorant bille homme Narta Resixyl Physio - 50ml","p":4.36,"u":"87,20 €/L","img":"https://fd13-photos.leclercdrive.fr/image.ashx?id=2769035&use=l&cat=p&typeid=i","cat":284596},{"id":234242,"n":"Nouilles Lustucru aux oeufs - 500g","p":1.8,"u":"3,60 €/KG","img":"https://fd13-photos.leclercdrive.fr/image.ashx?id=2763595&use=l&cat=p&typeid=i","cat":284427},{"id":234245,"n":"Sirop de Caranougat Carambar - 75cl","p":3.65,"u":"4,87 €/L","img":"https://fd13-photos.leclercdrive.fr/image.ashx?id=2763211&use=l&cat=p&typeid=i","cat":295020},{"id":234268,"n":"Haricots verts d'aucy  Cuisson vapeur - 4/4","p":2.6,"u":"5,71 €/KG","img":"https://fd13-photos.leclercdrive.fr/image.ashx?id=2763085&use=l&cat=p&typeid=i","cat":312606},{"id":234290,"n":"KINDER Surprise PLAYMOBIL Chocolat au lait - 3x20g","p":3.02,"u":"50,33 €/KG","img":"https://fd13-photos.leclercdrive.fr/image.ashx?id=2948495&use=l&cat=p&typeid=i","cat":284958},{"id":234299,"n":"Recharge Sense & Spray Glade Linge propre - 2x18ml","p":6.93,"pp":4.16,"u":"115,56 €/L","img":"https://fd13-photos.leclercdrive.fr/image.ashx?id=2763697&use=l&cat=p&typeid=i","cat":311629},{"id":234312,"n":"Crème glacée Häagen-Dazs Macadamia Nut Brittle - 460ml","p":3.99,"u":"8,67 €/L","img":"https://fd13-photos.leclercdrive.fr/image.ashx?id=2893447&use=l&cat=p&typeid=i","cat":284725},{"id":234341,"n":"Café moulu L'Or Doux 100% Arabica - 250g","p":4.74,"u":"18,96 €/KG","img":"https://fd13-photos.leclercdrive.fr/image.ashx?id=2763015&use=l&cat=p&typeid=i","cat":284750},{"id":234370,"n":"Cornichons Croq'Vert  Amora Extra-fins aux épices 210g","p":1.74,"u":"8,29 €/KG","img":"https://fd13-photos.leclercdrive.fr/image.ashx?id=2770671&use=l&cat=p&typeid=i","cat":284458},{"id":234379,"n":"Bâtonnets Magnum Euphoria Pink limonade x3 - 208g","p":3.21,"u":"15,43 €/KG","img":"https://fd13-photos.leclercdrive.fr/image.ashx?id=2788121&use=l&cat=p&typeid=i","cat":284265},{"id":234477,"n":"Chips Bret's Rôtisserie 120g","p":2.3,"u":"19,17 €/KG","img":"https://fd13-photos.leclercdrive.fr/image.ashx?id=2765222&use=l&cat=p&typeid=i","cat":284447},{"id":234508,"n":"Dessert végétal Sojasun Fraise - 4x100g","p":1.77,"u":"4,43 €/KG","img":"https://fd13-photos.leclercdrive.fr/image.ashx?id=2765144&use=l&cat=p&typeid=i","cat":316071},{"id":234510,"n":"LIPTON NOIR FRUITS ROUGES 10CAPX8","p":3.2,"u":"128,00 €/KG","img":"https://fd13-photos.leclercdrive.fr/image.ashx?id=2769140&use=l&cat=p&typeid=i","cat":293233},{"id":234511,"n":"Thé noir Yellow Label Lipton Bio - x25 - 50g","p":1.86,"u":"37,20 €/KG","img":"https://fd13-photos.leclercdrive.fr/image.ashx?id=2938827&use=l&cat=p&typeid=i","cat":293233},{"id":234514,"n":"Infusion Elephant Ligne equilibre x12 - 30g","p":3.28,"u":"109,33 €/KG","img":"https://fd13-photos.leclercdrive.fr/image.ashx?id=2769128&use=l&cat=p&typeid=i","cat":293234},{"id":234515,"n":"Infusion verneine Elephant Citronnée camomille - 34g","p":2.87,"u":"84,41 €/KG","img":"https://fd13-photos.leclercdrive.fr/image.ashx?id=2769125&use=l&cat=p&typeid=i","cat":293234},{"id":234518,"n":"Infusion douce Pukka Bio relaxation x20 - 30g","p":5.49,"u":"183,00 €/KG","img":"https://fd13-photos.leclercdrive.fr/image.ashx?id=2769122&use=l&cat=p&typeid=i","cat":293234},{"id":234519,"n":"Infusion Pukka Delice de curcuma x20 36g","p":4.76,"u":"132,22 €/KG","img":"https://fd13-photos.leclercdrive.fr/image.ashx?id=2901088&use=l&cat=p&typeid=i","cat":293234},{"id":234523,"n":"Thé noir en vrac Lipton Fruits rouges à la fraise 150g","p":8.58,"u":"57,20 €/KG","img":"https://fd13-photos.leclercdrive.fr/image.ashx?id=2769146&use=l&cat=p&typeid=i","cat":293233},{"id":234524,"n":"Thé vert supreme Pukka Bio matcha - x20 - 30g","p":4.65,"u":"155,00 €/KG","img":"https://fd13-photos.leclercdrive.fr/image.ashx?id=2856011&use=l&cat=p&typeid=i","cat":293233},{"id":234525,"n":"Infusion Pukka Bio 3 gingembres x20 36g","p":4.76,"u":"132,22 €/KG","img":"https://fd13-photos.leclercdrive.fr/image.ashx?id=2901085&use=l&cat=p&typeid=i","cat":293234},{"id":234526,"n":"Infusion Amour Pukka Bio x20 - 24g","p":5.49,"u":"228,75 €/KG","img":"https://fd13-photos.leclercdrive.fr/image.ashx?id=2769110&use=l&cat=p&typeid=i","cat":293234},{"id":234606,"n":"Skyr Siggi's  Noisette - 2x140g","p":2.13,"u":"7,61 €/KG","img":"https://fd13-photos.leclercdrive.fr/image.ashx?id=3007963&use=l&cat=p&typeid=i","cat":315000},{"id":234607,"n":"Skyr Siggi's  Fraise - 2x140g","p":2.49,"u":"8,89 €/KG","img":"https://fd13-photos.leclercdrive.fr/image.ashx?id=2986146&use=l&cat=p&typeid=i","cat":315000},{"id":234740,"n":"Bière Licorne Neipa 50cl","p":1.85,"u":"3,70 €/L","img":"https://fd13-photos.leclercdrive.fr/image.ashx?id=2767153&use=l&cat=p&typeid=i","cat":334853},{"id":234748,"n":"Thon entier Saupiquet Huile d'olive & piment - 120g","p":2.6,"u":"21,67 €/KG","img":"https://fd13-photos.leclercdrive.fr/image.ashx?id=2767078&use=l&cat=p&typeid=i","cat":303867},{"id":234749,"n":"Thon entier Saupiquet Huile d'olive & basilic - 120g","p":2.9,"u":"24,17 €/KG","img":"https://fd13-photos.leclercdrive.fr/image.ashx?id=2767084&use=l&cat=p&typeid=i","cat":303867},{"id":234750,"n":"Thon entier Huile d'olive Saupiquet  citron & thym 120g","p":2.84,"u":"23,67 €/KG","img":"https://fd13-photos.leclercdrive.fr/image.ashx?id=2767081&use=l&cat=p&typeid=i","cat":303867},{"id":234785,"n":"AOC Beaujolais nouveau rosé Le Père la Grolle 2024 - 75cl","p":5.3,"u":"7,07 €/L","img":"https://fd13-photos.leclercdrive.fr/image.ashx?id=2903155&use=l&cat=p&typeid=i","cat":289558},{"id":234789,"n":"Brassé façon skyr Yabon Nature - 120g","p":1.9,"u":"15,83 €/KG","img":"https://fd13-photos.leclercdrive.fr/image.ashx?id=2767971&use=l&cat=p&typeid=i","cat":284506},{"id":234790,"n":"Brassé façon skyr Yabon Vanille - 120g","p":1.9,"u":"15,83 €/KG","img":"https://fd13-photos.leclercdrive.fr/image.ashx?id=2767974&use=l&cat=p&typeid=i","cat":284506},{"id":234791,"n":"Brassé façon skyr Yabon Citron - 120g","p":1.9,"u":"15,83 €/KG","img":"https://fd13-photos.leclercdrive.fr/image.ashx?id=2767977&use=l&cat=p&typeid=i","cat":284506},{"id":234858,"n":"Yaourt brassé végétal Andros Lait de coco Nature - 8x100g","p":4.8,"u":"6,00 €/KG","img":"https://fd13-photos.leclercdrive.fr/image.ashx?id=2872027&use=l&cat=p&typeid=i","cat":284933},{"id":234860,"n":"Fromage Mini Caprice Des Dieux Filet de 4 Portions - 200g","p":3.44,"u":"17,20 €/KG","img":"https://fd13-photos.leclercdrive.fr/image.ashx?id=2768933&use=l&cat=p&typeid=i","cat":314033},{"id":234867,"n":"Mini nems au porc Tables du Monde x8 - 240g","p":2.96,"u":"12,33 €/KG","img":"https://fd13-photos.leclercdrive.fr/image.ashx?id=2768487&use=l&cat=p&typeid=i","cat":319774},{"id":234869,"n":"Gâteau moelleux Chocalin Harrys Cacao et Chocolat X10 - 350G","p":3.39,"u":"9,69 €/KG","img":"https://fd13-photos.leclercdrive.fr/image.ashx?id=2962464&use=l&cat=p&typeid=i","cat":284495},{"id":234870,"n":"Gâteaux Choco Mousse Harrys Fourrés au chocolat  X8 - 280G","p":2.82,"u":"10,07 €/KG","img":"https://fd13-photos.leclercdrive.fr/image.ashx?id=2985069&use=l&cat=p&typeid=i","cat":284495},{"id":234946,"n":"Thon entier Rio Mare Huile d'olive - 3x65g","p":4.41,"u":"22,62 €/KG","img":"https://fd13-photos.leclercdrive.fr/image.ashx?id=2770918&use=l&cat=p&typeid=i","cat":303867},{"id":234947,"n":"Filets de thon Rio Mare Huile d'Olive & Gingembre -130g","p":4.04,"u":"31,08 €/KG","img":"https://fd13-photos.leclercdrive.fr/image.ashx?id=2770915&use=l&cat=p&typeid=i","cat":303867},{"id":235007,"n":"Mais Bio Village  2x140g","p":1.49,"u":"5,32 €/KG","img":"https://fd13-photos.leclercdrive.fr/image.ashx?id=3002722&use=l&cat=p&typeid=i","cat":312611},{"id":235016,"n":"Chocolats  Lucky Monkey Lindt Céréales - 100g","p":2.94,"u":"29,40 €/KG","img":"https://fd13-photos.leclercdrive.fr/image.ashx?id=2773068&use=l&cat=p&typeid=i","cat":284497},{"id":235051,"n":"Repas bébé Blédichef 12 mois  Risotto épinards Kiri - 230g","p":2.09,"u":"9,09 €/KG","img":"https://fd13-photos.leclercdrive.fr/image.ashx?id=2852375&use=l&cat=p&typeid=i","cat":312237},{"id":235065,"n":"Repas bébé Blédichef 15 mois  Pâtes poireaux et kiri -250g","p":2.13,"u":"8,52 €/KG","img":"https://fd13-photos.leclercdrive.fr/image.ashx?id=2928420&use=l&cat=p&typeid=i","cat":312238},{"id":235066,"n":"Repas bébé Blédichef 12 mois Potirons et panais -2x230g","p":3.99,"u":"8,67 €/KG","img":"https://fd13-photos.leclercdrive.fr/image.ashx?id=2935780&use=l&cat=p&typeid=i","cat":312237},{"id":235067,"n":"Repas bébé Blédichef Dès 12mois Carotte et semoule - 4x230g","p":7.69,"u":"8,36 €/KG","img":"https://fd13-photos.leclercdrive.fr/image.ashx?id=2773216&use=l&cat=p&typeid=i","cat":312237},{"id":235068,"n":"Repas bébé Blédichef 15 mois Lasagne bolognaise -230g","p":2.88,"u":"12,52 €/KG","img":"https://fd13-photos.leclercdrive.fr/image.ashx?id=2975098&use=l&cat=p&typeid=i","cat":312238},{"id":235069,"n":"Repas bébé Blédichef 15 mois Lasagnes légumes -230g","p":2.94,"u":"12,78 €/KG","img":"https://fd13-photos.leclercdrive.fr/image.ashx?id=2865632&use=l&cat=p&typeid=i","cat":312238},{"id":235070,"n":"Repas bébé Blédichef 15 mois Lasagne épinards merlu -230g","p":2.85,"u":"12,39 €/KG","img":"https://fd13-photos.leclercdrive.fr/image.ashx?id=2865635&use=l&cat=p&typeid=i","cat":312238},{"id":235071,"n":"Aubergines compotées & blé  Cassegrain - 375g","p":3.28,"u":"8,75 €/KG","img":"https://fd13-photos.leclercdrive.fr/image.ashx?id=2970840&use=l&cat=p&typeid=i","cat":312612},{"id":235073,"n":"Repas bébé Blédichef 15 mois  Brocolis petits pois  -230g","p":2.42,"u":"12,10 €/KG","img":"https://fd13-photos.leclercdrive.fr/image.ashx?id=2773219&use=l&cat=p&typeid=i","cat":312238},{"id":235080,"n":"Plat cuisiné William Saurin  Blanquette volaille - 320g","p":3.44,"u":"10,75 €/KG","img":"https://fd13-photos.leclercdrive.fr/image.ashx?id=2966017&use=l&cat=p&typeid=i","cat":284953},{"id":235081,"n":"Plat cuisiné William Saurin Trio gourmand boeuf - 320g","p":3.47,"u":"10,84 €/KG","img":"https://fd13-photos.leclercdrive.fr/image.ashx?id=2986386&use=l&cat=p&typeid=i","cat":284953},{"id":235082,"n":"Plat cuisiné William Saurin Trio gourmand merlu - 320g","p":3.46,"u":"10,81 €/KG","img":"https://fd13-photos.leclercdrive.fr/image.ashx?id=2986389&use=l&cat=p&typeid=i","cat":284953},{"id":235083,"n":"Plat cuisiné William Saurin Trio gourmand poulet pesto 320g","p":3.43,"u":"10,72 €/KG","img":"https://fd13-photos.leclercdrive.fr/image.ashx?id=2986383&use=l&cat=p&typeid=i","cat":284953},{"id":235084,"n":"Plat cuisiné William Saurin Trio gourmand 320g","p":3.4,"u":"10,63 €/KG","img":"https://fd13-photos.leclercdrive.fr/image.ashx?id=2986380&use=l&cat=p&typeid=i","cat":284953},{"id":235115,"n":"Crème dessert Marie Morin Vanille de Madagascar 2x120g","p":2.82,"u":"11,75 €/KG","img":"https://fd13-photos.leclercdrive.fr/image.ashx?id=2790669&use=l&cat=p&typeid=i","cat":285041},{"id":235117,"n":"Sandwich beef and cheese Charal 215g","p":4.09,"u":"19,02 €/KG","img":"https://fd13-photos.leclercdrive.fr/image.ashx?id=2774484&use=l&cat=p&typeid=i","cat":319822},{"id":235123,"n":"Compote Andros Pomme fruits  rouges - 650g","p":2.15,"u":"3,31 €/KG","img":"https://fd13-photos.leclercdrive.fr/image.ashx?id=2866406&use=l&cat=p&typeid=i","cat":284508},{"id":235241,"n":"Pate à tartiner Bonne Maman Cacahuète et cacao - 560g","p":5.99,"u":"10,70 €/KG","img":"https://fd13-photos.leclercdrive.fr/image.ashx?id=2985360&use=l&cat=p&typeid=i","cat":284481},{"id":235245,"n":"Purée Mousline  Presse purée - 3x65g","p":2.17,"u":"11,13 €/KG","img":"https://fd13-photos.leclercdrive.fr/image.ashx?id=2789520&use=l&cat=p&typeid=i","cat":284431},{"id":235246,"n":"Purée Mousline Ai lait entier 3x65g","p":2.36,"u":"12,10 €/KG","img":"https://fd13-photos.leclercdrive.fr/image.ashx?id=2789523&use=l&cat=p&typeid=i","cat":284431},{"id":235247,"n":"M&M's Peanut x5 180g","p":1.97,"u":"10,94 €/KG","img":"https://fd13-photos.leclercdrive.fr/image.ashx?id=3009011&use=l&cat=p&typeid=i","cat":304238},{"id":235260,"n":"Pâte Lotus Biscoff Speculoos Creamy - 410g","p":3.79,"u":"9,24 €/KG","img":"https://fd13-photos.leclercdrive.fr/image.ashx?id=2776208&use=l&cat=p&typeid=i","cat":284481},{"id":235265,"n":"Chips Tuiles Pringles  Fromage Oignon - 165g","p":2.15,"u":"13,03 €/KG","img":"https://fd13-photos.leclercdrive.fr/image.ashx?id=2775664&use=l&cat=p&typeid=i","cat":287899},{"id":235297,"n":"AOP Côte du Rhone vin rouge Chateau de Ruth 75cl","p":4.7,"u":"6,27 €/L","img":"https://fd13-photos.leclercdrive.fr/image.ashx?id=2776178&use=l&cat=p&typeid=i","cat":289556},{"id":235323,"n":"Skyr Siggi's  Nature 0% MG - 825g","p":5.51,"u":"6,68 €/KG","img":"https://fd13-photos.leclercdrive.fr/image.ashx?id=2848551&use=l&cat=p&typeid=i","cat":315000},{"id":235325,"n":"Riz au lait La Laitière Chocolat - 4x115g","p":1.77,"u":"3,85 €/KG","img":"https://fd13-photos.leclercdrive.fr/image.ashx?id=2780728&use=l&cat=p&typeid=i","cat":284418},{"id":235326,"n":"Semoule au lait La Laitière Chocolat - 4x115g","p":1.79,"u":"3,89 €/KG","img":"https://fd13-photos.leclercdrive.fr/image.ashx?id=2776778&use=l&cat=p&typeid=i","cat":284418},{"id":235364,"n":"Friandises chat Whiskas  Poulet et fromage - 60g","p":1.03,"u":"17,17 €/KG","img":"https://fd13-photos.leclercdrive.fr/image.ashx?id=2976851&use=l&cat=p&typeid=i","cat":285285},{"id":235365,"n":"Friandises chat Whiskas saveur Saumon maxi pack -180g","p":3.0,"u":"16,67 €/KG","img":"https://fd13-photos.leclercdrive.fr/image.ashx?id=2944963&use=l&cat=p&typeid=i","cat":285285},{"id":235369,"n":"Friandises chat Whiskas saveur  Poulet et fromage -180g","p":3.31,"u":"18,39 €/KG","img":"https://fd13-photos.leclercdrive.fr/image.ashx?id=2944966&use=l&cat=p&typeid=i","cat":285285},{"id":235383,"n":"AOP Beaujolais nouveau Pisse dru rosé - 75cl","p":4.95,"u":"6,60 €/L","img":"https://fd13-photos.leclercdrive.fr/image.ashx?id=2776820&use=l&cat=p&typeid=i","cat":289558},{"id":235405,"n":"Friandises chat temptations Whiskas saveur saumon - 60g","p":1.04,"u":"17,33 €/KG","img":"https://fd13-photos.leclercdrive.fr/image.ashx?id=2976854&use=l&cat=p&typeid=i","cat":285285},{"id":235413,"n":"Tube harissa El Manar  - 140g","p":0.85,"u":"6,07 €/KG","img":"https://fd13-photos.leclercdrive.fr/image.ashx?id=2776552&use=l&cat=p&typeid=i","cat":289013},{"id":235427,"n":"Sauce soja salée  Suziwan - 640ml","p":5.77,"u":"9,02 €/L","img":"https://fd13-photos.leclercdrive.fr/image.ashx?id=2886244&use=l&cat=p&typeid=i","cat":288992},{"id":235432,"n":"Maltesers en format biscuit  - 110g","p":2.26,"u":"20,55 €/KG","img":"https://fd13-photos.leclercdrive.fr/image.ashx?id=2869209&use=l&cat=p&typeid=i","cat":284498},{"id":235435,"n":"Biscuits Bounty fourrés  noix de coco - 132g","p":1.98,"u":"15,00 €/KG","img":"https://fd13-photos.leclercdrive.fr/image.ashx?id=2777375&use=l&cat=p&typeid=i","cat":284488},{"id":235440,"n":"Biscuits Mars fourrés  au chocolat - 132g","p":1.95,"u":"14,77 €/KG","img":"https://fd13-photos.leclercdrive.fr/image.ashx?id=2777378&use=l&cat=p&typeid=i","cat":284488},{"id":235444,"n":"Biscuits Twix fourrés  au caramel - 132g","p":1.97,"u":"14,92 €/KG","img":"https://fd13-photos.leclercdrive.fr/image.ashx?id=2777381&use=l&cat=p&typeid=i","cat":284488},{"id":235445,"n":"Céréales bébé Blédina  complètes au miel - 70g","p":1.93,"u":"27,57 €/KG","img":"https://fd13-photos.leclercdrive.fr/image.ashx?id=2776826&use=l&cat=p&typeid=i","cat":312225},{"id":235449,"n":"Compote Andros pomme mangue  sans sucres ajoutés - 650g","p":2.01,"u":"3,09 €/KG","img":"https://fd13-photos.leclercdrive.fr/image.ashx?id=2866403&use=l&cat=p&typeid=i","cat":284508},{"id":235459,"n":"Goûter moelleux Tendrissime Cacao Noisette x8 - 264g","p":3.3,"u":"12,50 €/KG","img":"https://fd13-photos.leclercdrive.fr/image.ashx?id=2962461&use=l&cat=p&typeid=i","cat":284495},{"id":235685,"n":"Lait bébé en poudre Calisma Gallia Croissance 12 mois 830g","p":10.89,"u":"13,12 €/KG","img":"https://fd13-photos.leclercdrive.fr/image.ashx?id=2794274&use=l&cat=p&typeid=i","cat":290219},{"id":235786,"n":"Tablette lave-vaisselle Visior Tout-en-un - x45 - 765g","p":5.27,"u":"6,89 €/KG","img":"https://fd13-photos.leclercdrive.fr/image.ashx?id=2954902&use=l&cat=p&typeid=i","cat":284656},{"id":235788,"n":"Désodorisant chaussures Baranne Odor stop - 100ml","p":3.29,"u":"32,90 €/L","img":"https://fd13-photos.leclercdrive.fr/image.ashx?id=2781591&use=l&cat=p&typeid=i","cat":285201},{"id":235791,"n":"Lames de rasoir homme Gillette ProGlide - x4","p":19.9,"img":"https://fd13-photos.leclercdrive.fr/image.ashx?id=2781684&use=l&cat=p&typeid=i","cat":284616},{"id":235793,"n":"Dentifrice Junior Signal Menthe douce - 6-13 ans 75ml","p":2.71,"u":"36,13 €/L","img":"https://fd13-photos.leclercdrive.fr/image.ashx?id=2993502&use=l&cat=p&typeid=i","cat":288898},{"id":235811,"n":"Déodorant spray Sanex Zéro 0% Extra Control - 2x100ml","p":4.99,"u":"24,95 €/L","img":"https://fd13-photos.leclercdrive.fr/image.ashx?id=2781741&use=l&cat=p&typeid=i","cat":284595},{"id":235823,"n":"Papier toilette Mimosa Aloe vera - x6","p":3.09,"u":"0,52 €/P","img":"https://fd13-photos.leclercdrive.fr/image.ashx?id=2781055&use=l&cat=p&typeid=i","cat":284634},{"id":235828,"n":"Sac poubelle  Elembal Rectangle coulissant - 40L x 20","p":2.99,"u":"0,15 €/P","img":"https://fd13-photos.leclercdrive.fr/image.ashx?id=2793338&use=l&cat=p&typeid=i","cat":285168},{"id":235831,"n":"Brosse à dent électrique +1 Recharge Active Power","p":14.99,"img":"https://fd13-photos.leclercdrive.fr/image.ashx?id=2781049&use=l&cat=p&typeid=i","cat":297133},{"id":235835,"n":"Lessive capsules Skip Extra détachant - 759.6g x36","p":13.32,"u":"17,53 €/KG","img":"https://fd13-photos.leclercdrive.fr/image.ashx?id=2929242&use=l&cat=p&typeid=i","cat":284641},{"id":235838,"n":"Lessive capsules Skip Tout en 1 Odeur Control+ - 759.6g x36","p":16.23,"u":"21,36 €/KG","img":"https://fd13-photos.leclercdrive.fr/image.ashx?id=3000893&use=l&cat=p&typeid=i","cat":284641},{"id":235841,"n":"Lessive capsules Tout-en-1 Skip Skip - 506.4g x24","p":14.51,"u":"28,68 €/KG","img":"https://fd13-photos.leclercdrive.fr/image.ashx?id=2781756&use=l&cat=p&typeid=i","cat":284641},{"id":235870,"n":"Chocolat Côte d'Or selection 187g","p":9.95,"pp":6.96,"u":"37,22 €/KG","img":"https://fd13-photos.leclercdrive.fr/image.ashx?id=2916453&use=l&cat=p&typeid=i","cat":327595},{"id":235910,"n":"Calendrier de l'Avent Milka Père Noël - 213g","p":13.89,"u":"65,21 €/KG","img":"https://fd13-photos.leclercdrive.fr/image.ashx?id=2937983&use=l&cat=p&typeid=i","cat":336112},{"id":235914,"n":"Aubergines Cuisinées Cassegrain A la Provençale 3x375g","p":8.69,"u":"7,72 €/KG","img":"https://fd13-photos.leclercdrive.fr/image.ashx?id=2926305&use=l&cat=p&typeid=i","cat":312612},{"id":235944,"n":"Compotée Bonne Maman Pêches - 590g","p":2.89,"u":"4,90 €/KG","img":"https://fd13-photos.leclercdrive.fr/image.ashx?id=2951866&use=l&cat=p&typeid=i","cat":284508},{"id":236050,"n":"Lait bébé en poudre Calisma Gallia Junior Dès 18 mois 830g","p":11.07,"u":"13,34 €/KG","img":"https://fd13-photos.leclercdrive.fr/image.ashx?id=2907860&use=l&cat=p&typeid=i","cat":290219},{"id":236083,"n":"Boisson Monster Energy zero Ultra rosa - 50cl","p":1.59,"u":"3,18 €/L","img":"https://fd13-photos.leclercdrive.fr/image.ashx?id=2784465&use=l&cat=p&typeid=i","cat":284533},{"id":236088,"n":"Secret de mousse La Laitière Chocolat au lait caramel 4x59g","p":1.59,"u":"6,74 €/KG","img":"https://fd13-photos.leclercdrive.fr/image.ashx?id=3007966&use=l&cat=p&typeid=i","cat":284417},{"id":236096,"n":"Fromage Fouetté Saint Agur  130g","p":2.31,"u":"17,77 €/KG","img":"https://fd13-photos.leclercdrive.fr/image.ashx?id=2784818&use=l&cat=p&typeid=i","cat":314029},{"id":236221,"n":"Brioche tressée Epi d'or nature - 600g","p":2.09,"u":"3,48 €/KG","img":"https://fd13-photos.leclercdrive.fr/image.ashx?id=2976297&use=l&cat=p&typeid=i","cat":284478},{"id":236223,"n":"Foie gras Delpeyrat Héritage  Entier sel de Guérande - 165g","p":14.85,"u":"90,00 €/KG","img":"https://fd13-photos.leclercdrive.fr/image.ashx?id=2784728&use=l&cat=p&typeid=i","cat":316008},{"id":236263,"n":"Clémentines Panier du Primeur 1.5kg","p":2.99,"u":"1,99 €/KG","img":"https://fd13-photos.leclercdrive.fr/image.ashx?id=2784606&use=l&cat=p&typeid=i","cat":284356},{"id":236266,"n":"Boisson Monster Energy zero Ultra peachy keen - 50cl","p":1.44,"u":"2,88 €/L","img":"https://fd13-photos.leclercdrive.fr/image.ashx?id=2789116&use=l&cat=p&typeid=i","cat":284533},{"id":236272,"n":"Calendrier de l'Avent Kinder 198g","p":10.83,"u":"54,70 €/KG","img":"https://fd13-photos.leclercdrive.fr/image.ashx?id=2789128&use=l&cat=p&typeid=i","cat":336112},{"id":236311,"n":"Le Burger frites Charal - 240g","p":4.11,"u":"17,13 €/KG","img":"https://fd13-photos.leclercdrive.fr/image.ashx?id=2789808&use=l&cat=p&typeid=i","cat":319822},{"id":236355,"n":"Chariot multi activités en bois Dès 12 mois - Kidway","p":29.9,"img":"https://fd13-photos.leclercdrive.fr/image.ashx?id=2789412&use=l&cat=p&typeid=i","cat":334379},{"id":236487,"n":"Bloc WC Canard Fresh Disc Active Eucalyptus - 6x36ml","p":3.04,"u":"14,07 €/L","img":"https://fd13-photos.leclercdrive.fr/image.ashx?id=2791590&use=l&cat=p&typeid=i","cat":284662},{"id":236595,"n":"Fromage rapé Leerdammer  Fruité fondant 150g","p":1.95,"u":"13,00 €/KG","img":"https://fd13-photos.leclercdrive.fr/image.ashx?id=2793578&use=l&cat=p&typeid=i","cat":314035},{"id":236630,"n":"Calendrier de l'Avent Galak 85g","p":4.1,"u":"48,24 €/KG","img":"https://fd13-photos.leclercdrive.fr/image.ashx?id=2794691&use=l&cat=p&typeid=i","cat":336112},{"id":236676,"n":"Bâtonnets Mikado Chocolat au lait - 6x100g","p":10.46,"u":"17,43 €/KG","img":"https://fd13-photos.leclercdrive.fr/image.ashx?id=2805885&use=l&cat=p&typeid=i","cat":284488},{"id":236696,"n":"Rasoir jetable Wilkinson Xtreme 3 - Black Edition - 4+2","p":5.49,"img":"https://fd13-photos.leclercdrive.fr/image.ashx?id=2849220&use=l&cat=p&typeid=i","cat":284616},{"id":236725,"n":"Moulage chocolat Kinder Bonhomme de neige - 35g","p":1.62,"u":"46,29 €/KG","img":"https://fd13-photos.leclercdrive.fr/image.ashx?id=2798819&use=l&cat=p&typeid=i","cat":327592},{"id":236726,"n":"Moulage chocolat Kinder Fille - 35g","p":1.62,"u":"46,29 €/KG","img":"https://fd13-photos.leclercdrive.fr/image.ashx?id=2798822&use=l&cat=p&typeid=i","cat":327592},{"id":236727,"n":"Moulage chocolat Kinder Garçon - 35g","p":1.62,"u":"46,29 €/KG","img":"https://fd13-photos.leclercdrive.fr/image.ashx?id=2798825&use=l&cat=p&typeid=i","cat":327592},{"id":236729,"n":"Moulage chocolat Kinder Pinguoin - 35g","p":1.62,"u":"46,29 €/KG","img":"https://fd13-photos.leclercdrive.fr/image.ashx?id=2798831&use=l&cat=p&typeid=i","cat":327592},{"id":236731,"n":"Traîneau chocolat oeuf Kinder Bleu - 75g","p":3.32,"u":"44,27 €/KG","img":"https://fd13-photos.leclercdrive.fr/image.ashx?id=2798837&use=l&cat=p&typeid=i","cat":327592},{"id":236732,"n":"Traîneau chocolat oeuf Kinder Orange - 75g","p":3.32,"u":"44,27 €/KG","img":"https://fd13-photos.leclercdrive.fr/image.ashx?id=2798840&use=l&cat=p&typeid=i","cat":327592},{"id":236733,"n":"Traîneau chocolat oeuf Kinder Vert - 75g","p":3.32,"u":"44,27 €/KG","img":"https://fd13-photos.leclercdrive.fr/image.ashx?id=2798843&use=l&cat=p&typeid=i","cat":327592},{"id":236734,"n":"Moulage avec surprise Kinder Bonhomme de Neige- 36g","p":2.09,"u":"58,06 €/KG","img":"https://fd13-photos.leclercdrive.fr/image.ashx?id=2798846&use=l&cat=p&typeid=i","cat":327592},{"id":236735,"n":"Moulage avec surprise Kinder Ecureuil- 36g","p":2.09,"u":"58,06 €/KG","img":"https://fd13-photos.leclercdrive.fr/image.ashx?id=2798849&use=l&cat=p&typeid=i","cat":327592},{"id":236736,"n":"Moulage avec surprise Kinder Garçon - 36g","p":2.09,"u":"58,06 €/KG","img":"https://fd13-photos.leclercdrive.fr/image.ashx?id=2798852&use=l&cat=p&typeid=i","cat":327592},{"id":236737,"n":"Moulage avec surprise Kinder Père Noël - 36g","p":2.09,"u":"58,06 €/KG","img":"https://fd13-photos.leclercdrive.fr/image.ashx?id=2798855&use=l&cat=p&typeid=i","cat":327592},{"id":236738,"n":"Moulage avec surprise Kinder Pingouin - 36g","p":2.09,"u":"58,06 €/KG","img":"https://fd13-photos.leclercdrive.fr/image.ashx?id=2798858&use=l&cat=p&typeid=i","cat":327592},{"id":237030,"n":"Primizie Dufour Gels de fruits - 500g","p":8.95,"pp":5.91,"u":"11,82 €/KG","img":"https://fd13-photos.leclercdrive.fr/image.ashx?id=2797094&use=l&cat=p&typeid=i","cat":327606},{"id":237047,"n":"Moulage Kinder Caramel - 110g","p":4.18,"u":"38,00 €/KG","img":"https://fd13-photos.leclercdrive.fr/image.ashx?id=2797013&use=l&cat=p&typeid=i","cat":327592},{"id":237056,"n":"Chocolat Ferrero Collection Grand assortiment x42 - 441g","p":17.28,"u":"39,18 €/KG","img":"https://fd13-photos.leclercdrive.fr/image.ashx?id=2940540&use=l&cat=p&typeid=i","cat":327595},{"id":237074,"n":"Tablette noël Libeert Chocolat au lait - 100g","p":2.34,"u":"23,40 €/KG","img":"https://fd13-photos.leclercdrive.fr/image.ashx?id=2796977&use=l&cat=p&typeid=i","cat":327592},{"id":237111,"n":"Cornet Piemonte Hazelnut Creations Chocolat au lait 150g","p":5.95,"u":"39,67 €/KG","img":"https://fd13-photos.leclercdrive.fr/image.ashx?id=2798289&use=l&cat=p&typeid=i","cat":327595},{"id":237112,"n":"Cornet Nocciolata Hazelnut Creations Chocolat au lait 150g","p":5.95,"u":"39,67 €/KG","img":"https://fd13-photos.leclercdrive.fr/image.ashx?id=2798295&use=l&cat=p&typeid=i","cat":327595},{"id":237113,"n":"Cornet Cremino Hazelnut Creations Chocolat au lait 150g","p":5.95,"u":"39,67 €/KG","img":"https://fd13-photos.leclercdrive.fr/image.ashx?id=2798292&use=l&cat=p&typeid=i","cat":327595},{"id":237114,"n":"Cornet Piemonte Hazelnut Creations Chocolat noir - 150g","p":5.86,"u":"39,07 €/KG","img":"https://fd13-photos.leclercdrive.fr/image.ashx?id=2798298&use=l&cat=p&typeid=i","cat":327595},{"id":237115,"n":"Cornet Cremino Hazelnut Creations Chocolat noir - 150g","p":5.95,"u":"39,67 €/KG","img":"https://fd13-photos.leclercdrive.fr/image.ashx?id=2798304&use=l&cat=p&typeid=i","cat":327595},{"id":237116,"n":"Cornet Nocciolata Hazelnut Creations Chocolat noir - 150g","p":5.95,"u":"39,67 €/KG","img":"https://fd13-photos.leclercdrive.fr/image.ashx?id=2798301&use=l&cat=p&typeid=i","cat":327595},{"id":237125,"n":"Les Bouchées Les Recettes de L'Atelier - Noir - 187g","p":6.69,"u":"35,78 €/KG","img":"https://fd13-photos.leclercdrive.fr/image.ashx?id=2797112&use=l&cat=p&typeid=i","cat":327595},{"id":237127,"n":"Boîte chocolat Lanvin Mixte chocolats - 285g","p":11.95,"u":"41,93 €/KG","img":"https://fd13-photos.leclercdrive.fr/image.ashx?id=2797145&use=l&cat=p&typeid=i","cat":327595},{"id":237128,"n":"Assortiment chocolat Lanvin Chocolat noir - 294g","p":11.95,"u":"40,65 €/KG","img":"https://fd13-photos.leclercdrive.fr/image.ashx?id=2966149&use=l&cat=p&typeid=i","cat":327595},{"id":237129,"n":"Les Bouchées Les Recettes de L'Atelier - Lait et noir - 398G","p":14.75,"pp":11.06,"u":"27,79 €/KG","img":"https://fd13-photos.leclercdrive.fr/image.ashx?id=2797106&use=l&cat=p&typeid=i","cat":327595},{"id":237131,"n":"Boîte chocolat Lanvin Assortiment chocolat Lait 274g","p":11.95,"u":"43,61 €/KG","img":"https://fd13-photos.leclercdrive.fr/image.ashx?id=2797139&use=l&cat=p&typeid=i","cat":327595},{"id":237132,"n":"L'escargot chocolat Lanvin Trio Lait Blanc Noir - 362g","p":12.26,"u":"33,87 €/KG","img":"https://fd13-photos.leclercdrive.fr/image.ashx?id=2966146&use=l&cat=p&typeid=i","cat":327595},{"id":237133,"n":"L'escargot Lanvin Chocolat Blanc - 362g","p":12.26,"u":"33,87 €/KG","img":"https://fd13-photos.leclercdrive.fr/image.ashx?id=2897402&use=l&cat=p&typeid=i","cat":327595},{"id":237136,"n":"L'escargot chocolat Lanvin Chocolat au lait - 362g","p":12.26,"u":"33,87 €/KG","img":"https://fd13-photos.leclercdrive.fr/image.ashx?id=2987005&use=l&cat=p&typeid=i","cat":327595},{"id":237137,"n":"Bouchées Les Recettes de L'Atelier - Noir - 401g","p":14.75,"pp":11.06,"u":"27,58 €/KG","img":"https://fd13-photos.leclercdrive.fr/image.ashx?id=2960102&use=l&cat=p&typeid=i","cat":327595},{"id":237148,"n":"Papillotes Révillon Pétard Lait blanc - 300g","p":7.95,"u":"26,50 €/KG","img":"https://fd13-photos.leclercdrive.fr/image.ashx?id=2798036&use=l&cat=p&typeid=i","cat":327597},{"id":237149,"n":"Papillotte Quiz cinéma Révillon Chocolat Noir Lait Blanc - 360g","p":7.73,"u":"21,47 €/KG","img":"https://fd13-photos.leclercdrive.fr/image.ashx?id=2797834&use=l&cat=p&typeid=i","cat":327597},{"id":237150,"n":"Papillottes Révillon Quiz  culture Noir Lait Blanc - 360g","p":7.73,"u":"21,47 €/KG","img":"https://fd13-photos.leclercdrive.fr/image.ashx?id=2802365&use=l&cat=p&typeid=i","cat":327597},{"id":237157,"n":"Boîte chocolat Révillon Grand Assortiment Noir 70% Lait 404g","p":15.55,"u":"38,49 €/KG","img":"https://fd13-photos.leclercdrive.fr/image.ashx?id=2900794&use=l&cat=p&typeid=i","cat":327595},{"id":237158,"n":"Boîte chocolat Révillon Noir 70% Lait Blanc - 409g","p":15.55,"u":"38,02 €/KG","img":"https://fd13-photos.leclercdrive.fr/image.ashx?id=2900797&use=l&cat=p&typeid=i","cat":327595},{"id":237160,"n":"Boîte chocolat Révillon Alcool Noir 70% Lait Blanc - 420g","p":13.95,"u":"33,21 €/KG","img":"https://fd13-photos.leclercdrive.fr/image.ashx?id=2900800&use=l&cat=p&typeid=i","cat":327595},{"id":237168,"n":"Minis Bonhommes Riegelein Chocolat lait 33% Cacao - 100g","p":2.13,"u":"21,30 €/KG","img":"https://fd13-photos.leclercdrive.fr/image.ashx?id=2796938&use=l&cat=p&typeid=i","cat":327592},{"id":237169,"n":"Minis Pères Noël Riegelein Chocolat lait 33% Cacao - 100g","p":2.13,"u":"21,30 €/KG","img":"https://fd13-photos.leclercdrive.fr/image.ashx?id=2796935&use=l&cat=p&typeid=i","cat":327592},{"id":237170,"n":"Minis Oursons Riegelein Chocolat lait 33% Cacao - 100g","p":2.13,"u":"21,30 €/KG","img":"https://fd13-photos.leclercdrive.fr/image.ashx?id=2849217&use=l&cat=p&typeid=i","cat":327592},{"id":237894,"n":"Moulage avec surprise Kinder Pingouin - 36g","p":2.09,"u":"58,06 €/KG","img":"https://fd13-photos.leclercdrive.fr/image.ashx?id=2799032&use=l&cat=p&typeid=i","cat":327592},{"id":237908,"n":"Fizzy mug Mr et Mme Bonheur 100g","p":5.04,"u":"50,40 €/KG","img":"https://fd13-photos.leclercdrive.fr/image.ashx?id=2983676&use=l&cat=p&typeid=i","cat":327789},{"id":237927,"n":"Crème Revitalift L'Oréal Paris Soin défatigant jour - 100ml","p":10.25,"u":"102,50 €/L","img":"https://fd13-photos.leclercdrive.fr/image.ashx?id=2887965&use=l&cat=p&typeid=i","cat":325345},{"id":237931,"n":"Assortiment de chocolats belges Hamlet - 200g","p":6.89,"pp":4.55,"u":"22,75 €/KG","img":"https://fd13-photos.leclercdrive.fr/image.ashx?id=2797897&use=l&cat=p&typeid=i","cat":327595},{"id":237933,"n":"Chocolat arbre de Noël Hamlet 200g","p":6.89,"pp":4.55,"u":"22,75 €/KG","img":"https://fd13-photos.leclercdrive.fr/image.ashx?id=2800983&use=l&cat=p&typeid=i","cat":327595},{"id":237949,"n":"Pâtes Barilla Penne Rigate Al Bronzo - 500g","p":1.95,"u":"3,90 €/KG","img":"https://fd13-photos.leclercdrive.fr/image.ashx?id=2798677&use=l&cat=p&typeid=i","cat":284427},{"id":237950,"n":"Pâtes Barilla Linguine  Al Bronzo - 500g","p":1.98,"u":"3,96 €/KG","img":"https://fd13-photos.leclercdrive.fr/image.ashx?id=2798683&use=l&cat=p&typeid=i","cat":284427},{"id":238056,"n":"Pâtes Barilla Spaghettoni  Al Bronzo - 500g","p":1.95,"u":"3,90 €/KG","img":"https://fd13-photos.leclercdrive.fr/image.ashx?id=2798686&use=l&cat=p&typeid=i","cat":284427},{"id":238073,"n":"Soda Coca-Cola Sans Sucres Bouteille - Pack 6x50CL","p":5.63,"u":"1,88 €/L","img":"https://fd13-photos.leclercdrive.fr/image.ashx?id=2860532&use=l&cat=p&typeid=i","cat":284530},{"id":238264,"n":"Chocolats Caffarel Noisettes - 200g","p":10.95,"pp":7.23,"u":"36,15 €/KG","img":"https://fd13-photos.leclercdrive.fr/image.ashx?id=2872204&use=l&cat=p&typeid=i","cat":327595},{"id":238377,"n":"Mousse à raser Wilkinson 200ml","p":2.95,"u":"14,75 €/L","img":"https://fd13-photos.leclercdrive.fr/image.ashx?id=2801252&use=l&cat=p&typeid=i","cat":284617},{"id":238378,"n":"Gel à raser Wilkinson 200ml","p":3.49,"u":"17,45 €/L","img":"https://fd13-photos.leclercdrive.fr/image.ashx?id=2801255&use=l&cat=p&typeid=i","cat":284617},{"id":238419,"n":"Bonbons Têtes Brulées  Hypnostik - 180g","p":1.95,"u":"10,83 €/KG","img":"https://fd13-photos.leclercdrive.fr/image.ashx?id=2801150&use=l&cat=p&typeid=i","cat":304250},{"id":238429,"n":"Chocolat au lait Tablette d'Or caramel beurre salé 180g","p":2.49,"u":"13,83 €/KG","img":"https://fd13-photos.leclercdrive.fr/image.ashx?id=2800758&use=l&cat=p&typeid=i","cat":284497},{"id":238462,"n":"Emmental Français râpé  Paysan Breton - 200g","p":2.49,"u":"12,45 €/KG","img":"https://fd13-photos.leclercdrive.fr/image.ashx?id=2975200&use=l&cat=p&typeid=i","cat":314035},{"id":238465,"n":"Emmental Français râpé  Paysan Breton - 70g","p":0.84,"u":"12,00 €/KG","img":"https://fd13-photos.leclercdrive.fr/image.ashx?id=2801371&use=l&cat=p&typeid=i","cat":314035},{"id":238472,"n":"Emmental Français  Paysan Breton - 350g","p":3.65,"u":"10,43 €/KG","img":"https://fd13-photos.leclercdrive.fr/image.ashx?id=2801389&use=l&cat=p&typeid=i","cat":314034},{"id":238530,"n":"Ravioli Lustucru Selection  4 fromages - 310g","p":1.94,"u":"6,26 €/KG","img":"https://fd13-photos.leclercdrive.fr/image.ashx?id=2962524&use=l&cat=p&typeid=i","cat":333682},{"id":238567,"n":"Masque cheveux Fructis Garnier Longueur & glow Ananas - 320ml","p":6.39,"u":"19,97 €/L","img":"https://fd13-photos.leclercdrive.fr/image.ashx?id=2802129&use=l&cat=p&typeid=i","cat":284608},{"id":238569,"n":"Rasoirs jetables homme Gillette Blue II Plus - x10","p":4.11,"u":"0,41 €/P","img":"https://fd13-photos.leclercdrive.fr/image.ashx?id=2801485&use=l&cat=p&typeid=i","cat":284616},{"id":238713,"n":"Chocolat Noel Libeert  - 90g","p":5.64,"u":"62,67 €/KG","img":"https://fd13-photos.leclercdrive.fr/image.ashx?id=2802659&use=l&cat=p&typeid=i","cat":327592},{"id":238729,"n":"Sarment chocolat noir Mademoiselle de Margaux - 150g","p":4.4,"u":"29,33 €/KG","img":"https://fd13-photos.leclercdrive.fr/image.ashx?id=2802563&use=l&cat=p&typeid=i","cat":327601},{"id":238731,"n":"Sarment chocolat noir & menthe Mademoiselle de Margaux 150g","p":4.4,"u":"29,33 €/KG","img":"https://fd13-photos.leclercdrive.fr/image.ashx?id=2802569&use=l&cat=p&typeid=i","cat":327601},{"id":238734,"n":"Sarment chocolat  lait  caramel Mademoiselle de Margaux - 150g","p":5.17,"u":"34,47 €/KG","img":"https://fd13-photos.leclercdrive.fr/image.ashx?id=2802560&use=l&cat=p&typeid=i","cat":327601},{"id":238741,"n":"Mini pizza Piccolissima Jambon - x12  288g","p":3.14,"u":"10,90 €/KG","img":"https://fd13-photos.leclercdrive.fr/image.ashx?id=2993089&use=l&cat=p&typeid=i","cat":284256},{"id":238775,"n":"Tablette chocolat lait Libeert Pour papy - 100g","p":2.34,"u":"23,40 €/KG","img":"https://fd13-photos.leclercdrive.fr/image.ashx?id=2803969&use=l&cat=p&typeid=i","cat":284497},{"id":238777,"n":"Tablette chocolat lait Libeert Pour  papa - 100g","p":2.34,"u":"23,40 €/KG","img":"https://fd13-photos.leclercdrive.fr/image.ashx?id=2803972&use=l&cat=p&typeid=i","cat":284497},{"id":238778,"n":"Tablette Chocolat lait Libeert Pour frère - 100g","p":2.34,"u":"23,40 €/KG","img":"https://fd13-photos.leclercdrive.fr/image.ashx?id=2803975&use=l&cat=p&typeid=i","cat":284497},{"id":238779,"n":"Tablette chocolat lait Libeert Pour mamie  - 100g","p":2.34,"u":"23,40 €/KG","img":"https://fd13-photos.leclercdrive.fr/image.ashx?id=2803978&use=l&cat=p&typeid=i","cat":284497},{"id":238780,"n":"Tablette chocolat lait Libeert Pour maman - 100g","p":2.34,"u":"23,40 €/KG","img":"https://fd13-photos.leclercdrive.fr/image.ashx?id=2803981&use=l&cat=p&typeid=i","cat":284497},{"id":238781,"n":"Tablette chocolat lait Libeert Pour soeur - 100g","p":2.34,"u":"23,40 €/KG","img":"https://fd13-photos.leclercdrive.fr/image.ashx?id=2803984&use=l&cat=p&typeid=i","cat":284497},{"id":238785,"n":"Jambon Le tranché fin  Dégustation 4 tranches 120g","p":2.42,"u":"20,17 €/KG","img":"https://fd13-photos.leclercdrive.fr/image.ashx?id=2889298&use=l&cat=p&typeid=i","cat":316009},{"id":238786,"n":"Sucette guimauve Xmas Fizzy  Pain d'epices - 35g","p":1.1,"u":"31,43 €/KG","img":"https://fd13-photos.leclercdrive.fr/image.ashx?id=2804349&use=l&cat=p&typeid=i","cat":327592},{"id":238872,"n":"Quinoa facile Lustucru 300g","p":2.42,"u":"8,07 €/KG","img":"https://fd13-photos.leclercdrive.fr/image.ashx?id=2804565&use=l&cat=p&typeid=i","cat":284429},{"id":238904,"n":"Yaourt protéiné Skyr Yoplait Stracciatella 2%mg - 4x120g","p":3.41,"u":"7,10 €/KG","img":"https://fd13-photos.leclercdrive.fr/image.ashx?id=2973748&use=l&cat=p&typeid=i","cat":315000},{"id":238910,"n":"Yaourt protéiné Skyr Yoplait Lit au caramel 0%mg - 4x120g","p":3.41,"u":"7,10 €/KG","img":"https://fd13-photos.leclercdrive.fr/image.ashx?id=2973751&use=l&cat=p&typeid=i","cat":315000},{"id":238984,"n":"Rasoir Tondeuse Carré Homme Hybride +1 recharge","p":17.9,"u":"17,90 €/PRT","img":"https://fd13-photos.leclercdrive.fr/image.ashx?id=2804072&use=l&cat=p&typeid=i","cat":284616},{"id":238985,"n":"Recharge rasoir tondeuse Hybride - Carré homme","p":8.99,"img":"https://fd13-photos.leclercdrive.fr/image.ashx?id=2804075&use=l&cat=p&typeid=i","cat":284616},{"id":239076,"n":"Foie gras de canard Larnaudie Entier - 160g","p":24.49,"u":"153,06 €/KG","img":"https://fd13-photos.leclercdrive.fr/image.ashx?id=2918637&use=l&cat=p&typeid=i","cat":316008},{"id":239101,"n":"Riz Thaï Taureau Ailé 1kg","p":2.98,"u":"2,98 €/KG","img":"https://fd13-photos.leclercdrive.fr/image.ashx?id=2805558&use=l&cat=p&typeid=i","cat":284428},{"id":239106,"n":"Praliné ligne excellent Hamlet Or - 250g","p":6.95,"u":"27,80 €/KG","img":"https://fd13-photos.leclercdrive.fr/image.ashx?id=2804352&use=l&cat=p&typeid=i","cat":284499},{"id":239183,"n":"Jus multifruits Abc Eco+ 1L","p":1.11,"u":"1,11 €/L","img":"https://fd13-photos.leclercdrive.fr/image.ashx?id=2804840&use=l&cat=p&typeid=i","cat":284917},{"id":239205,"n":"Coloration Palette N°800 Châtain foncé x1","p":3.87,"img":"https://fd13-photos.leclercdrive.fr/image.ashx?id=2817476&use=l&cat=p&typeid=i","cat":288899},{"id":239206,"n":"Coloration Palette N°900 Noir - x1","p":3.87,"img":"https://fd13-photos.leclercdrive.fr/image.ashx?id=2817479&use=l&cat=p&typeid=i","cat":288899},{"id":239207,"n":"Coloration Palette N°909 Noir bleuté - x1","p":4.46,"img":"https://fd13-photos.leclercdrive.fr/image.ashx?id=2911294&use=l&cat=p&typeid=i","cat":288899},{"id":239211,"n":"Huile Essentielle So Bio Etic  Eucalyptus Globuleux Bio - 12ml","p":3.15,"u":"262,50 €/MT","img":"https://fd13-photos.leclercdrive.fr/image.ashx?id=2805456&use=l&cat=p&typeid=i","cat":284630},{"id":239213,"n":"Huile Essentielle So Bio Etic Arbre à thé Bio - 12ml","p":4.37,"u":"364,17 €/L","img":"https://fd13-photos.leclercdrive.fr/image.ashx?id=2805459&use=l&cat=p&typeid=i","cat":284630},{"id":239215,"n":"Huile Essentielle So Bio Etic Menthe poivrée Bio - 10ml","p":5.39,"u":"539,00 €/L","img":"https://fd13-photos.leclercdrive.fr/image.ashx?id=2805462&use=l&cat=p&typeid=i","cat":284630},{"id":239220,"n":"Bain de Bouche Listerine Haleine Fraiche 500ml","p":4.65,"u":"9,30 €/L","img":"https://fd13-photos.leclercdrive.fr/image.ashx?id=2806309&use=l&cat=p&typeid=i","cat":284613},{"id":239221,"n":"Bain de Bouche Listerine Total Care 10 en 1-500ml","p":4.99,"u":"9,98 €/L","img":"https://fd13-photos.leclercdrive.fr/image.ashx?id=2806312&use=l&cat=p&typeid=i","cat":284613},{"id":239223,"n":"Bain de bouche Listerine Total Care - Sans alcool 500ml","p":4.99,"u":"9,98 €/L","img":"https://fd13-photos.leclercdrive.fr/image.ashx?id=2806315&use=l&cat=p&typeid=i","cat":284613},{"id":239224,"n":"Bain de Bouche Listerine Dents et Gencives 10 en 1 500ml","p":4.28,"u":"8,56 €/L","img":"https://fd13-photos.leclercdrive.fr/image.ashx?id=2806318&use=l&cat=p&typeid=i","cat":284613},{"id":239226,"n":"Adoucissant recharge Soupline à diluer Grand Air - 600ml","p":2.2,"u":"3,67 €/L","img":"https://fd13-photos.leclercdrive.fr/image.ashx?id=2957314&use=l&cat=p&typeid=i","cat":284650},{"id":239227,"n":"Adoucissant recharge Soupline à diluer Hypoallergénique 600ml","p":2.98,"u":"4,97 €/L","img":"https://fd13-photos.leclercdrive.fr/image.ashx?id=2813546&use=l&cat=p&typeid=i","cat":284650},{"id":239229,"n":"Brume de linge Soupline spray Grand Air - 300ml","p":5.9,"u":"19,67 €/L","img":"https://fd13-photos.leclercdrive.fr/image.ashx?id=2866202&use=l&cat=p&typeid=i","cat":325302},{"id":239231,"n":"Dentifrice Sensitive Elmex Blancheur - 75ml","p":5.93,"u":"79,07 €/L","img":"https://fd13-photos.leclercdrive.fr/image.ashx?id=2806447&use=l&cat=p&typeid=i","cat":284612},{"id":239233,"n":"Dentifrice Colgate Soin complet - 75ml","p":2.44,"u":"32,53 €/L","img":"https://fd13-photos.leclercdrive.fr/image.ashx?id=2836196&use=l&cat=p&typeid=i","cat":284612},{"id":239234,"n":"Dentifrice Colgate Total Résistance de l'émail 75ml","p":2.99,"u":"39,87 €/L","img":"https://fd13-photos.leclercdrive.fr/image.ashx?id=2832578&use=l&cat=p&typeid=i","cat":284612},{"id":239237,"n":"Couches bébé Mots d'enfant Taille 3 - 4-9kg - x104","p":12.69,"u":"12,69 €/PRT","img":"https://fd13-photos.leclercdrive.fr/image.ashx?id=2922439&use=l&cat=p&typeid=i","cat":284737},{"id":239239,"n":"Couches bébé Mots d'enfant Taille 4 - 7-18kg - x92","p":12.69,"img":"https://fd13-photos.leclercdrive.fr/image.ashx?id=2922442&use=l&cat=p&typeid=i","cat":284737},{"id":239241,"n":"Couches bébé Mots d'enfant Taille 4+ - 9-20kg - x88","p":12.69,"img":"https://fd13-photos.leclercdrive.fr/image.ashx?id=2922445&use=l&cat=p&typeid=i","cat":284737},{"id":239242,"n":"Couches bébé Mots d'enfant Taille 5 - 11-25kg - x84","p":12.69,"u":"0,15 €/P","img":"https://fd13-photos.leclercdrive.fr/image.ashx?id=2922448&use=l&cat=p&typeid=i","cat":284737},{"id":239371,"n":"Capsules café L'Or Espresso Supremo N°10 x50","p":13.71,"u":"52,73 €/KG","img":"https://fd13-photos.leclercdrive.fr/image.ashx?id=3000480&use=l&cat=p&typeid=i","cat":284749},{"id":239478,"n":"Burger Géant Jacquet Nature x4 - 330g","p":1.09,"u":"3,30 €/KG","img":"https://fd13-photos.leclercdrive.fr/image.ashx?id=3010981&use=l&cat=p&typeid=i","cat":325067},{"id":239480,"n":"Burger Géant Jacquet Farine complète x4 - 330g","p":1.24,"u":"3,76 €/KG","img":"https://fd13-photos.leclercdrive.fr/image.ashx?id=2973544&use=l&cat=p&typeid=i","cat":325067},{"id":239508,"n":"Préparation maison Vahiné Muffins chocolat noisettes 330g","p":3.5,"u":"10,61 €/KG","img":"https://fd13-photos.leclercdrive.fr/image.ashx?id=2806964&use=l&cat=p&typeid=i","cat":284505},{"id":239509,"n":"Préparation maison Vahiné Gâteau 3en1 chocolat  280g","p":2.8,"u":"10,00 €/KG","img":"https://fd13-photos.leclercdrive.fr/image.ashx?id=2806961&use=l&cat=p&typeid=i","cat":284505},{"id":239616,"n":"Boisson hydratation Prime Framboise 500ml","p":1.89,"u":"3,78 €/L","img":"https://fd13-photos.leclercdrive.fr/image.ashx?id=2807879&use=l&cat=p&typeid=i","cat":284533},{"id":239617,"n":"Boisson hydratation Prime Fraise pastèque 500ml","p":1.89,"u":"3,78 €/L","img":"https://fd13-photos.leclercdrive.fr/image.ashx?id=2849277&use=l&cat=p&typeid=i","cat":284533},{"id":239864,"n":"Velouté Liebig 12 legumes - 2x30cl","p":1.94,"u":"3,23 €/L","img":"https://fd13-photos.leclercdrive.fr/image.ashx?id=2923513&use=l&cat=p&typeid=i","cat":284462},{"id":239869,"n":"Velouté de carotte Liebig panais - 1L","p":2.96,"u":"2,96 €/L","img":"https://fd13-photos.leclercdrive.fr/image.ashx?id=2810636&use=l&cat=p&typeid=i","cat":284462},{"id":239888,"n":"Bouillon Maggi Tomate vermicelle - 70g","p":0.45,"u":"6,43 €/KG","img":"https://fd13-photos.leclercdrive.fr/image.ashx?id=2811713&use=l&cat=p&typeid=i","cat":288379},{"id":239891,"n":"Poule aux vermicelles Maggi 65g","p":0.59,"u":"9,08 €/KG","img":"https://fd13-photos.leclercdrive.fr/image.ashx?id=2811716&use=l&cat=p&typeid=i","cat":288379},{"id":239893,"n":"Bouillon de tomates Royco x3 - 60cl","p":1.72,"u":"2,87 €/L","img":"https://fd13-photos.leclercdrive.fr/image.ashx?id=2810630&use=l&cat=p&typeid=i","cat":288379},{"id":239897,"n":"Velouté de poireaux Royco  pomme de terre x3 - 80cl","p":1.6,"u":"2,00 €/L","img":"https://fd13-photos.leclercdrive.fr/image.ashx?id=2810642&use=l&cat=p&typeid=i","cat":293527},{"id":239899,"n":"Plat Bledina Boeuf et carotte - 200g","p":2.39,"u":"11,95 €/KG","img":"https://fd13-photos.leclercdrive.fr/image.ashx?id=2866307&use=l&cat=p&typeid=i","cat":312238},{"id":239934,"n":"Bols Bledina Crémeux poireaux cabillaud 400g","p":2.85,"u":"7,13 €/KG","img":"https://fd13-photos.leclercdrive.fr/image.ashx?id=2975116&use=l&cat=p&typeid=i","cat":312237},{"id":239939,"n":"Bols ratatouille Bledina  poulet &huile d'olive - 400g","p":2.74,"u":"6,85 €/KG","img":"https://fd13-photos.leclercdrive.fr/image.ashx?id=2975122&use=l&cat=p&typeid=i","cat":312236},{"id":239942,"n":"Bols parmentier Bledina Carottes boeuf - 2x200g","p":2.85,"u":"7,13 €/KG","img":"https://fd13-photos.leclercdrive.fr/image.ashx?id=2975125&use=l&cat=p&typeid=i","cat":312235},{"id":239944,"n":"Bols écrasé Bledina Petits pois riz cabillaud 400g","p":2.8,"u":"7,00 €/KG","img":"https://fd13-photos.leclercdrive.fr/image.ashx?id=2975128&use=l&cat=p&typeid=i","cat":312236},{"id":239945,"n":"Gourdes Bledina Fruits multivariété - 720g","p":7.29,"u":"10,13 €/KG","img":"https://fd13-photos.leclercdrive.fr/image.ashx?id=2810654&use=l&cat=p&typeid=i","cat":312393},{"id":239946,"n":"Compote Bonne Maman Pomme vanille - 590g","p":2.77,"u":"4,69 €/KG","img":"https://fd13-photos.leclercdrive.fr/image.ashx?id=2951863&use=l&cat=p&typeid=i","cat":284480},{"id":239953,"n":"Chocolat noir Excellence Lindt 3 graines - 100g","p":2.52,"u":"2,52 €/L","img":"https://fd13-photos.leclercdrive.fr/image.ashx?id=2810675&use=l&cat=p&typeid=i","cat":284499},{"id":239960,"n":"Sauce provencale Eco+ 390g","p":0.87,"u":"2,23 €/KG","img":"https://fd13-photos.leclercdrive.fr/image.ashx?id=2808964&use=l&cat=p&typeid=i","cat":299047},{"id":239981,"n":"Sauce napolitaine Eco+ 390g","p":0.97,"u":"2,49 €/KG","img":"https://fd13-photos.leclercdrive.fr/image.ashx?id=2809172&use=l&cat=p&typeid=i","cat":299047},{"id":240106,"n":"Lessive Mono-doses - x20 Uni vert","p":5.65,"img":"https://fd13-photos.leclercdrive.fr/image.ashx?id=2842322&use=l&cat=p&typeid=i","cat":284641},{"id":240160,"n":"Recharge liquide vaisselle et  mains Le Briochin - 450ml","p":2.79,"u":"6,20 €/L","img":"https://fd13-photos.leclercdrive.fr/image.ashx?id=3000758&use=l&cat=p&typeid=i","cat":284655},{"id":240425,"n":"Soda à l'orange Orangina 1,5L","p":1.95,"u":"1,30 €/L","img":"https://fd13-photos.leclercdrive.fr/image.ashx?id=2946499&use=l&cat=p&typeid=i","cat":284532},{"id":240426,"n":"Soda à l'orange Orangina 2x1,5L","p":4.06,"u":"1,35 €/L","img":"https://fd13-photos.leclercdrive.fr/image.ashx?id=2812690&use=l&cat=p&typeid=i","cat":284532},{"id":240427,"n":"Soda à l'orange Orangina 12x33cl","p":7.44,"u":"1,88 €/L","img":"https://fd13-photos.leclercdrive.fr/image.ashx?id=2946505&use=l&cat=p&typeid=i","cat":284532},{"id":240428,"n":"Soda à l'orange Orangina 6x33cl","p":3.72,"u":"1,88 €/L","img":"https://fd13-photos.leclercdrive.fr/image.ashx?id=2946502&use=l&cat=p&typeid=i","cat":284532},{"id":240482,"n":"Riz basmati Lustucru 10min - 5x180g","p":3.16,"u":"3,51 €/KG","img":"https://fd13-photos.leclercdrive.fr/image.ashx?id=2814163&use=l&cat=p&typeid=i","cat":284428},{"id":240623,"n":"Laque fixation forte Elnett 200ml","p":5.95,"u":"29,75 €/L","img":"https://fd13-photos.leclercdrive.fr/image.ashx?id=2828013&use=l&cat=p&typeid=i","cat":284609},{"id":240842,"n":"Skyr nature Délisse 4x100g","p":1.72,"u":"4,30 €/KG","img":"https://fd13-photos.leclercdrive.fr/image.ashx?id=2992588&use=l&cat=p&typeid=i","cat":315000},{"id":240843,"n":"Skyr nature Délisse 850g","p":2.75,"u":"3,24 €/KG","img":"https://fd13-photos.leclercdrive.fr/image.ashx?id=2992600&use=l&cat=p&typeid=i","cat":315000},{"id":241099,"n":"Nouilles asiatiques Maggi Pad Thai - 128g","p":1.79,"u":"13,98 €/KG","img":"https://fd13-photos.leclercdrive.fr/image.ashx?id=2899776&use=l&cat=p&typeid=i","cat":288992},{"id":241210,"n":"Dentifrice Enfants Signal  Super Mario - Fruité - 75ml","p":2.2,"u":"29,33 €/L","img":"https://fd13-photos.leclercdrive.fr/image.ashx?id=2993173&use=l&cat=p&typeid=i","cat":288898},{"id":241211,"n":"Dentifrice Enfants Signal Super Mario - Fraise - 75ml","p":2.2,"u":"29,33 €/L","img":"https://fd13-photos.leclercdrive.fr/image.ashx?id=2987047&use=l&cat=p&typeid=i","cat":288898},{"id":241489,"n":"Thon au naturel Petit Navire x3 - 112g","p":6.46,"u":"57,68 €/KG","img":"https://fd13-photos.leclercdrive.fr/image.ashx?id=2887491&use=l&cat=p&typeid=i","cat":303867},{"id":241497,"n":"Foie gras de canard Pierre de Chaumeyrac 150g","p":13.83,"u":"92,20 €/KG","img":"https://fd13-photos.leclercdrive.fr/image.ashx?id=2817226&use=l&cat=p&typeid=i","cat":316008},{"id":241499,"n":"Bloc foie gras de canard  Pierre de Chaumeyrac 2x40g","p":5.95,"u":"74,38 €/KG","img":"https://fd13-photos.leclercdrive.fr/image.ashx?id=2817235&use=l&cat=p&typeid=i","cat":316008},{"id":241503,"n":"Tartinable foie gras de canard Pierre de Chaumeyrac 90g","p":3.47,"u":"38,56 €/KG","img":"https://fd13-photos.leclercdrive.fr/image.ashx?id=2817232&use=l&cat=p&typeid=i","cat":316008},{"id":241653,"n":"Riz parfumé Taureau ailé 500g","p":1.47,"u":"2,94 €/KG","img":"https://fd13-photos.leclercdrive.fr/image.ashx?id=2828343&use=l&cat=p&typeid=i","cat":284428},{"id":241657,"n":"Riz Thai Taureau ailé 500g","p":2.16,"u":"4,32 €/KG","img":"https://fd13-photos.leclercdrive.fr/image.ashx?id=2828340&use=l&cat=p&typeid=i","cat":284428},{"id":241803,"n":"Terrine de saumon ASC Ronde des Mers 2x60g","p":2.49,"u":"20,75 €/KG","img":"https://fd13-photos.leclercdrive.fr/image.ashx?id=2856217&use=l&cat=p&typeid=i","cat":285191},{"id":241812,"n":"Gourde bébé Blédina - 10 mois Multifruits - 8x85g","p":8.09,"u":"11,90 €/KG","img":"https://fd13-photos.leclercdrive.fr/image.ashx?id=2826642&use=l&cat=p&typeid=i","cat":312393},{"id":241919,"n":"AOP Fitou Prieur Barsanne Vin rouge - 3L","p":9.99,"u":"3,33 €/L","img":"https://fd13-photos.leclercdrive.fr/image.ashx?id=2982916&use=l&cat=p&typeid=i","cat":289556},{"id":242145,"n":"Absorbeur d'humidité éco+ avec 2 recharges - 450g","p":4.3,"img":"https://fd13-photos.leclercdrive.fr/image.ashx?id=2831607&use=l&cat=p&typeid=i","cat":300576},{"id":242218,"n":"Lingettes Mixa bébé au lait x80","p":2.99,"u":"0,04 €/P","img":"https://fd13-photos.leclercdrive.fr/image.ashx?id=2828079&use=l&cat=p&typeid=i","cat":284738},{"id":242220,"n":"Lingettes Mixa bébé  eau minérale x48","p":3.17,"u":"0,07 €/P","img":"https://fd13-photos.leclercdrive.fr/image.ashx?id=2828082&use=l&cat=p&typeid=i","cat":284738},{"id":242226,"n":"Déodorant Mixa Anti-transpirant 48h","p":2.75,"u":"55,00 €/L","img":"https://fd13-photos.leclercdrive.fr/image.ashx?id=2869116&use=l&cat=p&typeid=i","cat":284595},{"id":242235,"n":"Lingettes bébé Cadum  Ultra-douces x48","p":4.12,"u":"0,04 €/P","img":"https://fd13-photos.leclercdrive.fr/image.ashx?id=2828091&use=l&cat=p&typeid=i","cat":284738},{"id":242258,"n":"Laque Elnett 300ml","p":7.35,"u":"24,50 €/L","img":"https://fd13-photos.leclercdrive.fr/image.ashx?id=2828019&use=l&cat=p&typeid=i","cat":284609},{"id":242259,"n":"Laque Elnett fixation forte 300ml","p":7.35,"u":"24,50 €/L","img":"https://fd13-photos.leclercdrive.fr/image.ashx?id=2828016&use=l&cat=p&typeid=i","cat":284609},{"id":242261,"n":"Laque Elnett Fixation normale 400ml","p":9.04,"u":"22,60 €/L","img":"https://fd13-photos.leclercdrive.fr/image.ashx?id=2828025&use=l&cat=p&typeid=i","cat":284609},{"id":242262,"n":"Laque Elnett Fixation forte 400ml","p":9.04,"u":"22,60 €/L","img":"https://fd13-photos.leclercdrive.fr/image.ashx?id=2828022&use=l&cat=p&typeid=i","cat":284609},{"id":242266,"n":"Après-shampoing Garnier Ultra  Doux Cheveux secs -250ml","p":2.48,"u":"9,92 €/L","img":"https://fd13-photos.leclercdrive.fr/image.ashx?id=2828046&use=l&cat=p&typeid=i","cat":284607},{"id":242278,"n":"Lait vitaminé Viva Candia Demi-écrémé 8x1L","p":9.95,"u":"1,24 €/L","img":"https://fd13-photos.leclercdrive.fr/image.ashx?id=2891586&use=l&cat=p&typeid=i","cat":284377},{"id":242353,"n":"Riz Comptoir du Grain Thaï suprême - 500g","p":1.95,"u":"3,90 €/KG","img":"https://fd13-photos.leclercdrive.fr/image.ashx?id=2822371&use=l&cat=p&typeid=i","cat":284428},{"id":242701,"n":"Déodorant Narta Impeccable anti-traces 48h -50ml","p":2.68,"u":"53,60 €/L","img":"https://fd13-photos.leclercdrive.fr/image.ashx?id=2828097&use=l&cat=p&typeid=i","cat":284595},{"id":242702,"n":"Déodorant Narta Magnesium  protect - 100ml","p":4.95,"u":"49,50 €/L","img":"https://fd13-photos.leclercdrive.fr/image.ashx?id=2828100&use=l&cat=p&typeid=i","cat":284595},{"id":242703,"n":"Déodorant Mennen Intracable  Xtrem 72h - 50ml","p":3.68,"u":"73,60 €/L","img":"https://fd13-photos.leclercdrive.fr/image.ashx?id=2828109&use=l&cat=p&typeid=i","cat":284596},{"id":242704,"n":"Déodorant Ushuaia Bio Hibiscus 50ml","p":3.79,"u":"75,80 €/L","img":"https://fd13-photos.leclercdrive.fr/image.ashx?id=2828118&use=l&cat=p&typeid=i","cat":284595},{"id":242706,"n":"Crème dessert Danette Praliné - 4x125g","p":1.65,"u":"3,30 €/KG","img":"https://fd13-photos.leclercdrive.fr/image.ashx?id=2918556&use=l&cat=p&typeid=i","cat":285041},{"id":242707,"n":"Crème dessert Danette Petit-beurre chocolat 4x125g","p":1.67,"u":"3,34 €/KG","img":"https://fd13-photos.leclercdrive.fr/image.ashx?id=2928414&use=l&cat=p&typeid=i","cat":285041},{"id":242710,"n":"Yaourt à boire Myrtille Hipro 300g","p":2.66,"u":"8,87 €/KG","img":"https://fd13-photos.leclercdrive.fr/image.ashx?id=2826573&use=l&cat=p&typeid=i","cat":284415},{"id":242712,"n":"Skyr Danone Cerise - 2x140g","p":2.53,"u":"9,04 €/KG","img":"https://fd13-photos.leclercdrive.fr/image.ashx?id=2826570&use=l&cat=p&typeid=i","cat":315000},{"id":242713,"n":"Actimel triple action Fraise Grenade - 6x100g","p":3.5,"u":"5,83 €/KG","img":"https://fd13-photos.leclercdrive.fr/image.ashx?id=2826576&use=l&cat=p&typeid=i","cat":284415},{"id":242715,"n":"Kéfir à boire Activia Mangue - 280g","p":1.78,"u":"6,36 €/KG","img":"https://fd13-photos.leclercdrive.fr/image.ashx?id=2983015&use=l&cat=p&typeid=i","cat":284415},{"id":242719,"n":"Yaourt protéiné Hipro Fraise - 2x160g","p":2.66,"u":"8,31 €/KG","img":"https://fd13-photos.leclercdrive.fr/image.ashx?id=2945418&use=l&cat=p&typeid=i","cat":315000},{"id":242815,"n":"Déodorant Men Expert Sport 150ml","p":3.5,"u":"23,33 €/L","img":"https://fd13-photos.leclercdrive.fr/image.ashx?id=2825877&use=l&cat=p&typeid=i","cat":284618},{"id":242821,"n":"Coloration Olia Garnier 6.12  Châtin très clair","p":9.9,"img":"https://fd13-photos.leclercdrive.fr/image.ashx?id=2825880&use=l&cat=p&typeid=i","cat":288899},{"id":242835,"n":"Eau aromatisée Cristaline Fruits rouges - 1.5L","p":0.77,"u":"0,51 €/L","img":"https://fd13-photos.leclercdrive.fr/image.ashx?id=2825664&use=l&cat=p&typeid=i","cat":284537},{"id":242886,"n":"Terrine de Saint-Jacques  Ronde des Mers 2x60g","p":1.99,"u":"16,58 €/KG","img":"https://fd13-photos.leclercdrive.fr/image.ashx?id=2856214&use=l&cat=p&typeid=i","cat":285191},{"id":242899,"n":"Soda à l'orange Orangina 4x1.5L","p":7.6,"u":"1,27 €/L","img":"https://fd13-photos.leclercdrive.fr/image.ashx?id=2825598&use=l&cat=p&typeid=i","cat":284532},{"id":242930,"n":"Starter Quattro Wilkinson Sensitive + 5lames - 1p","p":14.89,"img":"https://fd13-photos.leclercdrive.fr/image.ashx?id=2826078&use=l&cat=p&typeid=i","cat":325352},{"id":242938,"n":"Crème mains Mixa Intensif  Cica mains 50cl","p":2.49,"u":"6,23 €/L","img":"https://fd13-photos.leclercdrive.fr/image.ashx?id=2979914&use=l&cat=p&typeid=i","cat":325354},{"id":242942,"n":"Riz basmati Taureau Ailé  Bio - 500g","p":3.41,"u":"6,82 €/KG","img":"https://fd13-photos.leclercdrive.fr/image.ashx?id=2826015&use=l&cat=p&typeid=i","cat":284428},{"id":243076,"n":"Chocolat Merveilles du Monde Lait crêpes dentelles  - 100g","p":2.87,"u":"28,70 €/KG","img":"https://fd13-photos.leclercdrive.fr/image.ashx?id=2840289&use=l&cat=p&typeid=i","cat":284497},{"id":243077,"n":"Chocolat Merveilles du Monde Blanc noix de coco  - 100g","p":2.9,"u":"29,00 €/KG","img":"https://fd13-photos.leclercdrive.fr/image.ashx?id=2826057&use=l&cat=p&typeid=i","cat":284497},{"id":243078,"n":"Biscuits Merveilles du Monde Les animaux nappés - 200g","p":2.95,"u":"14,75 €/KG","img":"https://fd13-photos.leclercdrive.fr/image.ashx?id=2883711&use=l&cat=p&typeid=i","cat":284487},{"id":243079,"n":"Tartelettes Merveilles du Monde Pâte à tartiner - 180g","p":2.95,"u":"16,39 €/KG","img":"https://fd13-photos.leclercdrive.fr/image.ashx?id=2857665&use=l&cat=p&typeid=i","cat":284488},{"id":243249,"n":"Foie gras de canard Delpeyrat Bloc 540g","p":37.99,"u":"70,35 €/KG","img":"https://fd13-photos.leclercdrive.fr/image.ashx?id=2833267&use=l&cat=p&typeid=i","cat":316008},{"id":243963,"n":"Lessive liquide Winni's Savon d'Alep & Verveine 1125ml","p":6.99,"u":"6,21 €/L","img":"https://fd13-photos.leclercdrive.fr/image.ashx?id=2834539&use=l&cat=p&typeid=i","cat":284640},{"id":243964,"n":"Lessive liquide Ecopack Winni's Savon d'Alep et Verveine 1350ml","p":7.11,"u":"5,27 €/L","img":"https://fd13-photos.leclercdrive.fr/image.ashx?id=2834542&use=l&cat=p&typeid=i","cat":284640},{"id":243968,"n":"Lessive liquide Ecopack Winni's Couleurs Ecolabel 1350ml x30","p":7.83,"u":"5,80 €/L","img":"https://fd13-photos.leclercdrive.fr/image.ashx?id=2834548&use=l&cat=p&typeid=i","cat":284640},{"id":243969,"n":"Adoucissant Winni's Fleurs blanches - 775ml - x31","p":2.89,"u":"3,73 €/L","img":"https://fd13-photos.leclercdrive.fr/image.ashx?id=2834551&use=l&cat=p&typeid=i","cat":284650},{"id":243970,"n":"Adoucissant Eco-pack Winni's Fleurs Blanches - 1250ml - x50","p":3.86,"u":"3,09 €/L","img":"https://fd13-photos.leclercdrive.fr/image.ashx?id=2834554&use=l&cat=p&typeid=i","cat":284650},{"id":243971,"n":"Liquide vaisselle Winni's Citron vert - Ecolabel - 500ml","p":2.01,"u":"4,02 €/L","img":"https://fd13-photos.leclercdrive.fr/image.ashx?id=2834557&use=l&cat=p&typeid=i","cat":284655},{"id":243974,"n":"Liquide vaisselle Winni's Eco- Pack Citron vert - 1000ml","p":3.73,"img":"https://fd13-photos.leclercdrive.fr/image.ashx?id=2938734&use=l&cat=p&typeid=i","cat":284655},{"id":243975,"n":"Kit Plumeau Eco+ Dépoussiérant - +5 recharges","p":0.9,"img":"https://fd13-photos.leclercdrive.fr/image.ashx?id=2834187&use=l&cat=p&typeid=i","cat":325364},{"id":244195,"n":"Gel douche Le Petit Marseillais Abricot - 400ml","p":2.99,"u":"7,48 €/L","img":"https://fd13-photos.leclercdrive.fr/image.ashx?id=2941778&use=l&cat=p&typeid=i","cat":284594},{"id":244218,"n":"Croquettes Friskies chat adulte Thon Légumes - 3kg","p":8.59,"u":"2,86 €/KG","img":"https://fd13-photos.leclercdrive.fr/image.ashx?id=2835148&use=l&cat=p&typeid=i","cat":284680},{"id":244229,"n":"Croquettes Friskies chat adulte Lapin Poulet Légumes - 1.5kg","p":4.62,"u":"3,08 €/KG","img":"https://fd13-photos.leclercdrive.fr/image.ashx?id=2835160&use=l&cat=p&typeid=i","cat":284680},{"id":244230,"n":"Croquettes Friskies chat adulte Poulet Légumes - 3kg","p":8.46,"u":"2,82 €/KG","img":"https://fd13-photos.leclercdrive.fr/image.ashx?id=2835151&use=l&cat=p&typeid=i","cat":284680},{"id":244234,"n":"Croquettes Friskies chat adulte Saumon Légumes - 1.5kg","p":4.6,"u":"3,07 €/KG","img":"https://fd13-photos.leclercdrive.fr/image.ashx?id=2860586&use=l&cat=p&typeid=i","cat":284680},{"id":244235,"n":"Croquettes Friskies chat adulte  Boeuf Poulet Légumes - 1.5kg","p":4.05,"u":"2,70 €/KG","img":"https://fd13-photos.leclercdrive.fr/image.ashx?id=2835154&use=l&cat=p&typeid=i","cat":284680},{"id":244257,"n":"Yaourts brassés Mamie Nova Tropical - 2x150g","p":1.48,"u":"4,93 €/KG","img":"https://fd13-photos.leclercdrive.fr/image.ashx?id=2835060&use=l&cat=p&typeid=i","cat":284410},{"id":244337,"n":"Café Soluble Nescafé Cappuccino Caramel beurre salé - 261g","p":5.07,"u":"19,43 €/KG","img":"https://fd13-photos.leclercdrive.fr/image.ashx?id=2957305&use=l&cat=p&typeid=i","cat":284843},{"id":244351,"n":"Shampooing Elsève Color vive 250ml","p":2.35,"u":"9,40 €/L","img":"https://fd13-photos.leclercdrive.fr/image.ashx?id=2989318&use=l&cat=p&typeid=i","cat":284606},{"id":244354,"n":"Shampooing Garnier Ultra doux  Miel - 250ml","p":2.03,"u":"8,12 €/L","img":"https://fd13-photos.leclercdrive.fr/image.ashx?id=2836502&use=l&cat=p&typeid=i","cat":284606},{"id":244356,"n":"Shampooing Garnier Ultra doux  Avocat 250ml","p":2.04,"u":"8,16 €/L","img":"https://fd13-photos.leclercdrive.fr/image.ashx?id=2836499&use=l&cat=p&typeid=i","cat":284606},{"id":244359,"n":"Shampooing Elsève Dream length  250ml","p":3.48,"u":"13,92 €/L","img":"https://fd13-photos.leclercdrive.fr/image.ashx?id=2863614&use=l&cat=p&typeid=i","cat":284606},{"id":244360,"n":"Shampooing Elsève Hyaluronique  250ml","p":3.48,"u":"13,92 €/L","img":"https://fd13-photos.leclercdrive.fr/image.ashx?id=2863617&use=l&cat=p&typeid=i","cat":284606},{"id":244500,"n":"Saumon fumé Breizh Saveurs Ecosse - 8 tranches - 225g","p":11.2,"u":"49,78 €/KG","img":"https://fd13-photos.leclercdrive.fr/image.ashx?id=2836052&use=l&cat=p&typeid=i","cat":285188},{"id":244550,"n":"Togouchi Pure Malt sous étui 40° - 70cl","p":46.5,"pp":42.5,"u":"60,71 €/L","img":"https://fd13-photos.leclercdrive.fr/image.ashx?id=2836634&use=l&cat=p&typeid=i","cat":284547},{"id":244661,"n":"Riz Basmati Lustucru Selection  10 min - 450g","p":2.2,"u":"4,89 €/KG","img":"https://fd13-photos.leclercdrive.fr/image.ashx?id=2836732&use=l&cat=p&typeid=i","cat":284428},{"id":244965,"n":"Shampooing gris éclatant Petrole Hahn - 250ml","p":2.59,"u":"10,36 €/L","img":"https://fd13-photos.leclercdrive.fr/image.ashx?id=2958086&use=l&cat=p&typeid=i","cat":284606},{"id":245060,"n":"Cornichons 6 aromates Rustica extra-fins -220g","p":1.59,"u":"7,23 €/KG","img":"https://fd13-photos.leclercdrive.fr/image.ashx?id=2916734&use=l&cat=p&typeid=i","cat":284458},{"id":245061,"n":"Pain pour panini Epi d'Or Précuit - x4  300g","p":1.47,"u":"4,90 €/KG","img":"https://fd13-photos.leclercdrive.fr/image.ashx?id=2837144&use=l&cat=p&typeid=i","cat":284985},{"id":245064,"n":"Riz Basmati Lustucru 900g","p":3.71,"u":"4,12 €/KG","img":"https://fd13-photos.leclercdrive.fr/image.ashx?id=2837640&use=l&cat=p&typeid=i","cat":284428},{"id":245066,"n":"Pur jus de pomme rouge 1L","p":3.12,"u":"3,12 €/L","img":"https://fd13-photos.leclercdrive.fr/image.ashx?id=2837388&use=l&cat=p&typeid=i","cat":284522},{"id":245074,"n":"Nouilles instantanées Maggi sauce aigre douce - 128g","p":1.95,"u":"15,23 €/KG","img":"https://fd13-photos.leclercdrive.fr/image.ashx?id=2837628&use=l&cat=p&typeid=i","cat":288992},{"id":245076,"n":"Nouilles instantanées Maggi sauce Teriyaki - 75g","p":1.95,"u":"26,00 €/KG","img":"https://fd13-photos.leclercdrive.fr/image.ashx?id=2842966&use=l&cat=p&typeid=i","cat":288992},{"id":245078,"n":"Nouilles instantanées Maggi sauce poulet sésame - 75g","p":1.95,"u":"26,00 €/KG","img":"https://fd13-photos.leclercdrive.fr/image.ashx?id=2842963&use=l&cat=p&typeid=i","cat":288992},{"id":245082,"n":"Nouilles instantanées Maggi sauce sweet chili - 75g","p":1.95,"u":"26,00 €/KG","img":"https://fd13-photos.leclercdrive.fr/image.ashx?id=2842960&use=l&cat=p&typeid=i","cat":288992},{"id":245085,"n":"Sauce aigre douce Maggi  pour poulet - 355g","p":3.65,"u":"10,28 €/KG","img":"https://fd13-photos.leclercdrive.fr/image.ashx?id=2947231&use=l&cat=p&typeid=i","cat":288992},{"id":245086,"n":"Sauce Tikka Masala Maggi pour poulet - 340g","p":3.65,"u":"10,74 €/KG","img":"https://fd13-photos.leclercdrive.fr/image.ashx?id=2971772&use=l&cat=p&typeid=i","cat":289012},{"id":245255,"n":"Skyr Yoplait 0%MG Framboise fruits rouges 4x100g","p":2.36,"u":"5,90 €/KG","img":"https://fd13-photos.leclercdrive.fr/image.ashx?id=2884501&use=l&cat=p&typeid=i","cat":315000},{"id":245266,"n":"Culottes fuites urinaires  Always Discreet Taille L x10","p":13.08,"u":"1,31 €/P","img":"https://fd13-photos.leclercdrive.fr/image.ashx?id=2878453&use=l&cat=p&typeid=i","cat":284628},{"id":245267,"n":"Culottes fuites urinaires Noir Always Discreet Taille L x9","p":10.27,"u":"1,14 €/P","img":"https://fd13-photos.leclercdrive.fr/image.ashx?id=2839436&use=l&cat=p&typeid=i","cat":284628},{"id":245268,"n":"Coloration permanente Palette 500 blond foncé","p":4.1,"img":"https://fd13-photos.leclercdrive.fr/image.ashx?id=2921552&use=l&cat=p&typeid=i","cat":288899},{"id":245269,"n":"Coloration permanente Palette 600 châtain clair","p":4.21,"img":"https://fd13-photos.leclercdrive.fr/image.ashx?id=2840157&use=l&cat=p&typeid=i","cat":288899},{"id":245270,"n":"Déodorant spray Ushuaïa Monoï fleur de tiaré - 200ml","p":2.74,"u":"13,70 €/L","img":"https://fd13-photos.leclercdrive.fr/image.ashx?id=2839746&use=l&cat=p&typeid=i","cat":284595},{"id":245354,"n":"Dentifrice Colgate Total 24h Active soin 2x75ml","p":4.66,"u":"31,07 €/L","img":"https://fd13-photos.leclercdrive.fr/image.ashx?id=2838532&use=l&cat=p&typeid=i","cat":284612},{"id":245392,"n":"Tondeuse Philips Oneblade  Original + lames","p":21.99,"u":"Dont 0,10 € d'éco-part.","img":"https://fd13-photos.leclercdrive.fr/image.ashx?id=2839520&use=l&cat=p&typeid=i","cat":284616},{"id":245402,"n":"Gyoza au poulet Tables du Monde x8 - 200g","p":3.2,"u":"16,00 €/KG","img":"https://fd13-photos.leclercdrive.fr/image.ashx?id=2838550&use=l&cat=p&typeid=i","cat":333673},{"id":245403,"n":"Gyoza aux légumes Tables du Monde x8 - 200g","p":3.2,"u":"16,00 €/KG","img":"https://fd13-photos.leclercdrive.fr/image.ashx?id=2838553&use=l&cat=p&typeid=i","cat":333673},{"id":245560,"n":"Couscous aux epices douces  Comptoir du grain 2x250g","p":1.72,"u":"3,44 €/KG","img":"https://fd13-photos.leclercdrive.fr/image.ashx?id=3012875&use=l&cat=p&typeid=i","cat":284429},{"id":245576,"n":"Sauce Pesto vert Panzani au basilic - 2x90g","p":2.49,"u":"13,83 €/KG","img":"https://fd13-photos.leclercdrive.fr/image.ashx?id=2873841&use=l&cat=p&typeid=i","cat":299047},{"id":245579,"n":"Sauce Pesto vert crémeux  Panzani - 190g","p":2.13,"u":"11,21 €/KG","img":"https://fd13-photos.leclercdrive.fr/image.ashx?id=2873838&use=l&cat=p&typeid=i","cat":299047},{"id":245582,"n":"Sauce Pesto Panzani poivrons ricotta - 190g","p":2.01,"u":"10,58 €/KG","img":"https://fd13-photos.leclercdrive.fr/image.ashx?id=2873835&use=l&cat=p&typeid=i","cat":299047},{"id":245611,"n":"Croquettes chiens adulte Ultima Medium/maxi - poulet 7.5+1.5kg","p":22.9,"u":"2,54 €/KG","img":"https://fd13-photos.leclercdrive.fr/image.ashx?id=2840608&use=l&cat=p&typeid=i","cat":284672},{"id":245929,"n":"Tablette chocolat KitKat Caramel salé - 99g","p":2.45,"u":"24,75 €/KG","img":"https://fd13-photos.leclercdrive.fr/image.ashx?id=2990868&use=l&cat=p&typeid=i","cat":284497},{"id":245930,"n":"Tablette KitKat  Double chocolat - 99g","p":2.49,"u":"25,15 €/KG","img":"https://fd13-photos.leclercdrive.fr/image.ashx?id=2990865&use=l&cat=p&typeid=i","cat":284497},{"id":245931,"n":"Tablette chocolat KitKat  Noisette - 99g","p":2.49,"u":"25,15 €/KG","img":"https://fd13-photos.leclercdrive.fr/image.ashx?id=2871046&use=l&cat=p&typeid=i","cat":284497},{"id":245980,"n":"Café en capcules L'Or Espresso Delizioso x35+15 260g","p":11.09,"u":"42,65 €/KG","img":"https://fd13-photos.leclercdrive.fr/image.ashx?id=2842153&use=l&cat=p&typeid=i","cat":284749},{"id":245983,"n":"Café en capsules L'Or Espresso  Forza x35+15 260g","p":11.09,"u":"42,65 €/KG","img":"https://fd13-photos.leclercdrive.fr/image.ashx?id=2842156&use=l&cat=p&typeid=i","cat":284749},{"id":246173,"n":"Chips Bret's Bleu d'Auvergne - 125g","p":1.65,"u":"13,20 €/KG","img":"https://fd13-photos.leclercdrive.fr/image.ashx?id=2843412&use=l&cat=p&typeid=i","cat":284447},{"id":246174,"n":"Chips Bret's Sauce Curry - 125g","p":1.68,"u":"13,44 €/KG","img":"https://fd13-photos.leclercdrive.fr/image.ashx?id=2843418&use=l&cat=p&typeid=i","cat":284447},{"id":246175,"n":"Chips Bret's Cheddar Jalapeno - 125g","p":1.56,"u":"12,48 €/KG","img":"https://fd13-photos.leclercdrive.fr/image.ashx?id=2843415&use=l&cat=p&typeid=i","cat":284447},{"id":246201,"n":"Pâtes penné rigaté Eco+ 1kg","p":1.1,"u":"1,10 €/KG","img":"https://fd13-photos.leclercdrive.fr/image.ashx?id=2856736&use=l&cat=p&typeid=i","cat":284427},{"id":246210,"n":"Rillettes Bordeau Chesnel Pur Porc -25% de sel - 220g","p":2.9,"u":"13,18 €/KG","img":"https://fd13-photos.leclercdrive.fr/image.ashx?id=2843908&use=l&cat=p&typeid=i","cat":316008},{"id":246225,"n":"Tablette de chocolat Equador Amandes caramel - 100g","p":1.69,"u":"16,90 €/KG","img":"https://fd13-photos.leclercdrive.fr/image.ashx?id=2843120&use=l&cat=p&typeid=i","cat":284497},{"id":246260,"n":"Masque Elseve Total Repair 5 - 310ml","p":4.93,"u":"15,90 €/L","img":"https://fd13-photos.leclercdrive.fr/image.ashx?id=2844178&use=l&cat=p&typeid=i","cat":284608},{"id":246261,"n":"Shampooing Elseve Hyaluronique - 400ml","p":6.09,"u":"15,23 €/L","img":"https://fd13-photos.leclercdrive.fr/image.ashx?id=2844181&use=l&cat=p&typeid=i","cat":284606},{"id":246262,"n":"Shampooing Elseve Dream long - 400ml","p":5.23,"u":"13,08 €/L","img":"https://fd13-photos.leclercdrive.fr/image.ashx?id=2844187&use=l&cat=p&typeid=i","cat":284606},{"id":246263,"n":"Sérum Elseve Anti-chute - 102ml","p":12.0,"u":"117,65 €/L","img":"https://fd13-photos.leclercdrive.fr/image.ashx?id=2844190&use=l&cat=p&typeid=i","cat":284608},{"id":246269,"n":"Après-shampooing Elseve Démêlant anti-chute - 150ml","p":6.39,"u":"42,60 €/L","img":"https://fd13-photos.leclercdrive.fr/image.ashx?id=2844193&use=l&cat=p&typeid=i","cat":284607},{"id":246270,"n":"Shampooing Elseve Anti-chute - 200ml","p":6.77,"u":"33,85 €/L","img":"https://fd13-photos.leclercdrive.fr/image.ashx?id=2844196&use=l&cat=p&typeid=i","cat":284606},{"id":246272,"n":"Shampooing Elseve Hyaluronique Pure - 250ml","p":4.18,"u":"16,72 €/L","img":"https://fd13-photos.leclercdrive.fr/image.ashx?id=2981593&use=l&cat=p&typeid=i","cat":284606},{"id":246318,"n":"Tablette de chocolat Equador Blond caramel amandes - 100g","p":1.69,"u":"16,90 €/KG","img":"https://fd13-photos.leclercdrive.fr/image.ashx?id=2843824&use=l&cat=p&typeid=i","cat":284497},{"id":246319,"n":"Tablette de chocolat Equador Noir gianduja - 100g","p":1.49,"u":"14,90 €/KG","img":"https://fd13-photos.leclercdrive.fr/image.ashx?id=2843821&use=l&cat=p&typeid=i","cat":284956},{"id":246327,"n":"Effilés en sauce Purina One Multivarietés - 680g","p":4.75,"u":"6,99 €/KG","img":"https://fd13-photos.leclercdrive.fr/image.ashx?id=2940606&use=l&cat=p&typeid=i","cat":285286},{"id":246328,"n":"Croquettes Purina One Chat stérilisé - 1,5 kg","p":7.77,"u":"5,18 €/KG","img":"https://fd13-photos.leclercdrive.fr/image.ashx?id=2844490&use=l&cat=p&typeid=i","cat":284680},{"id":246330,"n":"Saumon Selection Purina One Junior 1 à 12 mois - 1.5 kg","p":7.69,"u":"5,13 €/KG","img":"https://fd13-photos.leclercdrive.fr/image.ashx?id=2844487&use=l&cat=p&typeid=i","cat":284680},{"id":246350,"n":"Agrafeuse pocket Esquisse Gris - x1","p":1.39,"img":"https://fd13-photos.leclercdrive.fr/image.ashx?id=2843902&use=l&cat=p&typeid=i","cat":334133},{"id":246427,"n":"Soupe deshydratée Knorr Pistou","p":1.31,"u":"16,38 €/KG","img":"https://fd13-photos.leclercdrive.fr/image.ashx?id=2845071&use=l&cat=p&typeid=i","cat":284463},{"id":246466,"n":"Soupe Knorr Pot au feu -14x55g","p":1.46,"u":"1,90 €/KG","img":"https://fd13-photos.leclercdrive.fr/image.ashx?id=2845656&use=l&cat=p&typeid=i","cat":293527},{"id":246480,"n":"Dentifrice Colgate Total 24h Active Soin émail - 2x75ml","p":4.38,"u":"29,20 €/L","img":"https://fd13-photos.leclercdrive.fr/image.ashx?id=2845671&use=l&cat=p&typeid=i","cat":284612},{"id":246543,"n":"Gommage corps Bionaïa Solide Bio - 100g","p":1.85,"u":"18,50 €/KG","img":"https://fd13-photos.leclercdrive.fr/image.ashx?id=2845158&use=l&cat=p&typeid=i","cat":325375},{"id":246544,"n":"Pain de rasage Carré Homme Beurre de karité Bio - 55g","p":2.96,"u":"53,82 €/KG","img":"https://fd13-photos.leclercdrive.fr/image.ashx?id=2854258&use=l&cat=p&typeid=i","cat":284617},{"id":246545,"n":"Perles de cire corps Siliss Chaude - Monoï - 230g","p":4.99,"u":"21,70 €/KG","img":"https://fd13-photos.leclercdrive.fr/image.ashx?id=2845170&use=l&cat=p&typeid=i","cat":325351},{"id":246547,"n":"Crème nettoyante Neutrogena Points noirs 2% - 150ml","p":5.71,"u":"38,07 €/L","img":"https://fd13-photos.leclercdrive.fr/image.ashx?id=2846045&use=l&cat=p&typeid=i","cat":284603},{"id":246549,"n":"Gel nettoyant Neutrogena Pamplemousse 0.5% - 200ml","p":5.71,"u":"28,55 €/L","img":"https://fd13-photos.leclercdrive.fr/image.ashx?id=2846051&use=l&cat=p&typeid=i","cat":284603},{"id":246638,"n":"Riz parfumé Taureau Ailé 1kg","p":2.88,"u":"2,88 €/KG","img":"https://fd13-photos.leclercdrive.fr/image.ashx?id=2846739&use=l&cat=p&typeid=i","cat":284428},{"id":246943,"n":"Farce 100% végétal Accro 200g","p":3.75,"u":"18,75 €/KG","img":"https://fd13-photos.leclercdrive.fr/image.ashx?id=2856392&use=l&cat=p&typeid=i","cat":316036},{"id":247058,"n":"Les Mini Galettes Saint Michel Emmental - 100g","p":1.97,"u":"19,70 €/KG","img":"https://fd13-photos.leclercdrive.fr/image.ashx?id=2936278&use=l&cat=p&typeid=i","cat":297000},{"id":247059,"n":"Les minis galettes Saint Michel Comté - 100g","p":1.89,"u":"18,90 €/KG","img":"https://fd13-photos.leclercdrive.fr/image.ashx?id=2936281&use=l&cat=p&typeid=i","cat":297000},{"id":247060,"n":"Les Minis Galettes Saint Michel Tomates herbes de provence 100g","p":1.85,"u":"18,50 €/KG","img":"https://fd13-photos.leclercdrive.fr/image.ashx?id=2936284&use=l&cat=p&typeid=i","cat":297000},{"id":247061,"n":"Les minis pesto Saint Michel madeleines moelleuses  100g","p":1.95,"u":"19,50 €/KG","img":"https://fd13-photos.leclercdrive.fr/image.ashx?id=2936302&use=l&cat=p&typeid=i","cat":297000},{"id":247083,"n":"Mélange Rustica Tournesol & olive - 1L","p":3.39,"u":"3,39 €/L","img":"https://fd13-photos.leclercdrive.fr/image.ashx?id=2900358&use=l&cat=p&typeid=i","cat":284453},{"id":247085,"n":"Mini cornichons Rustica Aigre doux - 220g","p":2.19,"u":"9,95 €/KG","img":"https://fd13-photos.leclercdrive.fr/image.ashx?id=2916737&use=l&cat=p&typeid=i","cat":284458},{"id":247087,"n":"Duo blé riz sarrasin Jardin Bio 220g","p":1.9,"u":"8,64 €/KG","img":"https://fd13-photos.leclercdrive.fr/image.ashx?id=2849953&use=l&cat=p&typeid=i","cat":284953},{"id":247088,"n":"Velouté de tomates Jardin Bio Lentilles corail bio - 2X33cl","p":2.42,"u":"3,67 €/L","img":"https://fd13-photos.leclercdrive.fr/image.ashx?id=2849950&use=l&cat=p&typeid=i","cat":284462},{"id":247089,"n":"Mouliné de lentilles Jardin Bio bio 1L","p":2.99,"u":"2,99 €/L","img":"https://fd13-photos.leclercdrive.fr/image.ashx?id=2849947&use=l&cat=p&typeid=i","cat":284462},{"id":247091,"n":"Trio gourmand Jardin Bio Riz lentilles bio - 220g","p":1.94,"u":"8,82 €/KG","img":"https://fd13-photos.leclercdrive.fr/image.ashx?id=2849944&use=l&cat=p&typeid=i","cat":284953},{"id":247092,"n":"Blé à la tomate Jardin Bio Basilic - 220g","p":1.94,"u":"8,82 €/KG","img":"https://fd13-photos.leclercdrive.fr/image.ashx?id=2849941&use=l&cat=p&typeid=i","cat":284953},{"id":247139,"n":"Croutons Tipiak Ail - 150g","p":1.71,"u":"11,40 €/KG","img":"https://fd13-photos.leclercdrive.fr/image.ashx?id=2864089&use=l&cat=p&typeid=i","cat":284464},{"id":247140,"n":"Crouton Tipiak Nature - 150g","p":1.89,"u":"12,60 €/KG","img":"https://fd13-photos.leclercdrive.fr/image.ashx?id=2866376&use=l&cat=p&typeid=i","cat":284464},{"id":247141,"n":"Petit pois carottes D'Aucy Tendres et fondants - 265g","p":1.42,"u":"5,36 €/KG","img":"https://fd13-photos.leclercdrive.fr/image.ashx?id=2849680&use=l&cat=p&typeid=i","cat":312607},{"id":247142,"n":"Patée en sauce Purina One Thon et poulet - 340g","p":2.18,"u":"6,41 €/KG","img":"https://fd13-photos.leclercdrive.fr/image.ashx?id=2850207&use=l&cat=p&typeid=i","cat":285286},{"id":247143,"n":"Mini madeleines Saint Michel Provencale - 100g","p":1.94,"u":"19,40 €/KG","img":"https://fd13-photos.leclercdrive.fr/image.ashx?id=2936305&use=l&cat=p&typeid=i","cat":297000},{"id":247144,"n":"Friandises Dentalife Saumon - 140g","p":4.13,"u":"29,50 €/KG","img":"https://fd13-photos.leclercdrive.fr/image.ashx?id=2850279&use=l&cat=p&typeid=i","cat":285285},{"id":247145,"n":"Mousselines cuites Purina  Nature's Créations - 680g","p":6.41,"u":"9,43 €/KG","img":"https://fd13-photos.leclercdrive.fr/image.ashx?id=2861815&use=l&cat=p&typeid=i","cat":285286},{"id":247152,"n":"Funtastix Fido Bacon fromage - 450g","p":4.99,"u":"11,09 €/KG","img":"https://fd13-photos.leclercdrive.fr/image.ashx?id=2940597&use=l&cat=p&typeid=i","cat":294527},{"id":247154,"n":"Gelée Friskies Viandes et légumes - 12x85g","p":4.22,"u":"4,14 €/KG","img":"https://fd13-photos.leclercdrive.fr/image.ashx?id=2957302&use=l&cat=p&typeid=i","cat":284673},{"id":247155,"n":"Soupe pour chat Felix Sélection de la campagne  4x48g","p":1.61,"u":"5,59 €/KG","img":"https://fd13-photos.leclercdrive.fr/image.ashx?id=2899701&use=l&cat=p&typeid=i","cat":285286},{"id":247157,"n":"Crêpes fourrée Saint Michel x7 - 202g","p":1.99,"u":"9,85 €/KG","img":"https://fd13-photos.leclercdrive.fr/image.ashx?id=2999964&use=l&cat=p&typeid=i","cat":284494},{"id":247261,"n":"Shampooing Elsève Colorvive - 300ml","p":4.18,"u":"13,93 €/L","img":"https://fd13-photos.leclercdrive.fr/image.ashx?id=2850614&use=l&cat=p&typeid=i","cat":284606},{"id":247262,"n":"Shampooing Elsève Hyaluronique - 250ml","p":4.18,"u":"16,72 €/L","img":"https://fd13-photos.leclercdrive.fr/image.ashx?id=2869095&use=l&cat=p&typeid=i","cat":284606},{"id":247263,"n":"Shampooing Elsève Total repair 5 - 300ml","p":4.18,"u":"13,93 €/L","img":"https://fd13-photos.leclercdrive.fr/image.ashx?id=2850617&use=l&cat=p&typeid=i","cat":284606},{"id":247264,"n":"Shampooing Elseve Huile extraordinaire - 250ml","p":4.18,"u":"16,72 €/L","img":"https://fd13-photos.leclercdrive.fr/image.ashx?id=2868690&use=l&cat=p&typeid=i","cat":284606},{"id":247269,"n":"Shampooing Elseve Nutri gloss - 300ml","p":4.18,"u":"13,93 €/L","img":"https://fd13-photos.leclercdrive.fr/image.ashx?id=2869089&use=l&cat=p&typeid=i","cat":284606},{"id":247270,"n":"Shampooing Elseve Multi-vitaminé - 300ml","p":4.18,"u":"13,93 €/L","img":"https://fd13-photos.leclercdrive.fr/image.ashx?id=2850629&use=l&cat=p&typeid=i","cat":284606},{"id":247273,"n":"Démélant Elseve Hyaluronique Booster hydratation 72h - 200ml","p":4.18,"u":"20,90 €/L","img":"https://fd13-photos.leclercdrive.fr/image.ashx?id=2869092&use=l&cat=p&typeid=i","cat":284607},{"id":247275,"n":"Après-shampooing Elseve Nutri gloss - 250ml","p":4.18,"u":"16,72 €/L","img":"https://fd13-photos.leclercdrive.fr/image.ashx?id=2850641&use=l&cat=p&typeid=i","cat":284607},{"id":247391,"n":"Bain de Bouche Listerine Blancheur Menthe fraîche 500ml","p":6.05,"u":"12,10 €/L","img":"https://fd13-photos.leclercdrive.fr/image.ashx?id=2850608&use=l&cat=p&typeid=i","cat":284613},{"id":247834,"n":"Nettoyant plastique mat Tech9 400ml","p":3.99,"u":"9,98 €/L","img":"https://fd13-photos.leclercdrive.fr/image.ashx?id=2907288&use=l&cat=p&typeid=i","cat":298252},{"id":247863,"n":"Shampooing Elsève Color vive  2 en 1 - 250ml","p":4.17,"u":"16,68 €/L","img":"https://fd13-photos.leclercdrive.fr/image.ashx?id=2853961&use=l&cat=p&typeid=i","cat":284606},{"id":247865,"n":"Shampooing Elsève Color vive  500ml","p":5.53,"u":"11,06 €/L","img":"https://fd13-photos.leclercdrive.fr/image.ashx?id=2853964&use=l&cat=p&typeid=i","cat":284606},{"id":247867,"n":"Shampooing Elsève Huile  extraordinaire Coco - 250ml","p":3.98,"u":"15,92 €/L","img":"https://fd13-photos.leclercdrive.fr/image.ashx?id=2853970&use=l&cat=p&typeid=i","cat":284606},{"id":247869,"n":"Shampooing Elsève Huile  extraordinaire amla -250ml","p":4.35,"u":"17,40 €/L","img":"https://fd13-photos.leclercdrive.fr/image.ashx?id=2853973&use=l&cat=p&typeid=i","cat":284606},{"id":247871,"n":"Shampooing Elsève  Liss intense -300ml","p":3.92,"u":"13,07 €/L","img":"https://fd13-photos.leclercdrive.fr/image.ashx?id=2853976&use=l&cat=p&typeid=i","cat":284606},{"id":247873,"n":"Shampooing Elsève Fibralogy Volume - 300ml","p":4.2,"u":"14,00 €/L","img":"https://fd13-photos.leclercdrive.fr/image.ashx?id=2870686&use=l&cat=p&typeid=i","cat":284606},{"id":247874,"n":"Savon liquide Le Naturel  Extra pur de Marseille -500ml","p":2.73,"u":"5,46 €/L","img":"https://fd13-photos.leclercdrive.fr/image.ashx?id=2869119&use=l&cat=p&typeid=i","cat":284597},{"id":247877,"n":"Savon liquide Le Naturel Fleur d'oranger - 500ml","p":3.11,"u":"6,22 €/L","img":"https://fd13-photos.leclercdrive.fr/image.ashx?id=2868693&use=l&cat=p&typeid=i","cat":284597},{"id":247878,"n":"Savon liquide Le Natural  Recharge Savon de Marseille -1l","p":4.73,"u":"4,73 €/L","img":"https://fd13-photos.leclercdrive.fr/image.ashx?id=2869122&use=l&cat=p&typeid=i","cat":284597},{"id":247879,"n":"Adoucissant Soupline Concentré Grand air - 1.9L","p":8.86,"u":"4,66 €/L","img":"https://fd13-photos.leclercdrive.fr/image.ashx?id=2966800&use=l&cat=p&typeid=i","cat":284650},{"id":247881,"n":"Adoucissant concentré Soupline  Douceur des Alpes -0,9L","p":3.65,"u":"4,06 €/L","img":"https://fd13-photos.leclercdrive.fr/image.ashx?id=2854825&use=l&cat=p&typeid=i","cat":284650},{"id":247882,"n":"Shampooing Elsève  Antipelliculaire - 300ml","p":4.03,"u":"13,43 €/L","img":"https://fd13-photos.leclercdrive.fr/image.ashx?id=2853982&use=l&cat=p&typeid=i","cat":284606},{"id":248158,"n":"Bière blonde Leffe 6,6% - 4x50cl canette","p":6.57,"u":"3,29 €/L","img":"https://fd13-photos.leclercdrive.fr/image.ashx?id=2855397&use=l&cat=p&typeid=i","cat":334853},{"id":248253,"n":"Flageolets cuisinés Mes  Délisecs - 300g","p":2.5,"u":"8,33 €/KG","img":"https://fd13-photos.leclercdrive.fr/image.ashx?id=2855834&use=l&cat=p&typeid=i","cat":312606},{"id":248260,"n":"Coco pesto rosso Mes Délisecs Vivien Paille 300g","p":2.55,"u":"8,50 €/KG","img":"https://fd13-photos.leclercdrive.fr/image.ashx?id=2855840&use=l&cat=p&typeid=i","cat":312606},{"id":248324,"n":"Eponges L'essentielle Spontex Grattantes - x2","p":1.29,"u":"0,65 €/P","img":"https://fd13-photos.leclercdrive.fr/image.ashx?id=2855936&use=l&cat=p&typeid=i","cat":325894},{"id":248330,"n":"Recharge Crème de douche Lait d'amande - 500ml","p":2.77,"u":"5,54 €/L","img":"https://fd13-photos.leclercdrive.fr/image.ashx?id=2855963&use=l&cat=p&typeid=i","cat":284594},{"id":248340,"n":"Recharge Crème de douche Le Petit Marseillais Vanille 500ml","p":3.36,"u":"6,72 €/L","img":"https://fd13-photos.leclercdrive.fr/image.ashx?id=2855966&use=l&cat=p&typeid=i","cat":284594},{"id":248341,"n":"Shampooing Garnier Merveilleux - Recharge 250ml","p":2.04,"u":"8,16 €/L","img":"https://fd13-photos.leclercdrive.fr/image.ashx?id=2904254&use=l&cat=p&typeid=i","cat":284606},{"id":248343,"n":"Masque capillaire Fructis Méthode boucles - 370ml","p":6.35,"u":"17,16 €/L","img":"https://fd13-photos.leclercdrive.fr/image.ashx?id=2867107&use=l&cat=p&typeid=i","cat":284608},{"id":248345,"n":"Bandes de cire visage Veet Peaux sensibles - x16","p":4.58,"img":"https://fd13-photos.leclercdrive.fr/image.ashx?id=2901668&use=l&cat=p&typeid=i","cat":325351},{"id":248346,"n":"Shampooing solide Bionaïa Cheveux gras - Bio - 85g","p":2.99,"u":"35,18 €/KG","img":"https://fd13-photos.leclercdrive.fr/image.ashx?id=2855813&use=l&cat=p&typeid=i","cat":284606},{"id":248347,"n":"Savon solide Bionaïa 3en1 - Amande douce Bio - 85g","p":3.99,"u":"46,94 €/KG","img":"https://fd13-photos.leclercdrive.fr/image.ashx?id=2856133&use=l&cat=p&typeid=i","cat":284597},{"id":248348,"n":"Déodorant solide stick Bionaïa Huile de coco Bio - 50g","p":3.99,"u":"79,80 €/KG","img":"https://fd13-photos.leclercdrive.fr/image.ashx?id=2855819&use=l&cat=p&typeid=i","cat":284595},{"id":248544,"n":"Ananas Extra Sweet 1p","p":2.45,"img":"https://fd13-photos.leclercdrive.fr/image.ashx?id=2856700&use=l&cat=p&typeid=i","cat":284356},{"id":248545,"n":"Chou-fleur blanc 1p","p":1.79,"img":"https://fd13-photos.leclercdrive.fr/image.ashx?id=1631991&use=l&cat=p&typeid=i","cat":284352},{"id":248823,"n":"Sauce algérienne Rustica 260g","p":1.67,"u":"6,42 €/KG","img":"https://fd13-photos.leclercdrive.fr/image.ashx?id=2954397&use=l&cat=p&typeid=i","cat":318431},{"id":248827,"n":"Pains au lait Epi d'or x15 - 525g","p":1.78,"u":"3,39 €/KG","img":"https://fd13-photos.leclercdrive.fr/image.ashx?id=2893337&use=l&cat=p&typeid=i","cat":296366},{"id":248918,"n":"Filtre café original Blanc 1x4 80 filtres","p":1.99,"img":"https://fd13-photos.leclercdrive.fr/image.ashx?id=2891691&use=l&cat=p&typeid=i","cat":284751},{"id":249019,"n":"Lessive liquide Xéor Savon de Marseille - 2.2L","p":3.89,"u":"1,77 €/L","img":"https://fd13-photos.leclercdrive.fr/image.ashx?id=2901500&use=l&cat=p&typeid=i","cat":284640},{"id":249020,"n":"Lessive liquide Xéor Fleurs de Cerisiers - 2.2L","p":3.99,"u":"1,81 €/L","img":"https://fd13-photos.leclercdrive.fr/image.ashx?id=2901491&use=l&cat=p&typeid=i","cat":284640},{"id":249021,"n":"Lessive liquide Xéor Savon de Marseille - 1.2L","p":2.12,"u":"1,77 €/L","img":"https://fd13-photos.leclercdrive.fr/image.ashx?id=2901503&use=l&cat=p&typeid=i","cat":284640},{"id":249040,"n":"Crème nourrissante et hydratant Biolane 100ml","p":2.29,"u":"22,90 €/L","img":"https://fd13-photos.leclercdrive.fr/image.ashx?id=2893699&use=l&cat=p&typeid=i","cat":284741},{"id":249173,"n":"Riz basmati Taureau Ailé 1kg","p":3.63,"u":"3,63 €/KG","img":"https://fd13-photos.leclercdrive.fr/image.ashx?id=2860457&use=l&cat=p&typeid=i","cat":284428},{"id":249200,"n":"Sauce béarnaise Rustica 235g","p":0.99,"u":"4,21 €/KG","img":"https://fd13-photos.leclercdrive.fr/image.ashx?id=2955083&use=l&cat=p&typeid=i","cat":318430},{"id":249597,"n":"Glace Carte d'Or  Fraise et meringue 463g","p":3.07,"pp":2.15,"u":"4,64 €/KG","img":"https://fd13-photos.leclercdrive.fr/image.ashx?id=2861222&use=l&cat=p&typeid=i","cat":284263},{"id":249956,"n":"Perles de linge Soupline  Grand air - 460g","p":13.08,"img":"https://fd13-photos.leclercdrive.fr/image.ashx?id=2861833&use=l&cat=p&typeid=i","cat":284650},{"id":249957,"n":"Risotto aux champignons Knorr 175g","p":2.29,"u":"13,09 €/KG","img":"https://fd13-photos.leclercdrive.fr/image.ashx?id=2938349&use=l&cat=p&typeid=i","cat":284428},{"id":249958,"n":"Risotto classique Knorr 12min - 175g","p":2.29,"u":"13,09 €/KG","img":"https://fd13-photos.leclercdrive.fr/image.ashx?id=3011956&use=l&cat=p&typeid=i","cat":284428},{"id":249959,"n":"Risotto Knorr Truffe blanche d'été - 175g","p":2.39,"u":"13,66 €/KG","img":"https://fd13-photos.leclercdrive.fr/image.ashx?id=2872625&use=l&cat=p&typeid=i","cat":284428},{"id":249961,"n":"Risotto aux asperges Knorr 12min - 175g","p":2.39,"u":"13,66 €/KG","img":"https://fd13-photos.leclercdrive.fr/image.ashx?id=2964255&use=l&cat=p&typeid=i","cat":284428},{"id":249977,"n":"Céréales indiennes Tipiak 2x130g","p":2.42,"u":"9,31 €/KG","img":"https://fd13-photos.leclercdrive.fr/image.ashx?id=2863626&use=l&cat=p&typeid=i","cat":284429},{"id":249980,"n":"Epeautre gourmand Tipiak 2x175g","p":2.83,"u":"8,09 €/KG","img":"https://fd13-photos.leclercdrive.fr/image.ashx?id=2948150&use=l&cat=p&typeid=i","cat":284429},{"id":249993,"n":"Adoucissant Soupline Concentré Grand air - 880ml","p":4.99,"u":"5,67 €/L","img":"https://fd13-photos.leclercdrive.fr/image.ashx?id=2863920&use=l&cat=p&typeid=i","cat":284650},{"id":249994,"n":"Adoucissant Soupline  Hypoallergenique - 880ml","p":5.35,"u":"6,08 €/L","img":"https://fd13-photos.leclercdrive.fr/image.ashx?id=2863923&use=l&cat=p&typeid=i","cat":284650},{"id":249997,"n":"Tapioca Tipiak 300g","p":1.65,"u":"5,50 €/KG","img":"https://fd13-photos.leclercdrive.fr/image.ashx?id=2863623&use=l&cat=p&typeid=i","cat":284429},{"id":250007,"n":"Boisson aux fruits Jafun Tropical - 6x33cl","p":2.72,"u":"1,37 €/L","img":"https://fd13-photos.leclercdrive.fr/image.ashx?id=2992603&use=l&cat=p&typeid=i","cat":295018},{"id":250026,"n":"Sauce samourai Rustica 260g","p":1.39,"u":"5,35 €/KG","img":"https://fd13-photos.leclercdrive.fr/image.ashx?id=2955074&use=l&cat=p&typeid=i","cat":318431},{"id":250127,"n":"Recharge lessive Briochin  Peaux sensibles 37 Lav - 1,7L","p":5.69,"u":"3,35 €/L","img":"https://fd13-photos.leclercdrive.fr/image.ashx?id=3000785&use=l&cat=p&typeid=i","cat":284640},{"id":250153,"n":"Sauce burger Rustica 260g","p":1.29,"u":"4,96 €/KG","img":"https://fd13-photos.leclercdrive.fr/image.ashx?id=2954400&use=l&cat=p&typeid=i","cat":318431},{"id":250158,"n":"Crème hydratante So Bio Etic Booster d'éclat Bio 50ml","p":10.3,"u":"206,00 €/L","img":"https://fd13-photos.leclercdrive.fr/image.ashx?id=2863581&use=l&cat=p&typeid=i","cat":325350},{"id":250172,"n":"Sérum hydratant So Bio Etic Fortifiant repulpant Bio - 30ml","p":14.34,"u":"478,00 €/L","img":"https://fd13-photos.leclercdrive.fr/image.ashx?id=2863584&use=l&cat=p&typeid=i","cat":325345},{"id":250182,"n":"Sauce tartare Rustica 235g","p":1.13,"u":"4,81 €/KG","img":"https://fd13-photos.leclercdrive.fr/image.ashx?id=2955080&use=l&cat=p&typeid=i","cat":318430},{"id":250187,"n":"Crème douceur nuit So Bio Etic Régénérante - Anesse Bio 50ml","p":12.18,"u":"243,60 €/L","img":"https://fd13-photos.leclercdrive.fr/image.ashx?id=2863587&use=l&cat=p&typeid=i","cat":325345},{"id":250228,"n":"Poitrine fumée Petitgas  fines tranches - 150g","p":2.79,"u":"18,60 €/KG","img":"https://fd13-photos.leclercdrive.fr/image.ashx?id=2864507&use=l&cat=p&typeid=i","cat":316007},{"id":250407,"n":"Huile végétale So Bio Etic Ricin Bio équitable - 100ml","p":9.65,"u":"96,50 €/L","img":"https://fd13-photos.leclercdrive.fr/image.ashx?id=2864107&use=l&cat=p&typeid=i","cat":284608},{"id":250409,"n":"Eau micellaire So Bio Etic Peaux sensibles Bio - 300ml","p":3.57,"u":"11,90 €/L","img":"https://fd13-photos.leclercdrive.fr/image.ashx?id=2864098&use=l&cat=p&typeid=i","cat":284603},{"id":250410,"n":"Eau micellaire So Bio Etic Tous types de peaux Bio 300ml","p":3.57,"u":"11,90 €/L","img":"https://fd13-photos.leclercdrive.fr/image.ashx?id=2864095&use=l&cat=p&typeid=i","cat":284603},{"id":250411,"n":"Gel douche So Bio Etic Fleurs de Cerisier Bio - 300ml","p":3.0,"u":"10,00 €/L","img":"https://fd13-photos.leclercdrive.fr/image.ashx?id=2864101&use=l&cat=p&typeid=i","cat":284594},{"id":250412,"n":"Gel douche So Bio Etic Fruits du verger Bio - 300ml","p":3.0,"u":"10,00 €/L","img":"https://fd13-photos.leclercdrive.fr/image.ashx?id=2912275&use=l&cat=p&typeid=i","cat":284594},{"id":250415,"n":"Lait corps hydratant Nivea Fermeté Q10 + vitamine C 250ml","p":4.21,"u":"16,84 €/L","img":"https://fd13-photos.leclercdrive.fr/image.ashx?id=3008978&use=l&cat=p&typeid=i","cat":325349},{"id":250416,"n":"Crème visage nuit Nivea Q10 Power anti-rides 50ml","p":12.99,"u":"259,80 €/L","img":"https://fd13-photos.leclercdrive.fr/image.ashx?id=3014593&use=l&cat=p&typeid=i","cat":325345},{"id":250419,"n":"Crème visage jour Nivea Q10 anti-rides SPF15 50ml","p":12.93,"u":"258,60 €/L","img":"https://fd13-photos.leclercdrive.fr/image.ashx?id=2985480&use=l&cat=p&typeid=i","cat":325345},{"id":250420,"n":"Crème visage Nivea Q10 Energy jour SPF15 50ml","p":12.99,"u":"259,80 €/L","img":"https://fd13-photos.leclercdrive.fr/image.ashx?id=3014862&use=l&cat=p&typeid=i","cat":325345},{"id":250421,"n":"Sérum visage Nivea Luminous anti-tâches 30ml","p":24.03,"u":"801,00 €/L","img":"https://fd13-photos.leclercdrive.fr/image.ashx?id=3000821&use=l&cat=p&typeid=i","cat":325345},{"id":250428,"n":"Sérum visage Q10 Double action - 30ml","p":14.89,"u":"496,33 €/L","img":"https://fd13-photos.leclercdrive.fr/image.ashx?id=3014620&use=l&cat=p&typeid=i","cat":325345},{"id":250429,"n":"Crème contour yeux Nivea Q10 Power anti-rides - 15ml","p":13.38,"u":"892,00 €/L","img":"https://fd13-photos.leclercdrive.fr/image.ashx?id=3000336&use=l&cat=p&typeid=i","cat":325345},{"id":250432,"n":"Adoucissant Soupline Concentré  Lavande relaxante  1,9 L","p":8.89,"u":"4,68 €/L","img":"https://fd13-photos.leclercdrive.fr/image.ashx?id=2864227&use=l&cat=p&typeid=i","cat":284650},{"id":250433,"n":"Adoucissant  Soupline concentré Coco Envoûtant - 835ml","p":4.99,"u":"5,98 €/L","img":"https://fd13-photos.leclercdrive.fr/image.ashx?id=2864224&use=l&cat=p&typeid=i","cat":284650},{"id":250435,"n":"Adoucissant concentré Soupline Ultra Vanille - 835ml","p":4.98,"u":"5,96 €/L","img":"https://fd13-photos.leclercdrive.fr/image.ashx?id=2864221&use=l&cat=p&typeid=i","cat":284650},{"id":250820,"n":"Gnocchini à poêler Lustucru 2x300g + 1 offert","p":3.19,"u":"3,54 €/KG","img":"https://fd13-photos.leclercdrive.fr/image.ashx?id=2939493&use=l&cat=p&typeid=i","cat":333682},{"id":251257,"n":"Limonade Plancoët Sans sucres - 1,5L","p":1.27,"u":"0,85 €/L","img":"https://fd13-photos.leclercdrive.fr/image.ashx?id=2867032&use=l&cat=p&typeid=i","cat":284531},{"id":251258,"n":"Limonade Plancoët 6x33cl","p":3.38,"u":"1,71 €/L","img":"https://fd13-photos.leclercdrive.fr/image.ashx?id=2867035&use=l&cat=p&typeid=i","cat":284531},{"id":251371,"n":"Pâtes Gros Vermicelles Alpina  Savoie - 500 g","p":1.51,"u":"3,02 €/KG","img":"https://fd13-photos.leclercdrive.fr/image.ashx?id=2867041&use=l&cat=p&typeid=i","cat":284427},{"id":251408,"n":"Bière Delirium red 8° - 75cl","p":5.45,"u":"7,27 €/L","img":"https://fd13-photos.leclercdrive.fr/image.ashx?id=2867737&use=l&cat=p&typeid=i","cat":334872},{"id":251522,"n":"Boisson énergisante Celsius Pêche - 35,5cl","p":1.4,"u":"3,94 €/L","img":"https://fd13-photos.leclercdrive.fr/image.ashx?id=2905021&use=l&cat=p&typeid=i","cat":284533},{"id":251566,"n":"Langue de boeuf Hénaff Sauce madère - 205g","p":3.44,"u":"16,78 €/KG","img":"https://fd13-photos.leclercdrive.fr/image.ashx?id=2868026&use=l&cat=p&typeid=i","cat":284441},{"id":251567,"n":"Langue de boeuf Hénaff Sauce madère - 275g","p":4.38,"u":"15,93 €/KG","img":"https://fd13-photos.leclercdrive.fr/image.ashx?id=2867942&use=l&cat=p&typeid=i","cat":284441},{"id":251569,"n":"Paté épicé Hénaff 76g","p":1.4,"u":"18,42 €/KG","img":"https://fd13-photos.leclercdrive.fr/image.ashx?id=2868035&use=l&cat=p&typeid=i","cat":305149},{"id":251571,"n":"Pâté Hénaff  -25% de sel - 76g","p":1.27,"u":"16,71 €/KG","img":"https://fd13-photos.leclercdrive.fr/image.ashx?id=2868041&use=l&cat=p&typeid=i","cat":305149},{"id":251573,"n":"Terrine de campagne Hénaff Piment d'Espelette - 180g","p":2.12,"u":"11,78 €/KG","img":"https://fd13-photos.leclercdrive.fr/image.ashx?id=2871958&use=l&cat=p&typeid=i","cat":305149},{"id":251575,"n":"Le pâté verrine Hénaff  180g","p":2.45,"u":"13,61 €/KG","img":"https://fd13-photos.leclercdrive.fr/image.ashx?id=2868032&use=l&cat=p&typeid=i","cat":305149},{"id":251729,"n":"Sarment Mademoiselle De Margaux 150g","p":6.2,"u":"41,33 €/KG","img":"https://fd13-photos.leclercdrive.fr/image.ashx?id=2875162&use=l&cat=p&typeid=i","cat":327601},{"id":251988,"n":"Spray démêlant Corine de Farme Vaïana - 200ml","p":4.0,"u":"20,00 €/L","img":"https://fd13-photos.leclercdrive.fr/image.ashx?id=2868449&use=l&cat=p&typeid=i","cat":284608},{"id":251990,"n":"Patch invisible visage Garnier Anti-acné - x22","p":9.9,"img":"https://fd13-photos.leclercdrive.fr/image.ashx?id=3000794&use=l&cat=p&typeid=i","cat":325345},{"id":251996,"n":"Perles de linge Soupline Adoucissant - Vanille - 230g","p":7.75,"u":"33,70 €/KG","img":"https://fd13-photos.leclercdrive.fr/image.ashx?id=2868608&use=l&cat=p&typeid=i","cat":284650},{"id":252003,"n":"Shampooing purifiant Nature Moi Cheveux gras - 250ml","p":2.7,"u":"10,80 €/L","img":"https://fd13-photos.leclercdrive.fr/image.ashx?id=2868392&use=l&cat=p&typeid=i","cat":284606},{"id":252005,"n":"Spray nasal Biolane Eaux thermale et mer - 100ml","p":4.66,"u":"46,60 €/L","img":"https://fd13-photos.leclercdrive.fr/image.ashx?id=2903224&use=l&cat=p&typeid=i","cat":289435},{"id":252006,"n":"Nettoyant visage Revitalift Hydratant et lissant - 150ml","p":7.99,"u":"53,27 €/L","img":"https://fd13-photos.leclercdrive.fr/image.ashx?id=2874006&use=l&cat=p&typeid=i","cat":284603},{"id":252008,"n":"Sérum visage Revitalift Laser Correcteur anti-âge -30ml","p":16.5,"u":"550,00 €/L","img":"https://fd13-photos.leclercdrive.fr/image.ashx?id=2874024&use=l&cat=p&typeid=i","cat":325345},{"id":252100,"n":"Fil dentaire expansible Ricqles Fluore et menthole - 40m","p":3.78,"img":"https://fd13-photos.leclercdrive.fr/image.ashx?id=2868912&use=l&cat=p&typeid=i","cat":285159},{"id":252102,"n":"Brossettes interdentaires  Ricqles Réutilisables 0.6mm x5","p":4.85,"img":"https://fd13-photos.leclercdrive.fr/image.ashx?id=2868915&use=l&cat=p&typeid=i","cat":285159},{"id":252103,"n":"Après-shampooing Naturé Moi Extra-doux - 200ml","p":3.81,"u":"19,05 €/L","img":"https://fd13-photos.leclercdrive.fr/image.ashx?id=2868969&use=l&cat=p&typeid=i","cat":284607},{"id":252105,"n":"Crème douche Naturé Moi Hydratante - Amande - 500ml","p":4.5,"u":"9,00 €/L","img":"https://fd13-photos.leclercdrive.fr/image.ashx?id=2868972&use=l&cat=p&typeid=i","cat":284594},{"id":252106,"n":"Gel corps et cheveux Biolane 350ml","p":5.05,"u":"14,43 €/L","img":"https://fd13-photos.leclercdrive.fr/image.ashx?id=2868975&use=l&cat=p&typeid=i","cat":284740},{"id":252109,"n":"Duo sérum anti-âge L'Oréal Age perfect - 30ml","p":24.5,"pp":16.17,"u":"539,00 €/L","img":"https://fd13-photos.leclercdrive.fr/image.ashx?id=2874003&use=l&cat=p&typeid=i","cat":325345},{"id":252112,"n":"Soin anti-tâches L'Oréal Paris Bright Reveal SPF50+ - 50ml","p":18.97,"u":"379,40 €/L","img":"https://fd13-photos.leclercdrive.fr/image.ashx?id=2903428&use=l&cat=p&typeid=i","cat":325345},{"id":252113,"n":"Fluide anti-uv L'Oréal Medium SPF50 50ml","p":18.97,"u":"379,40 €/L","img":"https://fd13-photos.leclercdrive.fr/image.ashx?id=2874009&use=l&cat=p&typeid=i","cat":325345},{"id":252119,"n":"Gel moussant purifiant L'Oréal Men Expert - 260ml","p":12.63,"u":"48,58 €/L","img":"https://fd13-photos.leclercdrive.fr/image.ashx?id=2874012&use=l&cat=p&typeid=i","cat":284622},{"id":252120,"n":"Crème hydratante L'Oréal Bright Reveal - SPF50 - 50ml","p":16.19,"u":"323,80 €/L","img":"https://fd13-photos.leclercdrive.fr/image.ashx?id=2874015&use=l&cat=p&typeid=i","cat":284622},{"id":252144,"n":"Emmental tranchettes Eco+ 30%MG 300g","p":2.59,"u":"8,63 €/KG","img":"https://fd13-photos.leclercdrive.fr/image.ashx?id=2874823&use=l&cat=p&typeid=i","cat":314028},{"id":252273,"n":"Bonbons Fini Chococrunchy Chocolat au lait - 115g","p":1.81,"u":"15,74 €/KG","img":"https://fd13-photos.leclercdrive.fr/image.ashx?id=2869257&use=l&cat=p&typeid=i","cat":304250},{"id":252292,"n":"Mochis glacés Le Mochi Glacé praliné cœur choconuts - 210g","p":5.75,"u":"27,38 €/KG","img":"https://fd13-photos.leclercdrive.fr/image.ashx?id=2869624&use=l&cat=p&typeid=i","cat":284266},{"id":252295,"n":"Mochis glacés Le Mochi Glacé  framboise cœur citron - 210g","p":5.75,"u":"27,38 €/KG","img":"https://fd13-photos.leclercdrive.fr/image.ashx?id=2869630&use=l&cat=p&typeid=i","cat":284266},{"id":252296,"n":"Mochis glacés Le Mochi Glacé  coco cœur ananas - 210g","p":5.75,"u":"27,38 €/KG","img":"https://fd13-photos.leclercdrive.fr/image.ashx?id=2869627&use=l&cat=p&typeid=i","cat":284266},{"id":252582,"n":"Après-shampooing Elsève Full resist - 200ml","p":4.58,"u":"22,90 €/L","img":"https://fd13-photos.leclercdrive.fr/image.ashx?id=2872931&use=l&cat=p&typeid=i","cat":284607},{"id":252786,"n":"Skyr protéiné Yoplait 0%MG Pêche Mangue - 4x100g","p":2.18,"u":"5,45 €/KG","img":"https://fd13-photos.leclercdrive.fr/image.ashx?id=2884498&use=l&cat=p&typeid=i","cat":315000},{"id":252807,"n":"Laque Elnett Cheveux colorés - 300ml","p":7.35,"u":"24,50 €/L","img":"https://fd13-photos.leclercdrive.fr/image.ashx?id=2872928&use=l&cat=p&typeid=i","cat":284609},{"id":252808,"n":"Gel douche enfants L'Abre Vert Corps & cheveux Framboise 720ml","p":4.74,"u":"6,58 €/L","img":"https://fd13-photos.leclercdrive.fr/image.ashx?id=2950300&use=l&cat=p&typeid=i","cat":284594},{"id":252811,"n":"Lait corps Nivea Nourrissant Peaux sèches 250ml","p":3.64,"u":"18,20 €/L","img":"https://fd13-photos.leclercdrive.fr/image.ashx?id=3005233&use=l&cat=p&typeid=i","cat":325349},{"id":252813,"n":"Lait corps Nivea Douceur - 400ml","p":4.94,"u":"12,35 €/L","img":"https://fd13-photos.leclercdrive.fr/image.ashx?id=3014623&use=l&cat=p&typeid=i","cat":325349},{"id":252814,"n":"Crème visage corps mains Nivea Repair & care - 400ml","p":5.19,"pp":3.43,"u":"8,58 €/L","img":"https://fd13-photos.leclercdrive.fr/image.ashx?id=2872078&use=l&cat=p&typeid=i","cat":325350},{"id":253339,"n":"Croque Monsieur Herta Chèvre jambon - 310g","p":2.59,"u":"8,35 €/KG","img":"https://fd13-photos.leclercdrive.fr/image.ashx?id=2877745&use=l&cat=p&typeid=i","cat":333671},{"id":253342,"n":"Croque-Monsieur Herta  Maxi Montagnard x2 - 310g","p":2.59,"u":"8,35 €/KG","img":"https://fd13-photos.leclercdrive.fr/image.ashx?id=2877748&use=l&cat=p&typeid=i","cat":333671},{"id":253344,"n":"Gnocchi à poeler Lustucru 1 sachet offert - 900g","p":3.19,"u":"3,54 €/KG","img":"https://fd13-photos.leclercdrive.fr/image.ashx?id=2873919&use=l&cat=p&typeid=i","cat":333682},{"id":253514,"n":"Brosse à dents enfant Dentamyl Clignotante - Jaune x1","p":1.99,"img":"https://fd13-photos.leclercdrive.fr/image.ashx?id=2878669&use=l&cat=p&typeid=i","cat":288897},{"id":253516,"n":"Brosse à dents enfant Dentamyl Clignotante - Vert  x1","p":1.99,"img":"https://fd13-photos.leclercdrive.fr/image.ashx?id=2878672&use=l&cat=p&typeid=i","cat":288897},{"id":253517,"n":"Brosse à dents enfant Dentamyl Clignotante - Bleu x1","p":1.99,"img":"https://fd13-photos.leclercdrive.fr/image.ashx?id=2878675&use=l&cat=p&typeid=i","cat":288897},{"id":253523,"n":"Brosse à dents Petit Dentamyl 2-6 ans - Rose Vert Bleu x3","p":1.47,"u":"0,49 €/P","img":"https://fd13-photos.leclercdrive.fr/image.ashx?id=2872790&use=l&cat=p&typeid=i","cat":288897},{"id":253527,"n":"Brosse à dents Petit Dentamyl 2-6 ans - Jaune Vert Bleu x3","p":1.47,"u":"0,49 €/P","img":"https://fd13-photos.leclercdrive.fr/image.ashx?id=2872793&use=l&cat=p&typeid=i","cat":288897},{"id":253528,"n":"Brosse à dents junior Dentamyl Vert / Jaune - 1 pièce","p":0.49,"img":"https://fd13-photos.leclercdrive.fr/image.ashx?id=2872796&use=l&cat=p&typeid=i","cat":288897},{"id":253529,"n":"Brosse à dents junior Dentamyl Rose - 1 pièce","p":0.49,"img":"https://fd13-photos.leclercdrive.fr/image.ashx?id=2872799&use=l&cat=p&typeid=i","cat":288897},{"id":253530,"n":"Brosse à dents junior Dentamyl Jaune / Bleu - 1 pièce","p":0.49,"img":"https://fd13-photos.leclercdrive.fr/image.ashx?id=2872802&use=l&cat=p&typeid=i","cat":288897},{"id":253531,"n":"Brosse à dents junior Dentamyl Orange / Rouge - 1 pièce","p":0.49,"img":"https://fd13-photos.leclercdrive.fr/image.ashx?id=2872805&use=l&cat=p&typeid=i","cat":288897},{"id":253533,"n":"Brosse à dent Dentamyl Rouge Tête rechargeable dure x1","p":1.17,"img":"https://fd13-photos.leclercdrive.fr/image.ashx?id=2872808&use=l&cat=p&typeid=i","cat":284614},{"id":253534,"n":"Brosse à dent Dentamyl Vert Tête rechargeable dure x1","p":1.17,"img":"https://fd13-photos.leclercdrive.fr/image.ashx?id=2872811&use=l&cat=p&typeid=i","cat":284614},{"id":253535,"n":"Brosse à dent Dentamyl Bleu Tête rechargeable dure x1","p":1.17,"img":"https://fd13-photos.leclercdrive.fr/image.ashx?id=2872814&use=l&cat=p&typeid=i","cat":284614},{"id":253536,"n":"Brosse à dent Dentamyl Orange Tête rechargeable dure","p":1.17,"img":"https://fd13-photos.leclercdrive.fr/image.ashx?id=2872817&use=l&cat=p&typeid=i","cat":284614},{"id":253539,"n":"Brosse à dent Dentamyl Bleu Tête rechargeable médium","p":1.17,"img":"https://fd13-photos.leclercdrive.fr/image.ashx?id=2872820&use=l&cat=p&typeid=i","cat":284614},{"id":253540,"n":"Brosse à dent Dentamyl Orange Tête rechargeable médium","p":1.17,"img":"https://fd13-photos.leclercdrive.fr/image.ashx?id=2872823&use=l&cat=p&typeid=i","cat":284614},{"id":253541,"n":"Brosse à dent Dentamyl Rouge Tête rechargeable médium","p":1.17,"img":"https://fd13-photos.leclercdrive.fr/image.ashx?id=2872826&use=l&cat=p&typeid=i","cat":284614},{"id":253542,"n":"Brosse à dent Dentamyl Vert Tête rechargeable médium","p":1.17,"img":"https://fd13-photos.leclercdrive.fr/image.ashx?id=2872829&use=l&cat=p&typeid=i","cat":284614},{"id":253544,"n":"Brosse à dents pro Dentamyl Bleu - Blancheur x1","p":1.32,"img":"https://fd13-photos.leclercdrive.fr/image.ashx?id=2872832&use=l&cat=p&typeid=i","cat":284614},{"id":253545,"n":"Brosse à dents pro Dentamyl Gris - Blancheur x1","p":1.32,"img":"https://fd13-photos.leclercdrive.fr/image.ashx?id=2915657&use=l&cat=p&typeid=i","cat":284614},{"id":253546,"n":"Brosse à dents pro Dentamyl Rose - Blancheur x1","p":1.32,"img":"https://fd13-photos.leclercdrive.fr/image.ashx?id=2872838&use=l&cat=p&typeid=i","cat":284614},{"id":253547,"n":"Brosse à dents pro Dentamyl Violet - Blancheur x1","p":1.32,"img":"https://fd13-photos.leclercdrive.fr/image.ashx?id=2872841&use=l&cat=p&typeid=i","cat":284614},{"id":253580,"n":"Plateau de 12 mini burgers apéritifs - Barbecue - 210g","p":5.45,"u":"25,95 €/KG","img":"https://fd13-photos.leclercdrive.fr/image.ashx?id=2914105&use=l&cat=p&typeid=i","cat":316003},{"id":253992,"n":"Gel douche L'Oréal Menexpert Hyaluronic power - 300ml","p":4.04,"u":"13,47 €/L","img":"https://fd13-photos.leclercdrive.fr/image.ashx?id=2874554&use=l&cat=p&typeid=i","cat":284619},{"id":254127,"n":"Rasoir Hydro 5 homme Wilkinson Starter regular +4 lames","p":13.62,"img":"https://fd13-photos.leclercdrive.fr/image.ashx?id=2875174&use=l&cat=p&typeid=i","cat":284616},{"id":254378,"n":"Litière chats Tranquille La Carbonite - 7.1kg","p":6.85,"u":"1,14 €/L","img":"https://fd13-photos.leclercdrive.fr/image.ashx?id=2876788&use=l&cat=p&typeid=i","cat":284683},{"id":254391,"n":"Boisson énergisante Red Bull Zéro, 250ml","p":1.09,"u":"4,36 €/L","img":"https://fd13-photos.leclercdrive.fr/image.ashx?id=2877313&use=l&cat=p&typeid=i","cat":284533},{"id":254811,"n":"Lessive doses L'Arbre Vert Peaux sensibles - x24","p":8.69,"u":"0,36 €/P","img":"https://fd13-photos.leclercdrive.fr/image.ashx?id=2876656&use=l&cat=p&typeid=i","cat":284641},{"id":254824,"n":"IGP Pays d'Oc rosé Bleu de Mer - 75cl","p":5.9,"u":"7,87 €/L","img":"https://fd13-photos.leclercdrive.fr/image.ashx?id=2876863&use=l&cat=p&typeid=i","cat":289558},{"id":254892,"n":"Préfou Paso  à l'ail - 175g","p":2.84,"u":"16,23 €/KG","img":"https://fd13-photos.leclercdrive.fr/image.ashx?id=2876914&use=l&cat=p&typeid=i","cat":316003},{"id":254908,"n":"Préfou Paso  tomates basilic - 175g","p":2.89,"u":"16,51 €/KG","img":"https://fd13-photos.leclercdrive.fr/image.ashx?id=2876908&use=l&cat=p&typeid=i","cat":316003},{"id":254914,"n":"Préfou Paso  crème oignons ciboulette - 175g","p":2.88,"u":"16,46 €/KG","img":"https://fd13-photos.leclercdrive.fr/image.ashx?id=3002141&use=l&cat=p&typeid=i","cat":316003},{"id":254941,"n":"Bâtonnets Häagen-Dazs Cracking Macadamia x3 - 201g","p":4.27,"u":"21,24 €/KG","img":"https://fd13-photos.leclercdrive.fr/image.ashx?id=2876599&use=l&cat=p&typeid=i","cat":284265},{"id":254943,"n":"Bâtonnets Häagen-Dazs Salted Caramel x3 - 204g","p":4.27,"u":"20,93 €/KG","img":"https://fd13-photos.leclercdrive.fr/image.ashx?id=2876608&use=l&cat=p&typeid=i","cat":284265},{"id":254944,"n":"Bâtonnets Häagen-Dazs  Cookies & Cream x3 - 192g","p":4.27,"u":"22,24 €/KG","img":"https://fd13-photos.leclercdrive.fr/image.ashx?id=2876602&use=l&cat=p&typeid=i","cat":284265},{"id":254949,"n":"Bâtonnets Häagen-Dazs Smooth Vanilla x3 - 192g","p":4.27,"u":"22,24 €/KG","img":"https://fd13-photos.leclercdrive.fr/image.ashx?id=2876605&use=l&cat=p&typeid=i","cat":284265},{"id":255080,"n":"Knacki végétal Herta x4 - 140g","p":1.93,"u":"13,79 €/KG","img":"https://fd13-photos.leclercdrive.fr/image.ashx?id=2992326&use=l&cat=p&typeid=i","cat":316036},{"id":255141,"n":"Brosse à dents enfant Dentamyl Clignotante - Rose x1","p":1.99,"img":"https://fd13-photos.leclercdrive.fr/image.ashx?id=2878678&use=l&cat=p&typeid=i","cat":288897},{"id":255180,"n":"Déodorant tout le corps Rexona  stick 48h anti-odeur 50ml","p":4.89,"u":"97,80 €/L","img":"https://fd13-photos.leclercdrive.fr/image.ashx?id=2896033&use=l&cat=p&typeid=i","cat":284595},{"id":255191,"n":"Préservatif Durex Nude - XL - x10","p":9.16,"img":"https://fd13-photos.leclercdrive.fr/image.ashx?id=2901677&use=l&cat=p&typeid=i","cat":284631},{"id":255193,"n":"Mousse au chocolat noir La Fermière 2x70g","p":2.7,"u":"19,29 €/KG","img":"https://fd13-photos.leclercdrive.fr/image.ashx?id=2878942&use=l&cat=p&typeid=i","cat":284417},{"id":255195,"n":"Préservatifs Durex Feeling - XL - x12","p":7.3,"img":"https://fd13-photos.leclercdrive.fr/image.ashx?id=2878789&use=l&cat=p&typeid=i","cat":284631},{"id":255197,"n":"Préservatifs Durex Classic jeans - x12","p":5.44,"img":"https://fd13-photos.leclercdrive.fr/image.ashx?id=2878792&use=l&cat=p&typeid=i","cat":284631},{"id":255200,"n":"Mousse au chocolat au lait La Fermière 2x70g","p":2.7,"u":"19,29 €/KG","img":"https://fd13-photos.leclercdrive.fr/image.ashx?id=2878948&use=l&cat=p&typeid=i","cat":284417},{"id":255201,"n":"Liègeois au chocolat La Fermière 2x120g","p":2.78,"u":"11,58 €/KG","img":"https://fd13-photos.leclercdrive.fr/image.ashx?id=2878951&use=l&cat=p&typeid=i","cat":285042},{"id":255202,"n":"Préservatifs Durex Extra protect - x12","p":5.15,"img":"https://fd13-photos.leclercdrive.fr/image.ashx?id=2878801&use=l&cat=p&typeid=i","cat":284631},{"id":255203,"n":"Liègeois au café La Fermière 2x120g","p":2.63,"u":"10,96 €/KG","img":"https://fd13-photos.leclercdrive.fr/image.ashx?id=2878954&use=l&cat=p&typeid=i","cat":285042},{"id":255204,"n":"Dentifrice Naturals Aquafresh Menthe rafraichissante - 2x75ml","p":3.75,"u":"25,00 €/L","img":"https://fd13-photos.leclercdrive.fr/image.ashx?id=2889286&use=l&cat=p&typeid=i","cat":284612},{"id":255215,"n":"Coca-Cola Original  4x1,75L","p":11.0,"u":"1,57 €/L","img":"https://fd13-photos.leclercdrive.fr/image.ashx?id=2879140&use=l&cat=p&typeid=i","cat":284530},{"id":255505,"n":"Crème de soin cheveux Nateïs Cheveux sec et frisé - 200ml","p":1.4,"u":"7,00 €/L","img":"https://fd13-photos.leclercdrive.fr/image.ashx?id=2878693&use=l&cat=p&typeid=i","cat":284608},{"id":255669,"n":"Recharge Gel douche Pêche Blanche bio & Nectar 500ml","p":3.36,"u":"6,72 €/L","img":"https://fd13-photos.leclercdrive.fr/image.ashx?id=2880411&use=l&cat=p&typeid=i","cat":284594},{"id":255678,"n":"Gel douche homme Axe Aqua bergamot - 225ml","p":2.44,"u":"10,84 €/L","img":"https://fd13-photos.leclercdrive.fr/image.ashx?id=2880612&use=l&cat=p&typeid=i","cat":284619},{"id":255688,"n":"Recharge gel douche homme Pin maritime & eucalyptus 500ml","p":3.36,"u":"6,72 €/L","img":"https://fd13-photos.leclercdrive.fr/image.ashx?id=2880420&use=l&cat=p&typeid=i","cat":284619},{"id":255697,"n":"Déodorant spray homme Axe Black - 200ml","p":3.7,"u":"18,50 €/L","img":"https://fd13-photos.leclercdrive.fr/image.ashx?id=2880609&use=l&cat=p&typeid=i","cat":284618},{"id":255718,"n":"Saumon fumé Petit Navire Norvège 2 tranches 65g","p":3.99,"u":"61,38 €/KG","img":"https://fd13-photos.leclercdrive.fr/image.ashx?id=2880489&use=l&cat=p&typeid=i","cat":285188},{"id":255957,"n":"Déodorant spray homme Axe Dark temptation - 200ml","p":3.61,"u":"18,05 €/L","img":"https://fd13-photos.leclercdrive.fr/image.ashx?id=2881536&use=l&cat=p&typeid=i","cat":284618},{"id":255966,"n":"Déodorant spray homme Axe Epic fresh - 200ml","p":3.99,"u":"19,95 €/L","img":"https://fd13-photos.leclercdrive.fr/image.ashx?id=2881539&use=l&cat=p&typeid=i","cat":284618},{"id":255969,"n":"Déodorant spray homme Axe Provocation - 200ml","p":3.7,"u":"18,50 €/L","img":"https://fd13-photos.leclercdrive.fr/image.ashx?id=2881542&use=l&cat=p&typeid=i","cat":284618},{"id":255978,"n":"Déodorant spray homme Axe Ice cool - 200ml","p":4.3,"u":"21,50 €/L","img":"https://fd13-photos.leclercdrive.fr/image.ashx?id=2881548&use=l&cat=p&typeid=i","cat":284618},{"id":256000,"n":"Déodorant stick Dove Pour tout  Le corps - Lavande - 75ml","p":4.5,"u":"60,00 €/L","img":"https://fd13-photos.leclercdrive.fr/image.ashx?id=2894560&use=l&cat=p&typeid=i","cat":284595},{"id":256001,"n":"Déodorant stick Dove Pour tout Le corps - Framboise - 24h 75ml","p":5.2,"u":"69,33 €/L","img":"https://fd13-photos.leclercdrive.fr/image.ashx?id=2894563&use=l&cat=p&typeid=i","cat":284595},{"id":256003,"n":"Déodorant spray Dove Pour tout Le corps - 72h - Lavande 150ml","p":5.47,"u":"36,47 €/L","img":"https://fd13-photos.leclercdrive.fr/image.ashx?id=2894566&use=l&cat=p&typeid=i","cat":284595},{"id":256004,"n":"Déodorant spray Dove Pour tout Le corps - 72h Framboise 150ml","p":4.46,"u":"29,73 €/L","img":"https://fd13-photos.leclercdrive.fr/image.ashx?id=3009341&use=l&cat=p&typeid=i","cat":284595},{"id":256005,"n":"Déodorant crème Dove Pour tout Le corps - 72h Framboise - 75ml","p":5.45,"u":"72,67 €/L","img":"https://fd13-photos.leclercdrive.fr/image.ashx?id=2894572&use=l&cat=p&typeid=i","cat":284595},{"id":256481,"n":"Gel douche homme Axe supreme 5-en-1 Apollo - 250ml","p":2.96,"u":"11,84 €/L","img":"https://fd13-photos.leclercdrive.fr/image.ashx?id=2902457&use=l&cat=p&typeid=i","cat":284619},{"id":256483,"n":"Gel douche homme Axe Supreme 5-en-1 - Black - 250ml","p":2.78,"u":"11,12 €/L","img":"https://fd13-photos.leclercdrive.fr/image.ashx?id=2882932&use=l&cat=p&typeid=i","cat":284619},{"id":256485,"n":"Gel douche homme Axe Supreme Dark temptation - 5-en-1 250ml","p":2.79,"u":"11,16 €/L","img":"https://fd13-photos.leclercdrive.fr/image.ashx?id=2882935&use=l&cat=p&typeid=i","cat":284619},{"id":256486,"n":"Gel douche homme Axe Supreme Provocation - 5-en-1 250ml","p":2.5,"u":"10,00 €/L","img":"https://fd13-photos.leclercdrive.fr/image.ashx?id=2992365&use=l&cat=p&typeid=i","cat":284619},{"id":256489,"n":"Gel douche homme Axe Supreme Ice cool - 5-en-1 - 250ml","p":2.63,"u":"10,52 €/L","img":"https://fd13-photos.leclercdrive.fr/image.ashx?id=2882941&use=l&cat=p&typeid=i","cat":284619},{"id":256491,"n":"Déodorant tout le corps Rexona  spray 72h anti-odeur 150ml","p":3.66,"u":"24,40 €/L","img":"https://fd13-photos.leclercdrive.fr/image.ashx?id=2989486&use=l&cat=p&typeid=i","cat":284595},{"id":256536,"n":"Nectar Bio Pressade Pomme - 6x20cl","p":2.4,"u":"2,00 €/L","img":"https://fd13-photos.leclercdrive.fr/image.ashx?id=2882752&use=l&cat=p&typeid=i","cat":284522},{"id":256761,"n":"Yaourts Brassé au lait entier Fruits rouges - 6x125g","p":2.85,"u":"3,80 €/KG","img":"https://fd13-photos.leclercdrive.fr/image.ashx?id=2885050&use=l&cat=p&typeid=i","cat":284410},{"id":256783,"n":"Laque Elnett Cheveux secs - 300ml","p":7.79,"u":"25,97 €/L","img":"https://fd13-photos.leclercdrive.fr/image.ashx?id=2883152&use=l&cat=p&typeid=i","cat":284609},{"id":256795,"n":"Déodorant Sanex zéro Pure Fresh - 200ml","p":3.95,"u":"19,75 €/L","img":"https://fd13-photos.leclercdrive.fr/image.ashx?id=2947240&use=l&cat=p&typeid=i","cat":284595},{"id":256817,"n":"Morceaux en sauce Edgard Cooper Poulet & canard - 85g","p":1.19,"u":"14,00 €/KG","img":"https://fd13-photos.leclercdrive.fr/image.ashx?id=2891268&use=l&cat=p&typeid=i","cat":285286},{"id":256833,"n":"Biscuit Jardin Bio Le Petit Céréalier - 155g","p":1.8,"u":"11,61 €/KG","img":"https://fd13-photos.leclercdrive.fr/image.ashx?id=2883588&use=l&cat=p&typeid=i","cat":284487},{"id":257009,"n":"Poudre détachante désinfectante Sanytol - 900g","p":8.66,"u":"9,62 €/KG","img":"https://fd13-photos.leclercdrive.fr/image.ashx?id=2883441&use=l&cat=p&typeid=i","cat":284651},{"id":257013,"n":"Le Crémeux Soignon 300g","p":3.57,"u":"11,90 €/KG","img":"https://fd13-photos.leclercdrive.fr/image.ashx?id=2883597&use=l&cat=p&typeid=i","cat":314031},{"id":257038,"n":"Gel douche homme Axe Supreme Provocation - 5-en-1 - 400ml","p":3.01,"u":"7,53 €/L","img":"https://fd13-photos.leclercdrive.fr/image.ashx?id=2884924&use=l&cat=p&typeid=i","cat":284619},{"id":257041,"n":"Gel douche homme Axe supreme Re-load - 5en-1 - 250ml","p":2.36,"u":"9,44 €/L","img":"https://fd13-photos.leclercdrive.fr/image.ashx?id=2884927&use=l&cat=p&typeid=i","cat":284619},{"id":257043,"n":"Gel douche homme Axe Black vanilla - 225ml","p":2.69,"u":"11,96 €/L","img":"https://fd13-photos.leclercdrive.fr/image.ashx?id=2908387&use=l&cat=p&typeid=i","cat":284619},{"id":257045,"n":"Gel douche homme Axe supreme Lendemain difficile - 400ml","p":3.08,"u":"7,70 €/L","img":"https://fd13-photos.leclercdrive.fr/image.ashx?id=2884918&use=l&cat=p&typeid=i","cat":284619},{"id":257046,"n":"Gel douche homme Axe Cherry fizz - 225ml","p":2.73,"u":"12,13 €/L","img":"https://fd13-photos.leclercdrive.fr/image.ashx?id=2908390&use=l&cat=p&typeid=i","cat":284619},{"id":257049,"n":"Déodorant spray homme Axe Cherry fizz - 150ml","p":4.34,"u":"28,93 €/L","img":"https://fd13-photos.leclercdrive.fr/image.ashx?id=3011953&use=l&cat=p&typeid=i","cat":284618},{"id":257050,"n":"Déodorant spray homme Axe Cocoa velvet - 150ml","p":4.69,"u":"31,27 €/L","img":"https://fd13-photos.leclercdrive.fr/image.ashx?id=2896468&use=l&cat=p&typeid=i","cat":284618},{"id":257051,"n":"Déodorant spray homme Axe Gold caramel billionaire 200ml","p":4.42,"u":"22,10 €/L","img":"https://fd13-photos.leclercdrive.fr/image.ashx?id=2884903&use=l&cat=p&typeid=i","cat":284618},{"id":257074,"n":"Gnocchi à poêler Lustucru Extra jambon fromage 300g","p":2.18,"u":"7,27 €/KG","img":"https://fd13-photos.leclercdrive.fr/image.ashx?id=2884387&use=l&cat=p&typeid=i","cat":333682},{"id":257076,"n":"Gnocchi à poêler Lustucru Extra fromage 300g","p":2.12,"u":"7,07 €/KG","img":"https://fd13-photos.leclercdrive.fr/image.ashx?id=2886013&use=l&cat=p&typeid=i","cat":333682},{"id":257077,"n":"Fromage enfant Mini Babybel  16 portions goûter - 352g","p":5.89,"u":"16,73 €/KG","img":"https://fd13-photos.leclercdrive.fr/image.ashx?id=2935840&use=l&cat=p&typeid=i","cat":314030},{"id":257201,"n":"Préservatifs Durex Intensity - x10","p":10.81,"img":"https://fd13-photos.leclercdrive.fr/image.ashx?id=2962035&use=l&cat=p&typeid=i","cat":284631},{"id":257202,"n":"Préservatifs Durex Intensity XL - x10","p":10.83,"img":"https://fd13-photos.leclercdrive.fr/image.ashx?id=2964670&use=l&cat=p&typeid=i","cat":284631},{"id":257205,"n":"Eponges flex & wash x4","p":7.49,"img":"https://fd13-photos.leclercdrive.fr/image.ashx?id=2884522&use=l&cat=p&typeid=i","cat":284667},{"id":257206,"n":"Eponges fFlex & wash x2","p":3.98,"img":"https://fd13-photos.leclercdrive.fr/image.ashx?id=2884525&use=l&cat=p&typeid=i","cat":284667},{"id":257208,"n":"Lessive liquide Xeor Fraîcheur - x44 lavages - 2.2L","p":3.89,"u":"1,77 €/L","img":"https://fd13-photos.leclercdrive.fr/image.ashx?id=2901494&use=l&cat=p&typeid=i","cat":284640},{"id":257209,"n":"Lessive liquide Xeor Oranger - x44 lavages - 2.2L","p":3.99,"u":"1,81 €/L","img":"https://fd13-photos.leclercdrive.fr/image.ashx?id=2901497&use=l&cat=p&typeid=i","cat":284640},{"id":257211,"n":"Lessive liquide Xéor Oranger - x24 lavages - 1.2L","p":2.19,"u":"1,83 €/L","img":"https://fd13-photos.leclercdrive.fr/image.ashx?id=2903977&use=l&cat=p&typeid=i","cat":284640},{"id":257212,"n":"Lessive liquide Xéor Fraîcheur - x24 lavages - 1.2L","p":2.12,"u":"1,77 €/L","img":"https://fd13-photos.leclercdrive.fr/image.ashx?id=2901506&use=l&cat=p&typeid=i","cat":284640},{"id":257213,"n":"Lessive liquide Xéor Cerisier - x24 lavages - 1.2L","p":2.12,"u":"1,77 €/L","img":"https://fd13-photos.leclercdrive.fr/image.ashx?id=2903980&use=l&cat=p&typeid=i","cat":284640},{"id":257230,"n":"Désinfectant linge Sanytol Stop Odeurs Fleurs blanches 500ml","p":3.65,"u":"7,30 €/L","img":"https://fd13-photos.leclercdrive.fr/image.ashx?id=2961960&use=l&cat=p&typeid=i","cat":290451},{"id":257231,"n":"Désinfectant linge Sanytol Stop Odeurs Fleurs Blanches 1L","p":6.09,"u":"6,09 €/L","img":"https://fd13-photos.leclercdrive.fr/image.ashx?id=2884312&use=l&cat=p&typeid=i","cat":290451},{"id":257241,"n":"Déodorant homme Adidas Invisible - 150ml","p":3.73,"u":"24,87 €/L","img":"https://fd13-photos.leclercdrive.fr/image.ashx?id=2884609&use=l&cat=p&typeid=i","cat":284618},{"id":257244,"n":"Nettoyant ménager Ajax Citron vert - 1.5L","p":2.79,"u":"1,86 €/L","img":"https://fd13-photos.leclercdrive.fr/image.ashx?id=2884894&use=l&cat=p&typeid=i","cat":284907},{"id":257277,"n":"Bâtonnets surimi moelleux Fleury Michon x12 - 180g","p":1.77,"u":"9,83 €/KG","img":"https://fd13-photos.leclercdrive.fr/image.ashx?id=2936920&use=l&cat=p&typeid=i","cat":285189},{"id":257278,"n":"Bâtonnets surimi moelleux Fleury Michon x18 - 270g","p":2.58,"u":"9,56 €/KG","img":"https://fd13-photos.leclercdrive.fr/image.ashx?id=2936923&use=l&cat=p&typeid=i","cat":285189},{"id":257279,"n":"Bâtonnets surimi moelleux  Fleury Michon x24 - 360g","p":3.23,"u":"8,97 €/KG","img":"https://fd13-photos.leclercdrive.fr/image.ashx?id=2936926&use=l&cat=p&typeid=i","cat":285189},{"id":257280,"n":"Bâtonnets surimi moelleux Fleury Michon x30 - 450g","p":3.79,"u":"8,42 €/KG","img":"https://fd13-photos.leclercdrive.fr/image.ashx?id=2936929&use=l&cat=p&typeid=i","cat":285189},{"id":257322,"n":"Nectar Bio Pressade Orange - 1.5L","p":2.9,"u":"1,93 €/L","img":"https://fd13-photos.leclercdrive.fr/image.ashx?id=2885357&use=l&cat=p&typeid=i","cat":284521},{"id":257391,"n":"Barre gourmande Grainéa Chocolat Cacahuète - 140g","p":1.96,"u":"14,00 €/KG","img":"https://fd13-photos.leclercdrive.fr/image.ashx?id=2885777&use=l&cat=p&typeid=i","cat":285869},{"id":257593,"n":"Saumon fumé Ecosse  4 tranches 130g","p":7.29,"u":"56,08 €/KG","img":"https://fd13-photos.leclercdrive.fr/image.ashx?id=2885947&use=l&cat=p&typeid=i","cat":285188},{"id":257595,"n":"Saumon fumé Norvège 4 tranches 130g","p":6.49,"u":"49,92 €/KG","img":"https://fd13-photos.leclercdrive.fr/image.ashx?id=2885950&use=l&cat=p&typeid=i","cat":285188},{"id":257612,"n":"Tortellini Rana bacon, speck & mozzarella 250g","p":3.18,"u":"12,72 €/KG","img":"https://fd13-photos.leclercdrive.fr/image.ashx?id=2886370&use=l&cat=p&typeid=i","cat":333682},{"id":257868,"n":"Bière Rouge la Bête Rouge 8% 75cl","p":4.97,"u":"6,63 €/L","img":"https://fd13-photos.leclercdrive.fr/image.ashx?id=2885962&use=l&cat=p&typeid=i","cat":334878},{"id":257902,"n":"Céréales All-Bran Kellogg's Fibre plus - 500g","p":3.39,"u":"6,78 €/KG","img":"https://fd13-photos.leclercdrive.fr/image.ashx?id=2885643&use=l&cat=p&typeid=i","cat":309512},{"id":258078,"n":"Fuzetea fruit de la passion Tropical - Sans sucres - 1.25L","p":1.77,"u":"1,42 €/L","img":"https://fd13-photos.leclercdrive.fr/image.ashx?id=2940411&use=l&cat=p&typeid=i","cat":295019},{"id":258079,"n":"Limonade Lorina pêche blanche 1L","p":2.3,"u":"2,30 €/L","img":"https://fd13-photos.leclercdrive.fr/image.ashx?id=2891094&use=l&cat=p&typeid=i","cat":284531},{"id":258087,"n":"BBQ épicée Garden Gourmet  sensational - 180g","p":3.62,"u":"20,11 €/KG","img":"https://fd13-photos.leclercdrive.fr/image.ashx?id=2973333&use=l&cat=p&typeid=i","cat":316036},{"id":258092,"n":"Beurre Nature de Breton Le Moulé demi-sel - 80% MG 250g","p":3.09,"u":"12,36 €/KG","img":"https://fd13-photos.leclercdrive.fr/image.ashx?id=2887044&use=l&cat=p&typeid=i","cat":284379},{"id":258141,"n":"Pâtes Panzani  grandes coquillettes - 500g","p":1.63,"u":"3,26 €/KG","img":"https://fd13-photos.leclercdrive.fr/image.ashx?id=2887536&use=l&cat=p&typeid=i","cat":284427},{"id":258143,"n":"Pâtes Panzani  fusilli - 500g","p":1.88,"u":"3,76 €/KG","img":"https://fd13-photos.leclercdrive.fr/image.ashx?id=2887530&use=l&cat=p&typeid=i","cat":284427},{"id":258144,"n":"Pâtes Panzani rigatoni - 500g","p":1.63,"u":"3,26 €/KG","img":"https://fd13-photos.leclercdrive.fr/image.ashx?id=2887533&use=l&cat=p&typeid=i","cat":284427},{"id":258146,"n":"Pâtes Panzani penne rigate - 500g","p":1.69,"u":"3,38 €/KG","img":"https://fd13-photos.leclercdrive.fr/image.ashx?id=2887539&use=l&cat=p&typeid=i","cat":284427},{"id":258149,"n":"Pâtes Panzani  linguine - 500g","p":1.69,"u":"3,38 €/KG","img":"https://fd13-photos.leclercdrive.fr/image.ashx?id=2887542&use=l&cat=p&typeid=i","cat":284427},{"id":258299,"n":"Lasagnes William Saurin Bolognaise pure boeuf - 300g","p":2.69,"u":"8,97 €/KG","img":"https://fd13-photos.leclercdrive.fr/image.ashx?id=2916012&use=l&cat=p&typeid=i","cat":284953},{"id":258303,"n":"Poulet basquaise William Saurin 285g","p":2.79,"u":"9,79 €/KG","img":"https://fd13-photos.leclercdrive.fr/image.ashx?id=2928564&use=l&cat=p&typeid=i","cat":284953},{"id":258304,"n":"Poulet William Saurin à la crème - 280g","p":2.69,"u":"9,61 €/KG","img":"https://fd13-photos.leclercdrive.fr/image.ashx?id=2939520&use=l&cat=p&typeid=i","cat":284953},{"id":258305,"n":"Risotto William Saurin poulet et champignons - 280g","p":2.69,"u":"9,61 €/KG","img":"https://fd13-photos.leclercdrive.fr/image.ashx?id=2912113&use=l&cat=p&typeid=i","cat":284953},{"id":258308,"n":"Torsades saumon William Saurin Crème et aneth - 280g","p":2.84,"u":"10,14 €/KG","img":"https://fd13-photos.leclercdrive.fr/image.ashx?id=2916009&use=l&cat=p&typeid=i","cat":284953},{"id":258309,"n":"Merlu blanc William Saurin Riz et légumes - 300g","p":2.69,"u":"8,97 €/KG","img":"https://fd13-photos.leclercdrive.fr/image.ashx?id=2986392&use=l&cat=p&typeid=i","cat":284953},{"id":258310,"n":"Blanquette William Saurin Veau et riz - 285g","p":3.09,"u":"10,84 €/KG","img":"https://fd13-photos.leclercdrive.fr/image.ashx?id=2906286&use=l&cat=p&typeid=i","cat":284953},{"id":258312,"n":"Bourguignon William Saurin Boeuf - 300g","p":2.89,"u":"9,63 €/KG","img":"https://fd13-photos.leclercdrive.fr/image.ashx?id=2906289&use=l&cat=p&typeid=i","cat":284953},{"id":258313,"n":"Bières Desperados Sunlight  cerise/grenade 4° - 3x33cl","p":4.5,"u":"4,55 €/L","img":"https://fd13-photos.leclercdrive.fr/image.ashx?id=2899401&use=l&cat=p&typeid=i","cat":334878},{"id":258314,"n":"Hachis William Saurin Parmentier pur boeuf - 300g","p":2.94,"u":"9,80 €/KG","img":"https://fd13-photos.leclercdrive.fr/image.ashx?id=2906292&use=l&cat=p&typeid=i","cat":284953},{"id":258323,"n":"Dentifrice gencives Elmex Sensitive plus - 75ml","p":5.95,"u":"79,33 €/L","img":"https://fd13-photos.leclercdrive.fr/image.ashx?id=2888193&use=l&cat=p&typeid=i","cat":284612},{"id":258343,"n":"Crêpes Nutella  x6 - 240g","p":4.89,"u":"20,38 €/KG","img":"https://fd13-photos.leclercdrive.fr/image.ashx?id=2899761&use=l&cat=p&typeid=i","cat":284267},{"id":258350,"n":"Ravioli Rana tomate mozzarella 250g","p":3.18,"u":"12,72 €/KG","img":"https://fd13-photos.leclercdrive.fr/image.ashx?id=2889931&use=l&cat=p&typeid=i","cat":333682},{"id":258363,"n":"Bières Softiz Sans alcool  Saveur citron - 6x27,5cl","p":3.08,"u":"1,87 €/L","img":"https://fd13-photos.leclercdrive.fr/image.ashx?id=2887431&use=l&cat=p&typeid=i","cat":334877},{"id":258364,"n":"Biscuits bio Jardin Bio Sésame - 150g","p":1.95,"u":"13,00 €/KG","img":"https://fd13-photos.leclercdrive.fr/image.ashx?id=2890211&use=l&cat=p&typeid=i","cat":284487},{"id":258366,"n":"Bières Softiz Sans alcool  Saveur mojito - 6x27,5cl","p":3.02,"u":"1,83 €/L","img":"https://fd13-photos.leclercdrive.fr/image.ashx?id=2887428&use=l&cat=p&typeid=i","cat":334877},{"id":258377,"n":"Préparation pour Spritz Giffard Sans alcool - 50cl","p":5.9,"u":"11,80 €/L","img":"https://fd13-photos.leclercdrive.fr/image.ashx?id=2889358&use=l&cat=p&typeid=i","cat":284549},{"id":258380,"n":"Préparation pour Spritz Giffard Pamplemousse - sans alcool 50cl","p":5.9,"u":"11,80 €/L","img":"https://fd13-photos.leclercdrive.fr/image.ashx?id=2889352&use=l&cat=p&typeid=i","cat":284549},{"id":258381,"n":"Préparation pour Spritz Giffard Fleur sureau - sans alcool 50cl","p":5.9,"u":"11,80 €/L","img":"https://fd13-photos.leclercdrive.fr/image.ashx?id=2889355&use=l&cat=p&typeid=i","cat":284549},{"id":258387,"n":"Bières Desperados Sunlight  mangue/passion 4° - 3x33cl","p":4.5,"u":"4,55 €/L","img":"https://fd13-photos.leclercdrive.fr/image.ashx?id=2977990&use=l&cat=p&typeid=i","cat":334878},{"id":258606,"n":"Soda Fanta Orange  Bouteille - 1.25L","p":1.66,"u":"1,33 €/L","img":"https://fd13-photos.leclercdrive.fr/image.ashx?id=2924752&use=l&cat=p&typeid=i","cat":284532},{"id":258630,"n":"Gaufrettes Knoppers Lait & noisettes - x15   375g","p":4.56,"u":"12,16 €/KG","img":"https://fd13-photos.leclercdrive.fr/image.ashx?id=2893777&use=l&cat=p&typeid=i","cat":284488},{"id":258631,"n":"Chocolat noir 50% orange  Noisettes et amandes -100g","p":3.65,"u":"36,50 €/KG","img":"https://fd13-photos.leclercdrive.fr/image.ashx?id=2889787&use=l&cat=p&typeid=i","cat":284956},{"id":258795,"n":"Beurrier tendre Président Demi-sel - 60% MG - 200g","p":2.14,"u":"10,70 €/KG","img":"https://fd13-photos.leclercdrive.fr/image.ashx?id=2889328&use=l&cat=p&typeid=i","cat":284379},{"id":258816,"n":"Cacahuètes Curly  Miel barbecue - 150g","p":1.48,"u":"9,87 €/KG","img":"https://fd13-photos.leclercdrive.fr/image.ashx?id=2906367&use=l&cat=p&typeid=i","cat":284448},{"id":258818,"n":"Cacahuète Curly Paprika - 150g","p":1.55,"u":"10,33 €/KG","img":"https://fd13-photos.leclercdrive.fr/image.ashx?id=2938728&use=l&cat=p&typeid=i","cat":284448},{"id":259159,"n":"Soin visage Fluide anti tâches  UV vitamine C  Garnier -40ml","p":8.3,"u":"207,50 €/L","img":"https://fd13-photos.leclercdrive.fr/image.ashx?id=2904251&use=l&cat=p&typeid=i","cat":325345},{"id":259179,"n":"Préservatifs Durex Intensity - x5","p":6.98,"img":"https://fd13-photos.leclercdrive.fr/image.ashx?id=2962032&use=l&cat=p&typeid=i","cat":284631},{"id":259184,"n":"Préservatifs Durex Classic Jeans - x20","p":7.01,"img":"https://fd13-photos.leclercdrive.fr/image.ashx?id=2892433&use=l&cat=p&typeid=i","cat":284631},{"id":259189,"n":"Poudre lave-vaisselle Visior 1.71kg","p":7.64,"u":"4,47 €/KG","img":"https://fd13-photos.leclercdrive.fr/image.ashx?id=2889208&use=l&cat=p&typeid=i","cat":284656},{"id":259190,"n":"Eau de parfum Adidas Energy drive - 100ml","p":18.9,"u":"189,00 €/L","img":"https://fd13-photos.leclercdrive.fr/image.ashx?id=2892856&use=l&cat=p&typeid=i","cat":291525},{"id":259207,"n":"Dentifrice Sensodyne Sensibilité quotidienne - 75ml","p":3.4,"u":"45,33 €/L","img":"https://fd13-photos.leclercdrive.fr/image.ashx?id=2893003&use=l&cat=p&typeid=i","cat":284612},{"id":259211,"n":"Dentifrice Enfants Sensodyne 2-6 ans - 50ml","p":4.08,"u":"81,60 €/L","img":"https://fd13-photos.leclercdrive.fr/image.ashx?id=2893009&use=l&cat=p&typeid=i","cat":288898},{"id":259216,"n":"Gel douche Sanex Derma thérapie Anti-démangeaison - 425ml","p":4.9,"u":"11,53 €/L","img":"https://fd13-photos.leclercdrive.fr/image.ashx?id=2893147&use=l&cat=p&typeid=i","cat":284594},{"id":259217,"n":"Gel douche Sanex Derma thérapie Anti-dessèchement - 425ml","p":4.9,"u":"11,53 €/L","img":"https://fd13-photos.leclercdrive.fr/image.ashx?id=2913508&use=l&cat=p&typeid=i","cat":284594},{"id":259238,"n":"Whisky Rum cask finished West Cork - 70cl","p":46.19,"u":"65,99 €/L","img":"https://fd13-photos.leclercdrive.fr/image.ashx?id=2893060&use=l&cat=p&typeid=i","cat":284547},{"id":259249,"n":"Bière aromatisée Somersby Pomme 4,5° - 3x27,5cl","p":4.17,"u":"5,05 €/L","img":"https://fd13-photos.leclercdrive.fr/image.ashx?id=2892460&use=l&cat=p&typeid=i","cat":334878},{"id":259253,"n":"Bière aromatisée Somersby Framboise 4,5° - 3x27,5cl","p":4.17,"u":"5,05 €/L","img":"https://fd13-photos.leclercdrive.fr/image.ashx?id=2892466&use=l&cat=p&typeid=i","cat":334878},{"id":259255,"n":"Bière Desperados Sunlight Citron citron vert - 4% 6x33CL","p":7.5,"u":"3,79 €/L","img":"https://fd13-photos.leclercdrive.fr/image.ashx?id=2901773&use=l&cat=p&typeid=i","cat":334878},{"id":259260,"n":"Bière brune Guinness 4,2° - 4x44cl","p":8.22,"u":"4,67 €/L","img":"https://fd13-photos.leclercdrive.fr/image.ashx?id=2896390&use=l&cat=p&typeid=i","cat":334853},{"id":259279,"n":"Bière blonde Bud 5% - 50cl canette","p":5.19,"u":"25,95 €/L","img":"https://fd13-photos.leclercdrive.fr/image.ashx?id=2994554&use=l&cat=p&typeid=i","cat":334853},{"id":259290,"n":"Piles Alcalines Longlife Power D / LR20 x2","p":5.9,"img":"https://fd13-photos.leclercdrive.fr/image.ashx?id=2892958&use=l&cat=p&typeid=i","cat":300572},{"id":259321,"n":"Pain burger Jacquet Géant brioché x4 - 300g","p":1.66,"u":"5,53 €/KG","img":"https://fd13-photos.leclercdrive.fr/image.ashx?id=2991879&use=l&cat=p&typeid=i","cat":325067},{"id":259322,"n":"Pain burger Jacquet Nature x6 - 330g","p":1.37,"u":"4,15 €/KG","img":"https://fd13-photos.leclercdrive.fr/image.ashx?id=2991885&use=l&cat=p&typeid=i","cat":325067},{"id":259323,"n":"Burger Jacquet brioché Ultra moelleux x4 - 250g","p":1.8,"u":"7,20 €/KG","img":"https://fd13-photos.leclercdrive.fr/image.ashx?id=3010984&use=l&cat=p&typeid=i","cat":325067},{"id":259632,"n":"Nectar Bio Pressade Pomme - 1.5L","p":2.2,"u":"1,47 €/L","img":"https://fd13-photos.leclercdrive.fr/image.ashx?id=2892586&use=l&cat=p&typeid=i","cat":284522},{"id":259692,"n":"Surimi Petit Coraya Sauce cocktail x33 - 338g","p":3.5,"u":"10,36 €/KG","img":"https://fd13-photos.leclercdrive.fr/image.ashx?id=2939580&use=l&cat=p&typeid=i","cat":285189},{"id":260041,"n":"Boisson aux fruits Oasis Citron vert - 2L","p":2.7,"u":"1,35 €/L","img":"https://fd13-photos.leclercdrive.fr/image.ashx?id=2893639&use=l&cat=p&typeid=i","cat":295018},{"id":260047,"n":"Boisson énergisante Celsius Multifruits - 35,5cl","p":1.4,"u":"3,94 €/L","img":"https://fd13-photos.leclercdrive.fr/image.ashx?id=2919006&use=l&cat=p&typeid=i","cat":284533},{"id":260256,"n":"36 capsules Absolu  Tout en 1 Brillance SUN","p":10.1,"u":"0,28 €/P","img":"https://fd13-photos.leclercdrive.fr/image.ashx?id=2905720&use=l&cat=p&typeid=i","cat":284656},{"id":260328,"n":"Riz Taureau Ailé Basmati du Punjab - 500g","p":2.27,"u":"4,54 €/KG","img":"https://fd13-photos.leclercdrive.fr/image.ashx?id=2893756&use=l&cat=p&typeid=i","cat":284428},{"id":260672,"n":"Head & Shoulders shampoing  Classic 2 x 250ml","p":11.1,"u":"22,20 €/L","img":"https://fd13-photos.leclercdrive.fr/image.ashx?id=2895095&use=l&cat=p&typeid=i","cat":284606},{"id":260684,"n":"Serviettes hygiéniques coton   Long Plus Always 2 x 18","p":10.2,"u":"0,28 €/P","img":"https://fd13-photos.leclercdrive.fr/image.ashx?id=2905696&use=l&cat=p&typeid=i","cat":284624},{"id":260699,"n":"Serviettes hygiéniques Nuit Always Platinum 2 x 16","p":7.4,"u":"0,23 €/P","img":"https://fd13-photos.leclercdrive.fr/image.ashx?id=2902439&use=l&cat=p&typeid=i","cat":284624},{"id":260719,"n":"Serviettes hygiéniques Normal Always ultra 2 x 34","p":7.4,"u":"0,11 €/P","img":"https://fd13-photos.leclercdrive.fr/image.ashx?id=2895071&use=l&cat=p&typeid=i","cat":284624},{"id":260730,"n":"Culottes fuites urinaires  Always discreet Taille M x 11","p":13.08,"u":"1,19 €/P","img":"https://fd13-photos.leclercdrive.fr/image.ashx?id=2902424&use=l&cat=p&typeid=i","cat":284628},{"id":260733,"n":"Oral-B brossettes Sensitive  4+4 offertes","p":41.95,"u":"5,24 €/P","img":"https://fd13-photos.leclercdrive.fr/image.ashx?id=2905099&use=l&cat=p&typeid=i","cat":297133},{"id":260735,"n":"Oral-B brossettes Cross Action 4+4 offertes","p":48.14,"u":"6,02 €/P","img":"https://fd13-photos.leclercdrive.fr/image.ashx?id=2905093&use=l&cat=p&typeid=i","cat":297133},{"id":260745,"n":"Masque purifiant Neutrogena Calme curcuma - 50ml","p":5.25,"u":"105,00 €/L","img":"https://fd13-photos.leclercdrive.fr/image.ashx?id=2894929&use=l&cat=p&typeid=i","cat":325346},{"id":261064,"n":"Delice du jour en sauce Sheba  2.5kg","p":19.49,"u":"7,80 €/KG","img":"https://fd13-photos.leclercdrive.fr/image.ashx?id=2896387&use=l&cat=p&typeid=i","cat":285601},{"id":261200,"n":"Cônes Magnum noisette  4x90g","p":6.6,"u":"25,38 €/KG","img":"https://fd13-photos.leclercdrive.fr/image.ashx?id=2896453&use=l&cat=p&typeid=i","cat":284264},{"id":261216,"n":"Cônes Magnum mangue  4x90ml","p":5.94,"u":"22,85 €/KG","img":"https://fd13-photos.leclercdrive.fr/image.ashx?id=2896450&use=l&cat=p&typeid=i","cat":284264},{"id":261223,"n":"Saucisson sec Saint Agaûne La fine - 200g","p":4.53,"u":"22,65 €/KG","img":"https://fd13-photos.leclercdrive.fr/image.ashx?id=2960939&use=l&cat=p&typeid=i","cat":316006},{"id":261224,"n":"Saucisson Saint Agaûne La fine - 280g","p":6.34,"u":"22,64 €/KG","img":"https://fd13-photos.leclercdrive.fr/image.ashx?id=2965094&use=l&cat=p&typeid=i","cat":316006},{"id":261270,"n":"Rasoir Venus confort glide  Spa breeze +2 recharges","p":14.9,"img":"https://fd13-photos.leclercdrive.fr/image.ashx?id=2897351&use=l&cat=p&typeid=i","cat":325352},{"id":261319,"n":"Déodorant bille Adidas Original - 50ml","p":2.95,"u":"59,00 €/L","img":"https://fd13-photos.leclercdrive.fr/image.ashx?id=2896699&use=l&cat=p&typeid=i","cat":284595},{"id":261433,"n":"Café capsules Dolce Gusto Starbucks latte macchiato 129g","p":4.39,"u":"34,03 €/KG","img":"https://fd13-photos.leclercdrive.fr/image.ashx?id=2897348&use=l&cat=p&typeid=i","cat":293239},{"id":261487,"n":"Croquettes Perfect fit junior Poulet -","p":6.5,"u":"0,46 €/KG","img":"https://fd13-photos.leclercdrive.fr/image.ashx?id=2897285&use=l&cat=p&typeid=i","cat":284680},{"id":261496,"n":"Haricots vert D' Aucy Extra fins coupés 225g","p":1.93,"u":"8,58 €/KG","img":"https://fd13-photos.leclercdrive.fr/image.ashx?id=2902918&use=l&cat=p&typeid=i","cat":312606},{"id":261503,"n":"Tablette de chocolat Poulain Lait noisette - 2x95g","p":2.95,"u":"15,53 €/KG","img":"https://fd13-photos.leclercdrive.fr/image.ashx?id=2899509&use=l&cat=p&typeid=i","cat":284497},{"id":261505,"n":"Chocolat Tablette d'Or Lait caramelisées - 180g","p":2.49,"u":"13,83 €/KG","img":"https://fd13-photos.leclercdrive.fr/image.ashx?id=2896837&use=l&cat=p&typeid=i","cat":284497},{"id":261507,"n":"Tablette de chocolat Equador noir citron vert - 100g","p":1.79,"u":"17,90 €/KG","img":"https://fd13-photos.leclercdrive.fr/image.ashx?id=2896834&use=l&cat=p&typeid=i","cat":284956},{"id":261508,"n":"Chocolat blanc Tablette d'Or Speculoos framboise - 180g","p":2.99,"u":"16,61 €/KG","img":"https://fd13-photos.leclercdrive.fr/image.ashx?id=2896831&use=l&cat=p&typeid=i","cat":284957},{"id":261509,"n":"Chocolat Tablette d'Or Noir biscuit citron vert 180g","p":2.89,"u":"16,06 €/KG","img":"https://fd13-photos.leclercdrive.fr/image.ashx?id=2896828&use=l&cat=p&typeid=i","cat":284956},{"id":261521,"n":"Crème sous pression Galbani Au Mascarpone - 250g","p":3.38,"u":"13,52 €/KG","img":"https://fd13-photos.leclercdrive.fr/image.ashx?id=2939319&use=l&cat=p&typeid=i","cat":284382},{"id":261525,"n":"Sauté de lapin William Saurin 300g","p":3.27,"u":"10,90 €/KG","img":"https://fd13-photos.leclercdrive.fr/image.ashx?id=2905375&use=l&cat=p&typeid=i","cat":284953},{"id":261565,"n":"Vin de France rosé La vieille ferme - 75cl","p":4.29,"u":"5,72 €/L","img":"https://fd13-photos.leclercdrive.fr/image.ashx?id=2989198&use=l&cat=p&typeid=i","cat":289558},{"id":261891,"n":"Sucre en buchettes Daddy Boite distributrice - 480g","p":2.61,"u":"5,44 €/KG","img":"https://fd13-photos.leclercdrive.fr/image.ashx?id=2903065&use=l&cat=p&typeid=i","cat":284502},{"id":262345,"n":"Soda Fanta Orange  Canette - Pack 6x33CL","p":3.57,"u":"1,80 €/L","img":"https://fd13-photos.leclercdrive.fr/image.ashx?id=2997241&use=l&cat=p&typeid=i","cat":284532},{"id":262352,"n":"Compotes de pommes Valade sans sucres ajoutés - 8x100g","p":2.89,"u":"3,61 €/KG","img":"https://fd13-photos.leclercdrive.fr/image.ashx?id=2900836&use=l&cat=p&typeid=i","cat":284508},{"id":262520,"n":"Eau de source Cristaline Cassis pomme framboise 1.5L","p":1.29,"u":"0,86 €/L","img":"https://fd13-photos.leclercdrive.fr/image.ashx?id=2901896&use=l&cat=p&typeid=i","cat":284537},{"id":262868,"n":"Baume lèvre hydratant Labello","p":1.81,"u":"362,00 €/KG","img":"https://fd13-photos.leclercdrive.fr/image.ashx?id=2984676&use=l&cat=p&typeid=i","cat":285485},{"id":262875,"n":"Biscuits Animal Cadbury au chocolat au lait - 99.5g","p":1.99,"u":"19,90 €/KG","img":"https://fd13-photos.leclercdrive.fr/image.ashx?id=2901133&use=l&cat=p&typeid=i","cat":284488},{"id":262876,"n":"Mini fingers Cadburry 96.5g","p":1.53,"u":"15,94 €/KG","img":"https://fd13-photos.leclercdrive.fr/image.ashx?id=2902831&use=l&cat=p&typeid=i","cat":284488},{"id":263009,"n":"Bières Softiz Framboise Sans alcool  6x27,5cl","p":3.19,"u":"1,93 €/L","img":"https://fd13-photos.leclercdrive.fr/image.ashx?id=2899935&use=l&cat=p&typeid=i","cat":334877},{"id":263130,"n":"Magnum Glace Bâtonnet  Double Noisette 4x85ml","p":4.99,"u":"14,68 €/L","img":"https://fd13-photos.leclercdrive.fr/image.ashx?id=3009326&use=l&cat=p&typeid=i","cat":284265},{"id":263131,"n":"Bâtonnet Magnum Utopia Double Fruits Rouges 4x85ml","p":5.09,"u":"14,97 €/L","img":"https://fd13-photos.leclercdrive.fr/image.ashx?id=3014650&use=l&cat=p&typeid=i","cat":284265},{"id":263132,"n":"Glace Bonbon Dessert Magnum Gold Caramel Billionaire 168g","p":4.35,"u":"25,89 €/KG","img":"https://fd13-photos.leclercdrive.fr/image.ashx?id=3009320&use=l&cat=p&typeid=i","cat":284266},{"id":263133,"n":"Magnum Glace Bonbon Dessert Caramel Salé & Amande x12","p":5.11,"u":"27,62 €/KG","img":"https://fd13-photos.leclercdrive.fr/image.ashx?id=2901178&use=l&cat=p&typeid=i","cat":284266},{"id":263248,"n":"Mini pots Häagen-Dazs  Essential Collection x4 - 324g","p":5.83,"u":"17,99 €/KG","img":"https://fd13-photos.leclercdrive.fr/image.ashx?id=2900926&use=l&cat=p&typeid=i","cat":284725},{"id":263287,"n":"IGP Méditerranée Blanc Studio by Miraval - 75cl","p":9.5,"u":"12,67 €/L","img":"https://fd13-photos.leclercdrive.fr/image.ashx?id=2990541&use=l&cat=p&typeid=i","cat":289557},{"id":263328,"n":"Bonbons Lutti Bubblizz Piquants - 300g","p":1.79,"u":"5,97 €/KG","img":"https://fd13-photos.leclercdrive.fr/image.ashx?id=2900983&use=l&cat=p&typeid=i","cat":304250},{"id":263336,"n":"Yaourt à boire Actimel Nature sans sucres - 8x100g","p":3.07,"u":"3,84 €/KG","img":"https://fd13-photos.leclercdrive.fr/image.ashx?id=2901638&use=l&cat=p&typeid=i","cat":284415},{"id":263698,"n":"Bière Softiz  Agrumes 6x27,5cl","p":3.33,"u":"2,02 €/L","img":"https://fd13-photos.leclercdrive.fr/image.ashx?id=2902529&use=l&cat=p&typeid=i","cat":334877},{"id":263701,"n":"Glace cône Extreme Framboise & Brownies - 6x71g","p":3.59,"u":"8,43 €/KG","img":"https://fd13-photos.leclercdrive.fr/image.ashx?id=2904182&use=l&cat=p&typeid=i","cat":284264},{"id":263702,"n":"Glace cône Extreme Salted caramel - 6x71g","p":4.6,"u":"10,80 €/KG","img":"https://fd13-photos.leclercdrive.fr/image.ashx?id=2904185&use=l&cat=p&typeid=i","cat":284264},{"id":263712,"n":"Truite fumée Landvika 6 tranches 140g","p":4.99,"u":"35,64 €/KG","img":"https://fd13-photos.leclercdrive.fr/image.ashx?id=2904206&use=l&cat=p&typeid=i","cat":285188},{"id":263738,"n":"Culottes Tena Silouette Plus  Taille haute - x9","p":6.94,"u":"0,77 €/P","img":"https://fd13-photos.leclercdrive.fr/image.ashx?id=3011884&use=l&cat=p&typeid=i","cat":284628},{"id":263846,"n":"Crème dessert Ker Ronan Vanille bourbon - 4x105g","p":2.36,"u":"5,62 €/KG","img":"https://fd13-photos.leclercdrive.fr/image.ashx?id=2904365&use=l&cat=p&typeid=i","cat":285041},{"id":263847,"n":"Crème dessert Ker Ronan Praliné amandes - 4x105g","p":2.39,"u":"5,69 €/KG","img":"https://fd13-photos.leclercdrive.fr/image.ashx?id=2904368&use=l&cat=p&typeid=i","cat":285041},{"id":263854,"n":"Gel douche homme Axe supreme Re-load - 5en-1 - 250ml","p":2.31,"u":"9,24 €/L","img":"https://fd13-photos.leclercdrive.fr/image.ashx?id=2904497&use=l&cat=p&typeid=i","cat":284619},{"id":263873,"n":"Riz long Kamâlis Taureau Ailé - 500g","p":2.6,"u":"5,20 €/KG","img":"https://fd13-photos.leclercdrive.fr/image.ashx?id=2904386&use=l&cat=p&typeid=i","cat":284428},{"id":263876,"n":"Allume-feu liquide  Atout Feu 1L","p":5.18,"u":"5,18 €/L","img":"https://fd13-photos.leclercdrive.fr/image.ashx?id=2989384&use=l&cat=p&typeid=i","cat":300578},{"id":263886,"n":"Allume-feu  Atout Feu Carrés XXL x40","p":4.91,"img":"https://fd13-photos.leclercdrive.fr/image.ashx?id=2989390&use=l&cat=p&typeid=i","cat":300578},{"id":264019,"n":"Fruits du verger Rochefontaine 4x113g","p":2.85,"u":"6,31 €/KG","img":"https://fd13-photos.leclercdrive.fr/image.ashx?id=2904757&use=l&cat=p&typeid=i","cat":284507},{"id":264031,"n":"Vodka Zoladkowa de Luxe 37.5% vol - 70cl","p":12.9,"u":"18,43 €/L","img":"https://fd13-photos.leclercdrive.fr/image.ashx?id=2905015&use=l&cat=p&typeid=i","cat":284550},{"id":264047,"n":"Cognac VSOP Moisans 40D - 70cl","p":33.0,"u":"47,14 €/L","img":"https://fd13-photos.leclercdrive.fr/image.ashx?id=2906334&use=l&cat=p&typeid=i","cat":286032},{"id":264049,"n":"Limoncè aperitivo 14.8% vol. 70cl","p":16.29,"u":"23,27 €/L","img":"https://fd13-photos.leclercdrive.fr/image.ashx?id=2906850&use=l&cat=p&typeid=i","cat":286032},{"id":264232,"n":"Brassés bio Les 2 Vaches Pêche abricot - 8x115g","p":3.63,"u":"3,95 €/KG","img":"https://fd13-photos.leclercdrive.fr/image.ashx?id=2906508&use=l&cat=p&typeid=i","cat":284410},{"id":264373,"n":"P'tit Savane Tornado Brossard Roulés à la fraise - x7 - 175g","p":2.49,"u":"14,23 €/KG","img":"https://fd13-photos.leclercdrive.fr/image.ashx?id=2966089&use=l&cat=p&typeid=i","cat":284495},{"id":264376,"n":"Compote Coeur de fruits Pomme mangue 4x100g","p":1.72,"u":"4,30 €/KG","img":"https://fd13-photos.leclercdrive.fr/image.ashx?id=2907641&use=l&cat=p&typeid=i","cat":284416},{"id":264377,"n":"Compote Coeur de fruits Andros Pomme fraise 4x100g","p":1.79,"u":"4,48 €/KG","img":"https://fd13-photos.leclercdrive.fr/image.ashx?id=2907355&use=l&cat=p&typeid=i","cat":284416},{"id":264378,"n":"Compote Coeur de fruits Andros Pomme pruneau 4x100g","p":1.85,"u":"4,63 €/KG","img":"https://fd13-photos.leclercdrive.fr/image.ashx?id=2907358&use=l&cat=p&typeid=i","cat":284416},{"id":264392,"n":"Savane Brossard coeur choco Max de sensation - x6 - 180g","p":2.49,"u":"13,83 €/KG","img":"https://fd13-photos.leclercdrive.fr/image.ashx?id=2906502&use=l&cat=p&typeid=i","cat":284495},{"id":264397,"n":"Tartines P'tit dej Jacquet aux graines - x14 - 410g","p":1.95,"u":"4,76 €/KG","img":"https://fd13-photos.leclercdrive.fr/image.ashx?id=2906061&use=l&cat=p&typeid=i","cat":284477},{"id":264427,"n":"Jus multivitamines Tropicana Fruits rouges - 90cl","p":2.82,"u":"3,13 €/L","img":"https://fd13-photos.leclercdrive.fr/image.ashx?id=3010822&use=l&cat=p&typeid=i","cat":284354},{"id":264692,"n":"Croque-Monsieur Maxi Herta jambon fromage x2 - 310g","p":3.16,"u":"10,19 €/KG","img":"https://fd13-photos.leclercdrive.fr/image.ashx?id=2907941&use=l&cat=p&typeid=i","cat":333671},{"id":264694,"n":"Cheetos crispy Balls  90g","p":1.16,"u":"12,89 €/KG","img":"https://fd13-photos.leclercdrive.fr/image.ashx?id=2907962&use=l&cat=p&typeid=i","cat":284449},{"id":264696,"n":"Cheetos crunchy Fromage - 90g","p":1.3,"u":"14,44 €/KG","img":"https://fd13-photos.leclercdrive.fr/image.ashx?id=2907965&use=l&cat=p&typeid=i","cat":284449},{"id":264708,"n":"Cheetos original  Fromage - 80g","p":1.25,"u":"15,63 €/KG","img":"https://fd13-photos.leclercdrive.fr/image.ashx?id=2907959&use=l&cat=p&typeid=i","cat":284449},{"id":264729,"n":"Bonbons Têtes Brûlées Yaaah ! Sakura & Mangue Wasabi - 180g","p":2.12,"u":"11,78 €/KG","img":"https://fd13-photos.leclercdrive.fr/image.ashx?id=2907021&use=l&cat=p&typeid=i","cat":304250},{"id":264756,"n":"Déodorant Homme L'Oréal bille Invincible Sport - 50ml","p":2.55,"u":"51,00 €/L","img":"https://fd13-photos.leclercdrive.fr/image.ashx?id=2907638&use=l&cat=p&typeid=i","cat":284618},{"id":264791,"n":"Biscuit au Pop corn P'tit Déli Fourrés chocolat au lait - 150g","p":1.89,"u":"12,60 €/KG","img":"https://fd13-photos.leclercdrive.fr/image.ashx?id=2907303&use=l&cat=p&typeid=i","cat":284488},{"id":264822,"n":"Beurre Nature de Breton Le Moulé demi-sel - 80% MG 500g","p":5.9,"u":"11,80 €/KG","img":"https://fd13-photos.leclercdrive.fr/image.ashx?id=2907647&use=l&cat=p&typeid=i","cat":284379},{"id":264903,"n":"La Panée soja Garden Gourmet 207g","p":2.66,"u":"12,85 €/KG","img":"https://fd13-photos.leclercdrive.fr/image.ashx?id=2980155&use=l&cat=p&typeid=i","cat":316036},{"id":264904,"n":"Le Classique soja  Garden Gourmet 173g","p":2.62,"u":"15,14 €/KG","img":"https://fd13-photos.leclercdrive.fr/image.ashx?id=2965319&use=l&cat=p&typeid=i","cat":316036},{"id":264959,"n":"Halloumi AOP Les Croisés 200g","p":2.66,"u":"13,30 €/KG","img":"https://fd13-photos.leclercdrive.fr/image.ashx?id=3009532&use=l&cat=p&typeid=i","cat":314026},{"id":264963,"n":"Box XXL Radiatori Côté Snack Saumon 400g","p":3.39,"u":"8,48 €/KG","img":"https://fd13-photos.leclercdrive.fr/image.ashx?id=2907497&use=l&cat=p&typeid=i","cat":334983},{"id":265062,"n":"Burger apéritif Paso  Barbecue x8 - 140g","p":3.84,"u":"27,43 €/KG","img":"https://fd13-photos.leclercdrive.fr/image.ashx?id=2908735&use=l&cat=p&typeid=i","cat":316003},{"id":265063,"n":"Burger apéritif Paso  Cheese x8 - 140g","p":3.86,"u":"27,57 €/KG","img":"https://fd13-photos.leclercdrive.fr/image.ashx?id=2908732&use=l&cat=p&typeid=i","cat":316003},{"id":265099,"n":"Jambon supérieur avec couenne  L'Atelier Charcuterie 4T - 220g","p":3.05,"u":"13,86 €/KG","img":"https://fd13-photos.leclercdrive.fr/image.ashx?id=2999048&use=l&cat=p&typeid=i","cat":316009},{"id":265105,"n":"Jambon supérieur  L'Atelier Charcuterie 4T 220g","p":3.47,"u":"15,77 €/KG","img":"https://fd13-photos.leclercdrive.fr/image.ashx?id=2999054&use=l&cat=p&typeid=i","cat":316009},{"id":265152,"n":"Fromage apéritif Apéricube Soirée match 48 cubes 250g","p":4.17,"u":"16,68 €/KG","img":"https://fd13-photos.leclercdrive.fr/image.ashx?id=2908915&use=l&cat=p&typeid=i","cat":314027},{"id":265154,"n":"Fromage apéritif Apéricube Challenge 48 cubes 250g","p":4.5,"u":"18,00 €/KG","img":"https://fd13-photos.leclercdrive.fr/image.ashx?id=2908918&use=l&cat=p&typeid=i","cat":314027},{"id":265155,"n":"Fromage apéritif Apéricube Saveurs du monde 48 cubes 250g","p":4.58,"u":"18,32 €/KG","img":"https://fd13-photos.leclercdrive.fr/image.ashx?id=2908921&use=l&cat=p&typeid=i","cat":314027},{"id":265156,"n":"Fromage apéritif Apéricube Montagne 48 cubes 250g","p":4.17,"u":"16,68 €/KG","img":"https://fd13-photos.leclercdrive.fr/image.ashx?id=2908924&use=l&cat=p&typeid=i","cat":314027},{"id":265236,"n":"Soda Schweppes Saveur orange passion - 1,5L","p":2.08,"u":"1,39 €/L","img":"https://fd13-photos.leclercdrive.fr/image.ashx?id=2909521&use=l&cat=p&typeid=i","cat":284532},{"id":265336,"n":"Ardoise Bic Velleda Sans effacette - Bleu - 19x26cm","p":1.79,"img":"https://fd13-photos.leclercdrive.fr/image.ashx?id=2974587&use=l&cat=p&typeid=i","cat":334133},{"id":265346,"n":"Cornichons Kühne Petits  croquants Aigres-doux - 190g","p":2.52,"u":"13,26 €/KG","img":"https://fd13-photos.leclercdrive.fr/image.ashx?id=2911930&use=l&cat=p&typeid=i","cat":284458},{"id":265459,"n":"Lessive en poudre Rainett Aloe vera - 1.45kg","p":7.99,"u":"5,51 €/KG","img":"https://fd13-photos.leclercdrive.fr/image.ashx?id=2912539&use=l&cat=p&typeid=i","cat":284642},{"id":265463,"n":"Fromage fouetté Madame Loïk Ail & Fines herbes x9 - 150g","p":1.92,"u":"12,80 €/KG","img":"https://fd13-photos.leclercdrive.fr/image.ashx?id=3008509&use=l&cat=p&typeid=i","cat":314029},{"id":265508,"n":"Kit démarrage plumeau Swiffer 1 manche + 4 recharges","p":5.6,"img":"https://fd13-photos.leclercdrive.fr/image.ashx?id=3011938&use=l&cat=p&typeid=i","cat":325364},{"id":265513,"n":"Liquide adoucissant Lenor Fleur de jasmin 882ml","p":4.48,"u":"5,08 €/L","img":"https://fd13-photos.leclercdrive.fr/image.ashx?id=2917103&use=l&cat=p&typeid=i","cat":284650},{"id":265515,"n":"Adoucissant liquide Lenor Peaux sensibles - 882ml x42","p":4.9,"u":"5,56 €/L","img":"https://fd13-photos.leclercdrive.fr/image.ashx?id=2917100&use=l&cat=p&typeid=i","cat":284650},{"id":265519,"n":"Adoucissant Lenor Fresh Air Jardins en fleurs - 504ml x36","p":4.53,"u":"8,99 €/L","img":"https://fd13-photos.leclercdrive.fr/image.ashx?id=2912686&use=l&cat=p&typeid=i","cat":284650},{"id":265521,"n":"Parfum de linge Lenor Fraîcheur florale - 235g - x19","p":8.0,"u":"34,04 €/KG","img":"https://fd13-photos.leclercdrive.fr/image.ashx?id=2912692&use=l&cat=p&typeid=i","cat":325302},{"id":265775,"n":"Caprisun Mystic Dragon 10x20cl","p":3.4,"u":"1,70 €/L","img":"https://fd13-photos.leclercdrive.fr/image.ashx?id=2910443&use=l&cat=p&typeid=i","cat":295018},{"id":265815,"n":"Rasoir Hydro 5 Ultimate Wilkinson","p":9.76,"img":"https://fd13-photos.leclercdrive.fr/image.ashx?id=2911540&use=l&cat=p&typeid=i","cat":284616},{"id":265816,"n":"Dentifrice Parodontax Renforce & protège Blancheur - 75ml","p":6.42,"u":"85,60 €/MT","img":"https://fd13-photos.leclercdrive.fr/image.ashx?id=2911558&use=l&cat=p&typeid=i","cat":284612},{"id":265818,"n":"Lessive liquide Omo Monoï - 1,76L","p":10.16,"u":"5,76 €/L","img":"https://fd13-photos.leclercdrive.fr/image.ashx?id=2911624&use=l&cat=p&typeid=i","cat":284640},{"id":265819,"n":"Rasoir Hydro 5 Ultimate Starter Kit 1+5 lames - Wilkinson","p":14.59,"img":"https://fd13-photos.leclercdrive.fr/image.ashx?id=2911528&use=l&cat=p&typeid=i","cat":284616},{"id":265822,"n":"Rasoir Barber's Style  Wilkinson - 5 lames","p":16.63,"img":"https://fd13-photos.leclercdrive.fr/image.ashx?id=2911531&use=l&cat=p&typeid=i","cat":284616},{"id":265828,"n":"Bain de bouche Parodontax Renforce & protège Menthe 500ml","p":5.78,"u":"11,56 €/L","img":"https://fd13-photos.leclercdrive.fr/image.ashx?id=2911561&use=l&cat=p&typeid=i","cat":284613},{"id":265830,"n":"Rasoir Hydro Trim & Shave  Wilkinson","p":17.6,"u":"Dont 0,07 € d'éco-part.","img":"https://fd13-photos.leclercdrive.fr/image.ashx?id=2911534&use=l&cat=p&typeid=i","cat":284616},{"id":265832,"n":"Rasoir Hydro 5 - Wilkinson Face Groomer","p":19.95,"u":"Dont 0,10 € d'éco-part.","img":"https://fd13-photos.leclercdrive.fr/image.ashx?id=2963853&use=l&cat=p&typeid=i","cat":284616},{"id":265833,"n":"Lames Hydro 5 Regular Wilkinson - x8","p":22.55,"u":"2,82 €/P","img":"https://fd13-photos.leclercdrive.fr/image.ashx?id=2911537&use=l&cat=p&typeid=i","cat":284616},{"id":265834,"n":"Lessive liquide Omo Lavande & Patchouli - 1,76L","p":10.16,"u":"5,76 €/L","img":"https://fd13-photos.leclercdrive.fr/image.ashx?id=2911627&use=l&cat=p&typeid=i","cat":284640},{"id":265837,"n":"Lessive liquide Omo Mangue & fleurs - 1,76L","p":10.16,"u":"5,77 €/L","img":"https://fd13-photos.leclercdrive.fr/image.ashx?id=2911630&use=l&cat=p&typeid=i","cat":284640},{"id":265838,"n":"Pinsa Croustipate  Comme à la pizzeria - 240g","p":2.75,"u":"11,46 €/KG","img":"https://fd13-photos.leclercdrive.fr/image.ashx?id=2911363&use=l&cat=p&typeid=i","cat":333681},{"id":265929,"n":"Compotes Pomme variétés Valade sans sucres ajoutés - 8x100g","p":3.59,"u":"4,49 €/KG","img":"https://fd13-photos.leclercdrive.fr/image.ashx?id=2911960&use=l&cat=p&typeid=i","cat":284508},{"id":265941,"n":"Dentifrice Sensodyne Soin gencives 3x75ml","p":9.83,"pp":5.9,"u":"26,22 €/L","img":"https://fd13-photos.leclercdrive.fr/image.ashx?id=3009020&use=l&cat=p&typeid=i","cat":284612},{"id":265947,"n":"Dentifrice Sensodyne  Soin complet 3x75ml","p":9.83,"pp":5.9,"u":"26,22 €/L","img":"https://fd13-photos.leclercdrive.fr/image.ashx?id=3009023&use=l&cat=p&typeid=i","cat":284612},{"id":266078,"n":"Lessive liquide Persil Douceur d'amande - 2.565L x61","p":11.21,"u":"4,37 €/L","img":"https://fd13-photos.leclercdrive.fr/image.ashx?id=2944497&use=l&cat=p&typeid=i","cat":284640},{"id":266088,"n":"Adoucissant Cajoline Creations Brise de muguet 1.386L x66","p":5.57,"u":"4,02 €/L","img":"https://fd13-photos.leclercdrive.fr/image.ashx?id=2914240&use=l&cat=p&typeid=i","cat":284650},{"id":266093,"n":"Adoucissant Lenor Envolée d'air - x55 - 1.155L","p":4.53,"u":"3,92 €/L","img":"https://fd13-photos.leclercdrive.fr/image.ashx?id=2914171&use=l&cat=p&typeid=i","cat":284650},{"id":266097,"n":"Pâtes Panzani  Serpentini - 1kg","p":1.98,"u":"1,98 €/KG","img":"https://fd13-photos.leclercdrive.fr/image.ashx?id=2914456&use=l&cat=p&typeid=i","cat":284427},{"id":266102,"n":"Baume lèvres hydratant Labello x2","p":4.52,"u":"452,00 €/KG","img":"https://fd13-photos.leclercdrive.fr/image.ashx?id=2913811&use=l&cat=p&typeid=i","cat":285485},{"id":266104,"n":"Lait corps nourissant Nivea Peaux sèches - 400ml","p":5.84,"u":"14,60 €/L","img":"https://fd13-photos.leclercdrive.fr/image.ashx?id=2977639&use=l&cat=p&typeid=i","cat":325349},{"id":266106,"n":"Adoucissant Soupline Concentré Ultra Moments magiques - 800ml","p":6.49,"u":"8,11 €/L","img":"https://fd13-photos.leclercdrive.fr/image.ashx?id=2914225&use=l&cat=p&typeid=i","cat":284650},{"id":266123,"n":"Jambon Sec fines et fondantes Aoste nature 4 tranches - 67g","p":2.67,"u":"39,85 €/KG","img":"https://fd13-photos.leclercdrive.fr/image.ashx?id=2937196&use=l&cat=p&typeid=i","cat":316007},{"id":266143,"n":"Adoucissant Lenor Fresh Air Rayons soleil - 504ml - x36D","p":4.53,"u":"8,99 €/L","img":"https://fd13-photos.leclercdrive.fr/image.ashx?id=2914153&use=l&cat=p&typeid=i","cat":284650},{"id":266145,"n":"Adoucissant Lenor Fresh Air Soleil tropical - 504ml - x36","p":4.53,"u":"8,99 €/L","img":"https://fd13-photos.leclercdrive.fr/image.ashx?id=2914156&use=l&cat=p&typeid=i","cat":284650},{"id":266147,"n":"Parfum de linge Lenor Parfum d'Ariel - x13 - 155g","p":4.53,"u":"29,23 €/KG","img":"https://fd13-photos.leclercdrive.fr/image.ashx?id=2914159&use=l&cat=p&typeid=i","cat":325302},{"id":266149,"n":"Adoucissant Lenor Fresh Air Fraîcheur matinale 504ml - x36","p":4.53,"u":"8,99 €/L","img":"https://fd13-photos.leclercdrive.fr/image.ashx?id=2914150&use=l&cat=p&typeid=i","cat":284650},{"id":266152,"n":"Crème visage jour Nivea Anti-rides Q10+ Sensitive 50ml","p":11.99,"u":"239,80 €/L","img":"https://fd13-photos.leclercdrive.fr/image.ashx?id=2973940&use=l&cat=p&typeid=i","cat":325345},{"id":266153,"n":"Pâtes Alpina Savoie Coquillettes zéro résidu 500g","p":1.42,"u":"2,84 €/KG","img":"https://fd13-photos.leclercdrive.fr/image.ashx?id=2913874&use=l&cat=p&typeid=i","cat":284427},{"id":266154,"n":"Pâtes Alpina Savoie Spaghetti zéro résidu 500g","p":1.42,"u":"2,84 €/KG","img":"https://fd13-photos.leclercdrive.fr/image.ashx?id=2913877&use=l&cat=p&typeid=i","cat":284427},{"id":266163,"n":"Parfum de linge Lenor Jasmin & Rose de mai 155g x13","p":4.53,"u":"29,23 €/KG","img":"https://fd13-photos.leclercdrive.fr/image.ashx?id=2914162&use=l&cat=p&typeid=i","cat":325302},{"id":266167,"n":"Fromage enfant Mini Babybel Emmental 6 portions","p":2.66,"u":"0,44 €/P","img":"https://fd13-photos.leclercdrive.fr/image.ashx?id=2911915&use=l&cat=p&typeid=i","cat":314030},{"id":266171,"n":"Rouge à lèvres Lifter Gloss  Maybelline - N°002 Ice - x1","p":8.14,"img":"https://fd13-photos.leclercdrive.fr/image.ashx?id=2925466&use=l&cat=p&typeid=i","cat":287029},{"id":266173,"n":"Mascara L'Oréal Paris Paradise Big deal Noir - x1","p":16.5,"img":"https://fd13-photos.leclercdrive.fr/image.ashx?id=2949517&use=l&cat=p&typeid=i","cat":287029},{"id":266178,"n":"Adoucissant Lenor Envolée air - 882ml x42","p":4.49,"u":"5,09 €/L","img":"https://fd13-photos.leclercdrive.fr/image.ashx?id=2914168&use=l&cat=p&typeid=i","cat":284650},{"id":266181,"n":"Adoucissant Lenor Bouquet floral - 1.155L - x55","p":4.53,"u":"3,92 €/L","img":"https://fd13-photos.leclercdrive.fr/image.ashx?id=2914174&use=l&cat=p&typeid=i","cat":284650},{"id":266182,"n":"Adoucissant Lenor Ambre & orchidée - 882ml - x42","p":4.49,"u":"5,09 €/L","img":"https://fd13-photos.leclercdrive.fr/image.ashx?id=2914864&use=l&cat=p&typeid=i","cat":284650},{"id":266199,"n":"Adoucissant Soupline Ultra Fraîcheur infinie rosée 800ml","p":6.69,"u":"8,36 €/L","img":"https://fd13-photos.leclercdrive.fr/image.ashx?id=2991027&use=l&cat=p&typeid=i","cat":284650},{"id":266201,"n":"Adoucissant Soupline Ultra Fraîcheur infinie lagon 800ml","p":6.49,"u":"8,11 €/L","img":"https://fd13-photos.leclercdrive.fr/image.ashx?id=2991024&use=l&cat=p&typeid=i","cat":284650},{"id":266203,"n":"Adoucissant Soupline Ultra concentré Rose éclatante 800 ml","p":6.69,"u":"8,36 €/L","img":"https://fd13-photos.leclercdrive.fr/image.ashx?id=2914210&use=l&cat=p&typeid=i","cat":284650},{"id":266206,"n":"Adoucissant Soupline Ultra concentré Fraicheur Azur 800 ml","p":6.69,"u":"8,36 €/L","img":"https://fd13-photos.leclercdrive.fr/image.ashx?id=2991030&use=l&cat=p&typeid=i","cat":284650},{"id":266208,"n":"Adoucissant Soupline Ultra concentré Soin Expert 800 ml","p":6.69,"u":"8,36 €/L","img":"https://fd13-photos.leclercdrive.fr/image.ashx?id=2914222&use=l&cat=p&typeid=i","cat":284650},{"id":266228,"n":"Pilons de poulet Bon Plan  Douce France - 600g","p":4.15,"u":"6,92 €/KG","img":"https://fd13-photos.leclercdrive.fr/image.ashx?id=2917867&use=l&cat=p&typeid=i","cat":284336},{"id":266231,"n":"Cuisses de poulet Bon plan Douce France - 900g","p":5.85,"u":"6,50 €/KG","img":"https://fd13-photos.leclercdrive.fr/image.ashx?id=2913985&use=l&cat=p&typeid=i","cat":284336},{"id":266232,"n":"Riz risotto Taureau Ailé 1kg","p":3.31,"u":"3,31 €/KG","img":"https://fd13-photos.leclercdrive.fr/image.ashx?id=2914696&use=l&cat=p&typeid=i","cat":284428},{"id":266236,"n":"Cubes Filet de poulet Bon Plan Douce France - 400g","p":4.95,"u":"12,38 €/KG","img":"https://fd13-photos.leclercdrive.fr/image.ashx?id=2913988&use=l&cat=p&typeid=i","cat":284336},{"id":266242,"n":"Filet de poulet Bon Plan Douce France - 500g","p":6.99,"u":"13,98 €/KG","img":"https://fd13-photos.leclercdrive.fr/image.ashx?id=2914561&use=l&cat=p&typeid=i","cat":284336},{"id":266268,"n":"Bonbons Têtes Brulées Koh Lanta - 150g","p":2.12,"u":"14,13 €/KG","img":"https://fd13-photos.leclercdrive.fr/image.ashx?id=2914018&use=l&cat=p&typeid=i","cat":304250},{"id":266436,"n":"Lessive liquide Ariel Original - 1.575L - x35","p":9.88,"u":"6,27 €/L","img":"https://fd13-photos.leclercdrive.fr/image.ashx?id=2914813&use=l&cat=p&typeid=i","cat":284640},{"id":266457,"n":"Serviettes hygiéniques Always Nuit Extra secure - x8","p":2.48,"img":"https://fd13-photos.leclercdrive.fr/image.ashx?id=2914792&use=l&cat=p&typeid=i","cat":284624},{"id":266463,"n":"Shampooing Head & Shoulders Intense hydratation - 330ml","p":7.27,"u":"22,03 €/L","img":"https://fd13-photos.leclercdrive.fr/image.ashx?id=2914801&use=l&cat=p&typeid=i","cat":284606},{"id":266677,"n":"Pâtes Alpina Savoie Mini coquilles - 500g","p":1.4,"u":"2,80 €/KG","img":"https://fd13-photos.leclercdrive.fr/image.ashx?id=2915994&use=l&cat=p&typeid=i","cat":284427},{"id":267004,"n":"Soda Coca Cola Cherry Canette 6x20cl","p":4.5,"u":"3,75 €/L","img":"https://fd13-photos.leclercdrive.fr/image.ashx?id=2916438&use=l&cat=p&typeid=i","cat":284530},{"id":267005,"n":"Soda Coca-Cola Lemon Bouteille - 1,25L","p":2.22,"u":"1,78 €/L","img":"https://fd13-photos.leclercdrive.fr/image.ashx?id=2916435&use=l&cat=p&typeid=i","cat":284530},{"id":267011,"n":"Farine d'avoine Happy Bio Complète - 500g","p":4.24,"u":"8,48 €/KG","img":"https://fd13-photos.leclercdrive.fr/image.ashx?id=2916042&use=l&cat=p&typeid=i","cat":284503},{"id":267021,"n":"Gourde Charles & Alices Pomme - 12x90g","p":5.09,"u":"4,71 €/KG","img":"https://fd13-photos.leclercdrive.fr/image.ashx?id=2916063&use=l&cat=p&typeid=i","cat":284508},{"id":267023,"n":"Gourde Charles & Alices Pommes poires mirabelle 12X90g","p":5.88,"u":"5,44 €/KG","img":"https://fd13-photos.leclercdrive.fr/image.ashx?id=3004960&use=l&cat=p&typeid=i","cat":284508},{"id":267029,"n":"Gourde Charles & Alice Banane kiwi - 4x90g","p":2.52,"u":"7,00 €/KG","img":"https://fd13-photos.leclercdrive.fr/image.ashx?id=3004951&use=l&cat=p&typeid=i","cat":284508},{"id":267332,"n":"Adoucissant Cajoline Créations Souffle de fraîcheur 1.386L x66","p":5.57,"u":"4,02 €/L","img":"https://fd13-photos.leclercdrive.fr/image.ashx?id=2917109&use=l&cat=p&typeid=i","cat":284650},{"id":267333,"n":"Adoucissant Cajoline Créations Fleur de tiaré & Pivoine 1.386L","p":5.57,"u":"4,02 €/L","img":"https://fd13-photos.leclercdrive.fr/image.ashx?id=2917112&use=l&cat=p&typeid=i","cat":284650},{"id":267335,"n":"Adoucissant Cajoline Créations Lavande & Rose blanche 1.386L","p":5.57,"u":"4,02 €/L","img":"https://fd13-photos.leclercdrive.fr/image.ashx?id=2917115&use=l&cat=p&typeid=i","cat":284650},{"id":267336,"n":"Adoucissant Cajoline Doux & Pur L'original - 1.386L x66","p":5.57,"u":"4,02 €/L","img":"https://fd13-photos.leclercdrive.fr/image.ashx?id=2917118&use=l&cat=p&typeid=i","cat":284650},{"id":267339,"n":"Adoucissant Cajoline Origines Fraîcheur Céleste 1.254L x66","p":6.99,"u":"5,57 €/L","img":"https://fd13-photos.leclercdrive.fr/image.ashx?id=2917121&use=l&cat=p&typeid=i","cat":284650},{"id":267341,"n":"Adoucissant Cajoline Elixir Bouquet estival - 460ml","p":6.99,"u":"15,20 €/L","img":"https://fd13-photos.leclercdrive.fr/image.ashx?id=2940672&use=l&cat=p&typeid=i","cat":284650},{"id":267342,"n":"Adoucissant liquide Cajoline Elixir Brise printanière 460ml","p":6.99,"u":"15,20 €/L","img":"https://fd13-photos.leclercdrive.fr/image.ashx?id=3000896&use=l&cat=p&typeid=i","cat":284650},{"id":267388,"n":"Adoucissant liquide Cajoline Elixir Fraîcheur Céleste 460ml","p":6.99,"u":"15,20 €/L","img":"https://fd13-photos.leclercdrive.fr/image.ashx?id=2918113&use=l&cat=p&typeid=i","cat":284650},{"id":267391,"n":"Adoucissant Cajoline Origines Brise printanière 1.254L x66","p":6.99,"u":"5,57 €/L","img":"https://fd13-photos.leclercdrive.fr/image.ashx?id=2918110&use=l&cat=p&typeid=i","cat":284650},{"id":267399,"n":"Vin de France La vieille ferme Rouge - 75cl","p":5.0,"u":"6,67 €/L","img":"https://fd13-photos.leclercdrive.fr/image.ashx?id=2989195&use=l&cat=p&typeid=i","cat":289556},{"id":267412,"n":"Matin+ Pamplemousse Framboise - 90cl","p":2.4,"u":"2,67 €/L","img":"https://fd13-photos.leclercdrive.fr/image.ashx?id=2917735&use=l&cat=p&typeid=i","cat":284914},{"id":267414,"n":"Couches T2 bébé Extra Care Huggies - x58","p":17.95,"u":"0,31 €/P","img":"https://fd13-photos.leclercdrive.fr/image.ashx?id=2917999&use=l&cat=p&typeid=i","cat":284737},{"id":267419,"n":"Couches T3 bébé little movers Huggies - x56","p":19.75,"u":"0,35 €/P","img":"https://fd13-photos.leclercdrive.fr/image.ashx?id=2917987&use=l&cat=p&typeid=i","cat":284737},{"id":267420,"n":"Couches T4 bébé little movers Huggies - x50","p":19.75,"u":"0,49 €/P","img":"https://fd13-photos.leclercdrive.fr/image.ashx?id=2917990&use=l&cat=p&typeid=i","cat":284737},{"id":267421,"n":"Couches T5 bébé little movers Huggies - x42","p":17.95,"u":"0,43 €/P","img":"https://fd13-photos.leclercdrive.fr/image.ashx?id=2917993&use=l&cat=p&typeid=i","cat":284737},{"id":267424,"n":"Couches T4 bébé little movers Huggies - x44","p":17.95,"u":"0,41 €/P","img":"https://fd13-photos.leclercdrive.fr/image.ashx?id=2918005&use=l&cat=p&typeid=i","cat":284737},{"id":267433,"n":"Matin+ Mandarine, Kaki Passion - 90cl","p":2.4,"u":"2,67 €/L","img":"https://fd13-photos.leclercdrive.fr/image.ashx?id=2917729&use=l&cat=p&typeid=i","cat":284915},{"id":267435,"n":"Matin+ Mandarine, Mangue Banane - 90cl","p":2.4,"u":"2,67 €/L","img":"https://fd13-photos.leclercdrive.fr/image.ashx?id=2917732&use=l&cat=p&typeid=i","cat":284915},{"id":267541,"n":"Skyr Yoplait  Pêche - 450g","p":2.49,"u":"5,53 €/KG","img":"https://fd13-photos.leclercdrive.fr/image.ashx?id=2917795&use=l&cat=p&typeid=i","cat":315000},{"id":267542,"n":"Skyr Yoplait  Fraise - 4x100g","p":2.13,"u":"5,33 €/KG","img":"https://fd13-photos.leclercdrive.fr/image.ashx?id=2917792&use=l&cat=p&typeid=i","cat":315000},{"id":267691,"n":"Shampooing Timotei expert  Anti-pelliculaire - 300ml","p":2.87,"u":"9,57 €/L","img":"https://fd13-photos.leclercdrive.fr/image.ashx?id=2918430&use=l&cat=p&typeid=i","cat":284606},{"id":267976,"n":"Essuie-tout Renova Flexi Absorption - x16","p":11.97,"u":"0,75 €/P","img":"https://fd13-photos.leclercdrive.fr/image.ashx?id=2919003&use=l&cat=p&typeid=i","cat":285193},{"id":268005,"n":"Jambon cru Serrano Aoste  4 tranches - 67g","p":2.6,"u":"38,81 €/KG","img":"https://fd13-photos.leclercdrive.fr/image.ashx?id=2939844&use=l&cat=p&typeid=i","cat":316007},{"id":268010,"n":"Skyr Délisse Vanille 4x100g","p":1.89,"u":"4,73 €/KG","img":"https://fd13-photos.leclercdrive.fr/image.ashx?id=2992606&use=l&cat=p&typeid=i","cat":315000},{"id":268013,"n":"Barres de céréales Eat Natural amande & raisins secs - x3-120g","p":3.81,"u":"31,75 €/KG","img":"https://fd13-photos.leclercdrive.fr/image.ashx?id=2919048&use=l&cat=p&typeid=i","cat":300032},{"id":268029,"n":"Culottes Pampers Baby-dry Pants Taille 7 - x29","p":16.0,"u":"0,55 €/P","img":"https://fd13-photos.leclercdrive.fr/image.ashx?id=2919934&use=l&cat=p&typeid=i","cat":290633},{"id":268030,"n":"Culottes Pampers Premium Protection Pants - Taille 4 x31","p":15.0,"u":"0,48 €/P","img":"https://fd13-photos.leclercdrive.fr/image.ashx?id=2919937&use=l&cat=p&typeid=i","cat":290633},{"id":268039,"n":"Couches Pampers Baby-Dry Taille 5 - x38","p":16.09,"u":"0,42 €/P","img":"https://fd13-photos.leclercdrive.fr/image.ashx?id=2919976&use=l&cat=p&typeid=i","cat":284737},{"id":268042,"n":"Culottes Pampers Baby-Dry Pants Taille 5 - x36","p":15.5,"u":"0,43 €/P","img":"https://fd13-photos.leclercdrive.fr/image.ashx?id=2920006&use=l&cat=p&typeid=i","cat":290633},{"id":268050,"n":"Couches Pampers Baby-Dry Taille 6 - x33","p":15.95,"u":"0,48 €/P","img":"https://fd13-photos.leclercdrive.fr/image.ashx?id=2941994&use=l&cat=p&typeid=i","cat":284737},{"id":268052,"n":"Couches Pampers Baby-Dry Taille 5+ - x35","p":16.85,"u":"0,48 €/P","img":"https://fd13-photos.leclercdrive.fr/image.ashx?id=2942006&use=l&cat=p&typeid=i","cat":284737},{"id":268054,"n":"Couches Pampers Baby-Dry Taille 3 - x50","p":16.09,"u":"0,32 €/P","img":"https://fd13-photos.leclercdrive.fr/image.ashx?id=2919988&use=l&cat=p&typeid=i","cat":284737},{"id":268057,"n":"Couches Pampers Premium Protection Taille 2 - x54","p":16.67,"u":"0,31 €/P","img":"https://fd13-photos.leclercdrive.fr/image.ashx?id=2957392&use=l&cat=p&typeid=i","cat":284737},{"id":268058,"n":"Box XXL Radiatori Côté Snack Poulet crème et Emmental 400g","p":2.99,"u":"7,48 €/KG","img":"https://fd13-photos.leclercdrive.fr/image.ashx?id=2918520&use=l&cat=p&typeid=i","cat":334983},{"id":268072,"n":"Tofu Végé 250g","p":1.99,"u":"7,96 €/KG","img":"https://fd13-photos.leclercdrive.fr/image.ashx?id=2918535&use=l&cat=p&typeid=i","cat":316036},{"id":268075,"n":"Compotes Coeur de fruits Andros Pêche pomme 4x97g","p":2.77,"u":"7,14 €/KG","img":"https://fd13-photos.leclercdrive.fr/image.ashx?id=2919847&use=l&cat=p&typeid=i","cat":284416},{"id":268076,"n":"Compotes Coeur de fruits Andros Pomme ananas passion 4x100g","p":2.05,"u":"5,13 €/KG","img":"https://fd13-photos.leclercdrive.fr/image.ashx?id=2919856&use=l&cat=p&typeid=i","cat":284416},{"id":268077,"n":"Fromage Mini Babybel  Protéines x5 - 110g","p":2.38,"u":"21,64 €/KG","img":"https://fd13-photos.leclercdrive.fr/image.ashx?id=2923567&use=l&cat=p&typeid=i","cat":314030},{"id":268078,"n":"Crème glacée Häagen-Dazs Strawberries & cream 400g","p":5.58,"u":"13,95 €/KG","img":"https://fd13-photos.leclercdrive.fr/image.ashx?id=2919811&use=l&cat=p&typeid=i","cat":284725},{"id":268174,"n":"Culottes Pampers Night Pants Taille 6 - x30","p":15.0,"u":"0,50 €/P","img":"https://fd13-photos.leclercdrive.fr/image.ashx?id=2919952&use=l&cat=p&typeid=i","cat":290633},{"id":268175,"n":"Culottes Pampers Night Pants Taille 5 - x35","p":16.0,"u":"0,46 €/P","img":"https://fd13-photos.leclercdrive.fr/image.ashx?id=2919955&use=l&cat=p&typeid=i","cat":290633},{"id":268179,"n":"Culottes Pampers Premium Protection Pants - Taille 5 x29","p":15.0,"u":"0,52 €/P","img":"https://fd13-photos.leclercdrive.fr/image.ashx?id=3009245&use=l&cat=p&typeid=i","cat":290633},{"id":268180,"n":"Culottes Pampers Premium Protection Pants - Taille 6 x27","p":15.0,"u":"0,56 €/P","img":"https://fd13-photos.leclercdrive.fr/image.ashx?id=3009248&use=l&cat=p&typeid=i","cat":290633},{"id":268182,"n":"Couches Pampers Baby-Dry Géant - Taille 8 - x28","p":16.42,"u":"0,59 €/P","img":"https://fd13-photos.leclercdrive.fr/image.ashx?id=2941979&use=l&cat=p&typeid=i","cat":284737},{"id":268184,"n":"Couches Pampers Baby-Dry Taille 7 - x31","p":16.48,"u":"0,53 €/P","img":"https://fd13-photos.leclercdrive.fr/image.ashx?id=2941982&use=l&cat=p&typeid=i","cat":284737},{"id":268186,"n":"Couches Pmapers Premium Protection - Taille 4 x38","p":16.09,"u":"0,42 €/P","img":"https://fd13-photos.leclercdrive.fr/image.ashx?id=2919994&use=l&cat=p&typeid=i","cat":284737},{"id":268189,"n":"Couches Pampers Premium Protection Taille 3 x46","p":16.09,"u":"0,35 €/P","img":"https://fd13-photos.leclercdrive.fr/image.ashx?id=2991009&use=l&cat=p&typeid=i","cat":284737},{"id":268190,"n":"Couches Pampers Premium Protection Taille 5 x33","p":16.07,"u":"0,49 €/P","img":"https://fd13-photos.leclercdrive.fr/image.ashx?id=2991012&use=l&cat=p&typeid=i","cat":284737},{"id":268191,"n":"Culottes Pampers Baby-Dry Pants Taille 6 - x31","p":15.46,"u":"0,50 €/P","img":"https://fd13-photos.leclercdrive.fr/image.ashx?id=2920009&use=l&cat=p&typeid=i","cat":290633},{"id":268192,"n":"Culottes Pampers Baby-Dry Pants Taille 4 - x41","p":15.9,"u":"0,39 €/P","img":"https://fd13-photos.leclercdrive.fr/image.ashx?id=2920012&use=l&cat=p&typeid=i","cat":290633},{"id":268231,"n":"Penne Rigate Barilla  Protein + - 400g","p":2.18,"u":"5,45 €/KG","img":"https://fd13-photos.leclercdrive.fr/image.ashx?id=2919928&use=l&cat=p&typeid=i","cat":284427},{"id":268234,"n":"Spaghetti Barilla  Protein + - 400g","p":2.3,"u":"5,75 €/KG","img":"https://fd13-photos.leclercdrive.fr/image.ashx?id=2919931&use=l&cat=p&typeid=i","cat":284427},{"id":268236,"n":"Fusilli Barilla  Protein + - 400g","p":2.3,"u":"5,75 €/KG","img":"https://fd13-photos.leclercdrive.fr/image.ashx?id=2919925&use=l&cat=p&typeid=i","cat":284427},{"id":268465,"n":"Pepsi pack de 6 canettes  6x33cl","p":3.08,"u":"1,56 €/L","img":"https://fd13-photos.leclercdrive.fr/image.ashx?id=2921540&use=l&cat=p&typeid=i","cat":284530},{"id":268749,"n":"Yaourt lait de chèvre Soignon Aux 3 graines - 4x110g","p":2.79,"u":"6,34 €/KG","img":"https://fd13-photos.leclercdrive.fr/image.ashx?id=2921334&use=l&cat=p&typeid=i","cat":284409},{"id":268774,"n":"Dentifrice Oral B Pro Expert 75ml","p":3.03,"u":"40,40 €/L","img":"https://fd13-photos.leclercdrive.fr/image.ashx?id=2920960&use=l&cat=p&typeid=i","cat":284612},{"id":268855,"n":"Tartinable Ile Bleue St Jacques saumon carott 3x100g","p":7.25,"u":"24,17 €/KG","img":"https://fd13-photos.leclercdrive.fr/image.ashx?id=2962875&use=l&cat=p&typeid=i","cat":284451},{"id":268856,"n":"Tartinable St Jacques Ile Bleue Saumon artichaut  3x100g","p":7.25,"u":"24,17 €/KG","img":"https://fd13-photos.leclercdrive.fr/image.ashx?id=2962878&use=l&cat=p&typeid=i","cat":284451},{"id":269137,"n":"Roquefort AOP Société douceur 100g","p":2.5,"u":"25,00 €/KG","img":"https://fd13-photos.leclercdrive.fr/image.ashx?id=2922539&use=l&cat=p&typeid=i","cat":314032},{"id":269146,"n":"Bâtonnet Côte d'Or vanille Chocolat noir Amandes x4 260g","p":5.9,"u":"22,69 €/KG","img":"https://fd13-photos.leclercdrive.fr/image.ashx?id=2923864&use=l&cat=p&typeid=i","cat":284265},{"id":269147,"n":"Bâtonnet Côte d'Or vanille Sauce caramel x4 - 276g","p":6.09,"u":"22,07 €/KG","img":"https://fd13-photos.leclercdrive.fr/image.ashx?id=2923867&use=l&cat=p&typeid=i","cat":284265},{"id":269150,"n":"Capsules de Café KitKat Dolce Gusto x16","p":5.36,"u":"0,34 €/P","img":"https://fd13-photos.leclercdrive.fr/image.ashx?id=2924893&use=l&cat=p&typeid=i","cat":293239},{"id":269161,"n":"Lessive liquide Persil  Bouquet de Provence - 1,806L","p":7.69,"u":"4,26 €/L","img":"https://fd13-photos.leclercdrive.fr/image.ashx?id=2924977&use=l&cat=p&typeid=i","cat":284640},{"id":269197,"n":"Lessive liquide Persil  Douceur d'amande - 1.806","p":8.19,"u":"4,53 €/L","img":"https://fd13-photos.leclercdrive.fr/image.ashx?id=2944491&use=l&cat=p&typeid=i","cat":284640},{"id":269266,"n":"Stilos bille BIC Cristal Noir  X5","p":1.05,"u":"0,21 €/P","img":"https://fd13-photos.leclercdrive.fr/image.ashx?id=2972928&use=l&cat=p&typeid=i","cat":284696},{"id":269270,"n":"Stylos bille BIC Cristal Bleus x5","p":1.49,"u":"0,30 €/P","img":"https://fd13-photos.leclercdrive.fr/image.ashx?id=2972925&use=l&cat=p&typeid=i","cat":284696},{"id":269271,"n":"Stylos bille BIC Cristal  Assortiment X5","p":1.49,"u":"0,30 €/P","img":"https://fd13-photos.leclercdrive.fr/image.ashx?id=2923624&use=l&cat=p&typeid=i","cat":284696},{"id":269335,"n":"Déodorant Adidas Pure game - 150ml","p":3.25,"u":"21,67 €/L","img":"https://fd13-photos.leclercdrive.fr/image.ashx?id=2924290&use=l&cat=p&typeid=i","cat":284618},{"id":269337,"n":"Spray repulsif Primoplast Moustiques - 100ml","p":4.5,"u":"45,00 €/L","img":"https://fd13-photos.leclercdrive.fr/image.ashx?id=2989712&use=l&cat=p&typeid=i","cat":299654},{"id":269342,"n":"Cocktail Venezzio Spritz Lemon sans alcool - 4x20cl","p":3.95,"u":"4,94 €/L","img":"https://fd13-photos.leclercdrive.fr/image.ashx?id=2923429&use=l&cat=p&typeid=i","cat":284549},{"id":269350,"n":"Fingers vegétaux Better Balance 160g","p":3.88,"u":"24,25 €/KG","img":"https://fd13-photos.leclercdrive.fr/image.ashx?id=2924866&use=l&cat=p&typeid=i","cat":316036},{"id":269386,"n":"Lessive Liquide Persil Peaux Sensibles 43 lavages","p":8.49,"u":"4,70 €/L","img":"https://fd13-photos.leclercdrive.fr/image.ashx?id=2945838&use=l&cat=p&typeid=i","cat":284640},{"id":269504,"n":"Fromage Leerdammer Croque Gourmand 8 tranches - 200g","p":1.95,"u":"9,75 €/KG","img":"https://fd13-photos.leclercdrive.fr/image.ashx?id=3004858&use=l&cat=p&typeid=i","cat":314028},{"id":269553,"n":"Rouge à lèvres Maybelline Superstay Vynil Ink N°20","p":12.95,"img":"https://fd13-photos.leclercdrive.fr/image.ashx?id=2925301&use=l&cat=p&typeid=i","cat":287029},{"id":269562,"n":"Skyr à boire Siggi's Framboise 250g","p":1.69,"u":"6,76 €/KG","img":"https://fd13-photos.leclercdrive.fr/image.ashx?id=2927282&use=l&cat=p&typeid=i","cat":315000},{"id":269564,"n":"Rouge à lèvres Maybelline Superstay Vynil Ink N°15","p":12.95,"img":"https://fd13-photos.leclercdrive.fr/image.ashx?id=2925304&use=l&cat=p&typeid=i","cat":287029},{"id":269565,"n":"Skyr à boire Siggi's Vanille 250g","p":1.69,"u":"6,76 €/KG","img":"https://fd13-photos.leclercdrive.fr/image.ashx?id=2927285&use=l&cat=p&typeid=i","cat":315000},{"id":269568,"n":"Skyr à boire Siggi's Mangue passion 250g","p":1.69,"u":"6,76 €/KG","img":"https://fd13-photos.leclercdrive.fr/image.ashx?id=2927288&use=l&cat=p&typeid=i","cat":315000},{"id":269572,"n":"Mascara Maybelline Sky high Blue mist 7.2ml","p":9.45,"pp":6.24,"u":"891,43 €/L","img":"https://fd13-photos.leclercdrive.fr/image.ashx?id=2925307&use=l&cat=p&typeid=i","cat":287029},{"id":269573,"n":"Bulots cuits  L'Atelier Poissonnerie 500g","p":3.69,"u":"7,38 €/KG","img":"https://fd13-photos.leclercdrive.fr/image.ashx?id=2927537&use=l&cat=p&typeid=i","cat":284343},{"id":269578,"n":"Poudre bronzante L'Oréal  Terra 01 - x1","p":15.16,"img":"https://fd13-photos.leclercdrive.fr/image.ashx?id=2925430&use=l&cat=p&typeid=i","cat":287029},{"id":269603,"n":"Encre à lèvres Maybelline Super Stay Mate","p":12.99,"img":"https://fd13-photos.leclercdrive.fr/image.ashx?id=2925454&use=l&cat=p&typeid=i","cat":287029},{"id":269800,"n":"Rouge à lèvres Encre Maybelline Super Stay Mate -","p":12.99,"img":"https://fd13-photos.leclercdrive.fr/image.ashx?id=2925457&use=l&cat=p&typeid=i","cat":287029},{"id":269801,"n":"Correcteur Effaceur Maybelline Multi-usage Teinte sable 22","p":12.35,"img":"https://fd13-photos.leclercdrive.fr/image.ashx?id=2925460&use=l&cat=p&typeid=i","cat":287029},{"id":269803,"n":"Perfecteur de teint Maybelline  4 en 1 Léger 01","p":12.17,"img":"https://fd13-photos.leclercdrive.fr/image.ashx?id=2925469&use=l&cat=p&typeid=i","cat":287029},{"id":269912,"n":"P'tit gourmand Nestlé  Vanille - 4x100g","p":1.6,"u":"4,00 €/KG","img":"https://fd13-photos.leclercdrive.fr/image.ashx?id=2946278&use=l&cat=p&typeid=i","cat":312392},{"id":270135,"n":"Déodorant Dove Tout le corps Crème Lavande 72H- 75ml","p":5.49,"u":"73,20 €/L","img":"https://fd13-photos.leclercdrive.fr/image.ashx?id=2927738&use=l&cat=p&typeid=i","cat":284595},{"id":270164,"n":"Sauce pesto Barilla Basilic mozzarella - 190g","p":2.5,"u":"13,16 €/KG","img":"https://fd13-photos.leclercdrive.fr/image.ashx?id=2927699&use=l&cat=p&typeid=i","cat":287599},{"id":270165,"n":"Sauce tomate Barilla Mijoté avec du porc - 300g","p":2.49,"u":"8,30 €/KG","img":"https://fd13-photos.leclercdrive.fr/image.ashx?id=2927696&use=l&cat=p&typeid=i","cat":287599},{"id":270169,"n":"Sauce bolognaise Barilla 300g","p":2.29,"u":"7,63 €/KG","img":"https://fd13-photos.leclercdrive.fr/image.ashx?id=2927693&use=l&cat=p&typeid=i","cat":299047},{"id":270171,"n":"Sauce tomate Barilla à la pancetta - 300g","p":2.49,"u":"8,30 €/KG","img":"https://fd13-photos.leclercdrive.fr/image.ashx?id=2927690&use=l&cat=p&typeid=i","cat":299047},{"id":270173,"n":"Bâtonnets Nuii Pistache d'Anatolie crème x4 284g","p":6.06,"u":"21,34 €/KG","img":"https://fd13-photos.leclercdrive.fr/image.ashx?id=2927630&use=l&cat=p&typeid=i","cat":284265},{"id":270174,"n":"Barre de céréales Golden Graham 8x25g","p":2.93,"u":"14,65 €/KG","img":"https://fd13-photos.leclercdrive.fr/image.ashx?id=2927627&use=l&cat=p&typeid=i","cat":300032},{"id":270176,"n":"Sauce à l'echalote Rustica 300g","p":1.69,"u":"5,63 €/KG","img":"https://fd13-photos.leclercdrive.fr/image.ashx?id=2955089&use=l&cat=p&typeid=i","cat":288381},{"id":270212,"n":"Bâtonnets Nuii chocolat noir Noix du Brésil x4 276g","p":4.82,"u":"17,46 €/KG","img":"https://fd13-photos.leclercdrive.fr/image.ashx?id=3000396&use=l&cat=p&typeid=i","cat":284265},{"id":270452,"n":"Les feuiles de lessive Briochin - Au savon noir x20","p":5.19,"u":"0,26 €/P","img":"https://fd13-photos.leclercdrive.fr/image.ashx?id=3001368&use=l&cat=p&typeid=i","cat":284644},{"id":270473,"n":"Dessert lacté Nestlé Biscuit dès 6mois - 4x100g","p":1.6,"u":"4,00 €/KG","img":"https://fd13-photos.leclercdrive.fr/image.ashx?id=2934914&use=l&cat=p&typeid=i","cat":312392},{"id":270768,"n":"Eau aromatisée Vittel Aro Pêche abricot - 1L","p":1.38,"u":"1,38 €/L","img":"https://fd13-photos.leclercdrive.fr/image.ashx?id=2940627&use=l&cat=p&typeid=i","cat":284537},{"id":270778,"n":"Ferments lactiques vahiné Pour yaourt maison","p":3.31,"u":"165,50 €/KG","img":"https://fd13-photos.leclercdrive.fr/image.ashx?id=2930066&use=l&cat=p&typeid=i","cat":284505},{"id":270988,"n":"Capsules café L'Or Espresso Brésil N°8 x30","p":10.34,"u":"66,28 €/KG","img":"https://fd13-photos.leclercdrive.fr/image.ashx?id=2938295&use=l&cat=p&typeid=i","cat":284749},{"id":271011,"n":"Huile tournesol et olive Cauvin Vierge Extra - 75cl","p":4.93,"u":"6,57 €/L","img":"https://fd13-photos.leclercdrive.fr/image.ashx?id=2937070&use=l&cat=p&typeid=i","cat":284453},{"id":271014,"n":"Plume cake Balconi Classico yaourt 192g","p":1.99,"u":"10,36 €/KG","img":"https://fd13-photos.leclercdrive.fr/image.ashx?id=2938151&use=l&cat=p&typeid=i","cat":284495},{"id":271015,"n":"Plume cake Balconi Fourrage cacao 228g","p":1.99,"u":"10,47 €/KG","img":"https://fd13-photos.leclercdrive.fr/image.ashx?id=2938148&use=l&cat=p&typeid=i","cat":284495},{"id":271068,"n":"Tablette Lindt Création Chocolat au lait entremets 150g","p":4.59,"u":"30,60 €/KG","img":"https://fd13-photos.leclercdrive.fr/image.ashx?id=2935798&use=l&cat=p&typeid=i","cat":284497},{"id":271070,"n":"Tablette de chocolat Lindt Lait amande - 200g","p":5.4,"u":"27,00 €/KG","img":"https://fd13-photos.leclercdrive.fr/image.ashx?id=2935801&use=l&cat=p&typeid=i","cat":284497},{"id":271154,"n":"Effilochés de porc français Bordeau Chesnel - 200g","p":3.33,"u":"16,65 €/KG","img":"https://fd13-photos.leclercdrive.fr/image.ashx?id=2935696&use=l&cat=p&typeid=i","cat":316008},{"id":271239,"n":"Chocolat Rocher Poulain Lait - 7x32g","p":3.63,"u":"16,21 €/KG","img":"https://fd13-photos.leclercdrive.fr/image.ashx?id=2937409&use=l&cat=p&typeid=i","cat":284499},{"id":271265,"n":"Maxi friandises Catisfactions  Fromage - 180g","p":3.15,"u":"17,50 €/KG","img":"https://fd13-photos.leclercdrive.fr/image.ashx?id=2937748&use=l&cat=p&typeid=i","cat":285285},{"id":271275,"n":"Croquette Edgard & Cooper  Naturelle et sans céréales 750g","p":9.99,"u":"13,32 €/KG","img":"https://fd13-photos.leclercdrive.fr/image.ashx?id=2967947&use=l&cat=p&typeid=i","cat":284680},{"id":271277,"n":"Preparation crème glacée Vanille bourbon - 200g","p":2.47,"u":"12,35 €/KG","img":"https://fd13-photos.leclercdrive.fr/image.ashx?id=2936332&use=l&cat=p&typeid=i","cat":284505},{"id":271284,"n":"Préparation creme glacée Vahiné Chocolat noir - 210g","p":2.47,"u":"11,76 €/KG","img":"https://fd13-photos.leclercdrive.fr/image.ashx?id=2936335&use=l&cat=p&typeid=i","cat":284505},{"id":271285,"n":"Pepites de chocolat Vahiné  Brownies - 310g","p":3.37,"u":"10,87 €/KG","img":"https://fd13-photos.leclercdrive.fr/image.ashx?id=2936320&use=l&cat=p&typeid=i","cat":284505},{"id":271442,"n":"Pates mafaldelle Panzani 500g","p":1.32,"u":"2,64 €/KG","img":"https://fd13-photos.leclercdrive.fr/image.ashx?id=2935747&use=l&cat=p&typeid=i","cat":284427},{"id":271466,"n":"Préparation Vahiné Cookies muffins cake - 300g","p":2.59,"u":"8,63 €/KG","img":"https://fd13-photos.leclercdrive.fr/image.ashx?id=2936326&use=l&cat=p&typeid=i","cat":284505},{"id":271479,"n":"Delices gourmands Sheba 300g","p":3.01,"u":"10,03 €/KG","img":"https://fd13-photos.leclercdrive.fr/image.ashx?id=2937772&use=l&cat=p&typeid=i","cat":285601},{"id":271510,"n":"Sauce poivre Rustica 300g","p":1.16,"u":"3,87 €/KG","img":"https://fd13-photos.leclercdrive.fr/image.ashx?id=2955059&use=l&cat=p&typeid=i","cat":318431},{"id":271535,"n":"Tendre effilés Felix Junior - 12x85g","p":5.29,"u":"5,19 €/KG","img":"https://fd13-photos.leclercdrive.fr/image.ashx?id=2957671&use=l&cat=p&typeid=i","cat":285286},{"id":271542,"n":"Bouchées gourmet Purina Gelée de poulet -  228g","p":2.95,"u":"12,94 €/KG","img":"https://fd13-photos.leclercdrive.fr/image.ashx?id=2959677&use=l&cat=p&typeid=i","cat":285286},{"id":271543,"n":"Bouchées en gelée Purina Gourmet Révélations saumon 228g","p":2.95,"u":"12,94 €/KG","img":"https://fd13-photos.leclercdrive.fr/image.ashx?id=2938280&use=l&cat=p&typeid=i","cat":285286},{"id":271545,"n":"Les filettines Gourmet Purina Poulet en sauce - 2,4kg","p":11.19,"img":"https://fd13-photos.leclercdrive.fr/image.ashx?id=2964159&use=l&cat=p&typeid=i","cat":285286},{"id":271837,"n":"Manchons de canard Monfort Confit - 1.35kg","p":10.5,"u":"7,78 €/KG","img":"https://fd13-photos.leclercdrive.fr/image.ashx?id=2939286&use=l&cat=p&typeid=i","cat":284440},{"id":271840,"n":"Boisson orange  Pago Sans pulpe - 75cl","p":2.35,"u":"3,13 €/L","img":"https://fd13-photos.leclercdrive.fr/image.ashx?id=2940738&use=l&cat=p&typeid=i","cat":284521},{"id":271851,"n":"Dessert végétal Sojasun Mangue passion - 4x100g","p":1.82,"u":"4,55 €/KG","img":"https://fd13-photos.leclercdrive.fr/image.ashx?id=2932714&use=l&cat=p&typeid=i","cat":316071},{"id":271852,"n":"Cônes artisanaux L'Angélys Sorbet noix de coco x4 - 300g","p":5.8,"u":"19,33 €/KG","img":"https://fd13-photos.leclercdrive.fr/image.ashx?id=2940141&use=l&cat=p&typeid=i","cat":284264},{"id":271859,"n":"Cônes artisanaux L'Angélys Sorbet citron x4 - 300g","p":5.8,"u":"19,33 €/KG","img":"https://fd13-photos.leclercdrive.fr/image.ashx?id=2940138&use=l&cat=p&typeid=i","cat":284264},{"id":271881,"n":"Crème dessert Vahiné à la  vanille de Bourbon - 300g","p":2.13,"u":"7,10 €/KG","img":"https://fd13-photos.leclercdrive.fr/image.ashx?id=2936338&use=l&cat=p&typeid=i","cat":284505},{"id":271967,"n":"Déodorant spray Adidas After sport 150ml","p":3.25,"u":"21,67 €/L","img":"https://fd13-photos.leclercdrive.fr/image.ashx?id=2937367&use=l&cat=p&typeid=i","cat":284618},{"id":271971,"n":"Déodorant bille Sanex Natur  Protect Aloe vera 50ml","p":4.25,"u":"85,00 €/L","img":"https://fd13-photos.leclercdrive.fr/image.ashx?id=2938310&use=l&cat=p&typeid=i","cat":284595},{"id":271978,"n":"Dentifrice Blancheur Signal White Now 3en1 blancheur 75ml","p":4.71,"u":"62,80 €/L","img":"https://fd13-photos.leclercdrive.fr/image.ashx?id=2985684&use=l&cat=p&typeid=i","cat":284612},{"id":271995,"n":"Dentifrice Sensodyne  Sensibilité & gencives 75ml","p":5.09,"u":"67,87 €/L","img":"https://fd13-photos.leclercdrive.fr/image.ashx?id=2937799&use=l&cat=p&typeid=i","cat":284612},{"id":271998,"n":"Dentifrice Sensodyne Multi-protection 75ml","p":4.91,"u":"65,47 €/L","img":"https://fd13-photos.leclercdrive.fr/image.ashx?id=2937802&use=l&cat=p&typeid=i","cat":284612},{"id":272118,"n":"Riz basmati Taureau Ailé Doypack citron 220g","p":1.79,"u":"8,14 €/KG","img":"https://fd13-photos.leclercdrive.fr/image.ashx?id=2948237&use=l&cat=p&typeid=i","cat":287600},{"id":272145,"n":"Latté Kitkat Nescafé  273g","p":5.83,"u":"21,36 €/KG","img":"https://fd13-photos.leclercdrive.fr/image.ashx?id=2952178&use=l&cat=p&typeid=i","cat":284843},{"id":272146,"n":"Sauce Bechamel Rustica 500g","p":1.65,"u":"3,30 €/KG","img":"https://fd13-photos.leclercdrive.fr/image.ashx?id=2958765&use=l&cat=p&typeid=i","cat":318430},{"id":272349,"n":"Sérum visage Nivea Anti-age  30ml","p":29.53,"u":"984,33 €/L","img":"https://fd13-photos.leclercdrive.fr/image.ashx?id=2991304&use=l&cat=p&typeid=i","cat":325345},{"id":272844,"n":"Boisson hydratation Prime Lemonade - 500ml","p":1.89,"u":"3,78 €/L","img":"https://fd13-photos.leclercdrive.fr/image.ashx?id=2964000&use=l&cat=p&typeid=i","cat":284533},{"id":272921,"n":"Sauce Deluxe Amora - 420g","p":2.66,"u":"6,33 €/KG","img":"https://fd13-photos.leclercdrive.fr/image.ashx?id=3004456&use=l&cat=p&typeid=i","cat":318431},{"id":272977,"n":"Surligneurs Stabilo Boss original x7","p":5.88,"img":"https://fd13-photos.leclercdrive.fr/image.ashx?id=2938800&use=l&cat=p&typeid=i","cat":284696},{"id":273074,"n":"Gant uni Bio Tissaïa Perle - 15x21cm - x2","p":1.28,"img":"https://fd13-photos.leclercdrive.fr/image.ashx?id=2938605&use=l&cat=p&typeid=i","cat":286694},{"id":273076,"n":"Gant uni Bio Tissaïa Gris - 15x21cm - x2","p":1.28,"img":"https://fd13-photos.leclercdrive.fr/image.ashx?id=2938611&use=l&cat=p&typeid=i","cat":286694},{"id":273108,"n":"Capsules café L'Or Espresso Brésil N°8 x10","p":3.47,"u":"66,73 €/KG","img":"https://fd13-photos.leclercdrive.fr/image.ashx?id=2942825&use=l&cat=p&typeid=i","cat":284749},{"id":273426,"n":"Boisson énergisante Crazy Tiger 35cl","p":1.0,"u":"2,86 €/L","img":"https://fd13-photos.leclercdrive.fr/image.ashx?id=2955032&use=l&cat=p&typeid=i","cat":284533},{"id":273443,"n":"Dentifrice Colgate Total  Prevention 24h active 150ml","p":4.38,"u":"29,20 €/L","img":"https://fd13-photos.leclercdrive.fr/image.ashx?id=2952181&use=l&cat=p&typeid=i","cat":284612},{"id":273541,"n":"Boisson pétillante Quezac Citron - 1.15L","p":0.75,"u":"0,65 €/L","img":"https://fd13-photos.leclercdrive.fr/image.ashx?id=2963460&use=l&cat=p&typeid=i","cat":284536},{"id":273672,"n":"Minis saucissons Croc'sec Noisette Cochonou - 130g","p":3.76,"u":"28,92 €/KG","img":"https://fd13-photos.leclercdrive.fr/image.ashx?id=2948947&use=l&cat=p&typeid=i","cat":316006},{"id":273673,"n":"Minis saucissons Croc'sec nature Cochonou - 150g","p":3.58,"u":"23,87 €/KG","img":"https://fd13-photos.leclercdrive.fr/image.ashx?id=2942927&use=l&cat=p&typeid=i","cat":316006},{"id":273858,"n":"Pâtes Perles de Semoule Ferrero 450g","p":1.75,"u":"3,89 €/KG","img":"https://fd13-photos.leclercdrive.fr/image.ashx?id=2943852&use=l&cat=p&typeid=i","cat":284427},{"id":274343,"n":"Café dosettes Tassimo Milka x10","p":5.28,"u":"33,00 €/KG","img":"https://fd13-photos.leclercdrive.fr/image.ashx?id=2944461&use=l&cat=p&typeid=i","cat":293240},{"id":274347,"n":"Sauté de veau William Saurin Legumes - 280g","p":3.26,"u":"11,64 €/KG","img":"https://fd13-photos.leclercdrive.fr/image.ashx?id=2943984&use=l&cat=p&typeid=i","cat":284953},{"id":274421,"n":"Compotes Pom'Potes Pomme  Poire Banane - x4 - 360g","p":2.08,"u":"5,78 €/KG","img":"https://fd13-photos.leclercdrive.fr/image.ashx?id=2949826&use=l&cat=p&typeid=i","cat":284508},{"id":274422,"n":"Compotes Pom'Potes Pomme  Fraise Cerise - x4 - 360g","p":2.08,"u":"5,78 €/KG","img":"https://fd13-photos.leclercdrive.fr/image.ashx?id=3010921&use=l&cat=p&typeid=i","cat":284508},{"id":274424,"n":"Compotes Pom-Potes Pomme Pêche  Poire Framboise - x12 - 1.08kg","p":5.29,"u":"4,90 €/KG","img":"https://fd13-photos.leclercdrive.fr/image.ashx?id=3010966&use=l&cat=p&typeid=i","cat":284508},{"id":274428,"n":"Compotes Pom'Potes Pomme Ananas Orange/Citron - x12 - 1.08kg","p":5.16,"u":"4,78 €/KG","img":"https://fd13-photos.leclercdrive.fr/image.ashx?id=3010963&use=l&cat=p&typeid=i","cat":284508},{"id":274505,"n":"Yaourt à la Grecque Danone Vanille -4x110g","p":2.45,"u":"5,57 €/KG","img":"https://fd13-photos.leclercdrive.fr/image.ashx?id=2992738&use=l&cat=p&typeid=i","cat":314999},{"id":274506,"n":"Yaourt à la Grecque Danone Nature  - 4x110g","p":1.86,"u":"4,23 €/KG","img":"https://fd13-photos.leclercdrive.fr/image.ashx?id=2992732&use=l&cat=p&typeid=i","cat":314999},{"id":274509,"n":"Yaourt à la Grecque Danone Fraise - 4x110g","p":2.48,"u":"5,64 €/KG","img":"https://fd13-photos.leclercdrive.fr/image.ashx?id=2992729&use=l&cat=p&typeid=i","cat":314999},{"id":274541,"n":"Yaourt à la Grecque Danone Stracciatella - 4x110g","p":2.45,"u":"5,57 €/KG","img":"https://fd13-photos.leclercdrive.fr/image.ashx?id=2992735&use=l&cat=p&typeid=i","cat":314999},{"id":274554,"n":"Yaourt à la Grecque Danone Citron - 4x110g","p":2.08,"u":"4,73 €/KG","img":"https://fd13-photos.leclercdrive.fr/image.ashx?id=2992744&use=l&cat=p&typeid=i","cat":314999},{"id":274559,"n":"Yaourt à la Grecque Danone Coco - 4x110g","p":2.49,"u":"5,66 €/KG","img":"https://fd13-photos.leclercdrive.fr/image.ashx?id=3010990&use=l&cat=p&typeid=i","cat":314999},{"id":274571,"n":"Skyr protéiné Danone nature 0% MG - 825g","p":4.75,"u":"5,76 €/KG","img":"https://fd13-photos.leclercdrive.fr/image.ashx?id=2951028&use=l&cat=p&typeid=i","cat":315000},{"id":274593,"n":"Danone Skyr nature  x4 - 400g","p":2.1,"u":"5,25 €/KG","img":"https://fd13-photos.leclercdrive.fr/image.ashx?id=2960654&use=l&cat=p&typeid=i","cat":315000},{"id":274596,"n":"Danone Skyr nature  x8 - 800g","p":3.19,"u":"3,99 €/KG","img":"https://fd13-photos.leclercdrive.fr/image.ashx?id=2960657&use=l&cat=p&typeid=i","cat":315000},{"id":274977,"n":"Lingettes Carolin Multi-usages  x80","p":3.25,"u":"0,04 €/P","img":"https://fd13-photos.leclercdrive.fr/image.ashx?id=2946562&use=l&cat=p&typeid=i","cat":325358},{"id":275029,"n":"Lames de rasoir Wilkinson Double edge blades x10","p":4.2,"img":"https://fd13-photos.leclercdrive.fr/image.ashx?id=2946724&use=l&cat=p&typeid=i","cat":284616},{"id":275040,"n":"Dentastix Light Pedigree  Grand chien - x7 - 152g","p":2.39,"u":"15,72 €/KG","img":"https://fd13-photos.leclercdrive.fr/image.ashx?id=2946625&use=l&cat=p&typeid=i","cat":294527},{"id":275041,"n":"Dentastix Light Pedigree  Moyen chien - x7 - 98g","p":1.7,"u":"17,35 €/KG","img":"https://fd13-photos.leclercdrive.fr/image.ashx?id=2946628&use=l&cat=p&typeid=i","cat":294527},{"id":275046,"n":"Dentastix Light Pedigree Petit chien - x7 - 58g","p":1.29,"u":"22,24 €/KG","img":"https://fd13-photos.leclercdrive.fr/image.ashx?id=2946631&use=l&cat=p&typeid=i","cat":294527},{"id":275207,"n":"Lait-sérum Nivea Corps raffermissant Q10 200ml","p":13.23,"u":"66,15 €/L","img":"https://fd13-photos.leclercdrive.fr/image.ashx?id=2947156&use=l&cat=p&typeid=i","cat":325349},{"id":275209,"n":"Sérum visage Nivea Luminous 360 Skin Glow Eclat immédiat - 30ml","p":20.47,"u":"682,33 €/L","img":"https://fd13-photos.leclercdrive.fr/image.ashx?id=2977660&use=l&cat=p&typeid=i","cat":325345},{"id":275216,"n":"Crème hydratante Nivea Fraîcheur - 200ml","p":7.78,"u":"38,90 €/L","img":"https://fd13-photos.leclercdrive.fr/image.ashx?id=2947159&use=l&cat=p&typeid=i","cat":325350},{"id":275224,"n":"Barre de céréales Lion 8x25g","p":2.95,"u":"14,75 €/KG","img":"https://fd13-photos.leclercdrive.fr/image.ashx?id=2947195&use=l&cat=p&typeid=i","cat":285869},{"id":275225,"n":"Barre de céréales Chocapic 8x25g","p":2.94,"u":"14,70 €/KG","img":"https://fd13-photos.leclercdrive.fr/image.ashx?id=2947198&use=l&cat=p&typeid=i","cat":285869},{"id":275236,"n":"Lingettes Carolin  Anti-bactériennes  - x80","p":3.34,"u":"0,04 €/P","img":"https://fd13-photos.leclercdrive.fr/image.ashx?id=2946964&use=l&cat=p&typeid=i","cat":325358},{"id":275238,"n":"Lingettes Carolin  Anti-bactériennes - x80","p":2.75,"u":"0,03 €/P","img":"https://fd13-photos.leclercdrive.fr/image.ashx?id=2946967&use=l&cat=p&typeid=i","cat":325358},{"id":275240,"n":"Lingettes Carolin Citron Ultra dégraissant - x80","p":2.75,"u":"0,03 €/P","img":"https://fd13-photos.leclercdrive.fr/image.ashx?id=2946976&use=l&cat=p&typeid=i","cat":325358},{"id":275244,"n":"Dentifrice Sensodyne  Sensibilité et gencives -75ml","p":5.09,"u":"67,87 €/L","img":"https://fd13-photos.leclercdrive.fr/image.ashx?id=2947180&use=l&cat=p&typeid=i","cat":284612},{"id":275245,"n":"Dentifrice Sensodyne Blancheur - 75ml","p":5.09,"u":"67,87 €/L","img":"https://fd13-photos.leclercdrive.fr/image.ashx?id=2947183&use=l&cat=p&typeid=i","cat":284612},{"id":275258,"n":"Déodorant bille Adidas Invisible control - 50ml","p":2.95,"u":"59,00 €/L","img":"https://fd13-photos.leclercdrive.fr/image.ashx?id=2948165&use=l&cat=p&typeid=i","cat":284595},{"id":275260,"n":"Déodorant spray Sanex Aloe vera Bio Sensitive - 200ml","p":4.25,"u":"21,25 €/L","img":"https://fd13-photos.leclercdrive.fr/image.ashx?id=2948537&use=l&cat=p&typeid=i","cat":284595},{"id":275352,"n":"Déodorant bille bio Sanex Bambou Fresh - 50ml","p":5.13,"u":"102,60 €/L","img":"https://fd13-photos.leclercdrive.fr/image.ashx?id=2949088&use=l&cat=p&typeid=i","cat":284595},{"id":275353,"n":"Déodorant bille Sanex Minéral efficacité - 50ml","p":4.25,"u":"85,00 €/L","img":"https://fd13-photos.leclercdrive.fr/image.ashx?id=2949091&use=l&cat=p&typeid=i","cat":284595},{"id":275355,"n":"Dentifrice Email diamant Double blancheur - 75ml","p":3.49,"u":"46,53 €/L","img":"https://fd13-photos.leclercdrive.fr/image.ashx?id=2948902&use=l&cat=p&typeid=i","cat":284612},{"id":275380,"n":"Masque expert réparation Huile de jojoba - 370ml","p":7.25,"u":"19,59 €/L","img":"https://fd13-photos.leclercdrive.fr/image.ashx?id=2961023&use=l&cat=p&typeid=i","cat":284608},{"id":275381,"n":"Gel douche Dop Lait végétal Pyrénées - 480ml","p":3.01,"u":"6,27 €/L","img":"https://fd13-photos.leclercdrive.fr/image.ashx?id=2955348&use=l&cat=p&typeid=i","cat":284594},{"id":275382,"n":"Gel douche Dop Amande - 480ml","p":3.01,"u":"6,27 €/L","img":"https://fd13-photos.leclercdrive.fr/image.ashx?id=2955351&use=l&cat=p&typeid=i","cat":284594},{"id":275398,"n":"Saucisse Knacki Herta Sel réduit - x6 - 210g","p":2.84,"u":"13,52 €/KG","img":"https://fd13-photos.leclercdrive.fr/image.ashx?id=2948824&use=l&cat=p&typeid=i","cat":316012},{"id":275401,"n":"Knacki Gourmande Herta  100% pur porc x4 - 280g","p":2.67,"u":"9,54 €/KG","img":"https://fd13-photos.leclercdrive.fr/image.ashx?id=2948827&use=l&cat=p&typeid=i","cat":316012},{"id":275405,"n":"Shampooing Dop Hair Amande - 480ml","p":2.94,"u":"6,13 €/L","img":"https://fd13-photos.leclercdrive.fr/image.ashx?id=2955369&use=l&cat=p&typeid=i","cat":284606},{"id":275407,"n":"Shampooing Dop Hair Karité - 480ml","p":2.93,"u":"6,10 €/L","img":"https://fd13-photos.leclercdrive.fr/image.ashx?id=2955378&use=l&cat=p&typeid=i","cat":284606},{"id":275408,"n":"Shampooing P'tit Dop Amande - 480ml","p":3.94,"u":"8,21 €/MT","img":"https://fd13-photos.leclercdrive.fr/image.ashx?id=2955381&use=l&cat=p&typeid=i","cat":284606},{"id":275409,"n":"Shampooing Dop Hair Antipelliculaire - 480ml","p":2.98,"u":"6,21 €/L","img":"https://fd13-photos.leclercdrive.fr/image.ashx?id=2955375&use=l&cat=p&typeid=i","cat":284606},{"id":275412,"n":"Shampooing Dop Hair Oeufs - 480ml","p":2.94,"u":"6,13 €/L","img":"https://fd13-photos.leclercdrive.fr/image.ashx?id=2954773&use=l&cat=p&typeid=i","cat":284606},{"id":275413,"n":"Gel douche Dop Framboise - 480ml","p":3.01,"u":"6,27 €/L","img":"https://fd13-photos.leclercdrive.fr/image.ashx?id=2955354&use=l&cat=p&typeid=i","cat":284594},{"id":275415,"n":"Gel douche enfance Dop Barbe à papa - 310ml","p":2.83,"u":"9,13 €/L","img":"https://fd13-photos.leclercdrive.fr/image.ashx?id=2955357&use=l&cat=p&typeid=i","cat":284594},{"id":275418,"n":"Gel douche enfance Dop Bonbons - 310ml","p":2.83,"u":"9,13 €/L","img":"https://fd13-photos.leclercdrive.fr/image.ashx?id=2955360&use=l&cat=p&typeid=i","cat":284594},{"id":275419,"n":"Gel douche enfance Dop Caramel - 310ml","p":2.83,"u":"9,13 €/L","img":"https://fd13-photos.leclercdrive.fr/image.ashx?id=2955363&use=l&cat=p&typeid=i","cat":284594},{"id":275495,"n":"Saumon de Norvège Pom Bistro sauce Béarnaise - 320g","p":11.07,"u":"34,59 €/KG","img":"https://fd13-photos.leclercdrive.fr/image.ashx?id=2950420&use=l&cat=p&typeid=i","cat":319786},{"id":275496,"n":"Cabillaud de France Pom Bistro Huile d'olive et tomate - 320g","p":11.07,"u":"34,59 €/KG","img":"https://fd13-photos.leclercdrive.fr/image.ashx?id=2950423&use=l&cat=p&typeid=i","cat":319786},{"id":275507,"n":"Lait Le Petit Marseillais Nutrition Argan 400ml","p":5.95,"u":"14,88 €/L","img":"https://fd13-photos.leclercdrive.fr/image.ashx?id=2950333&use=l&cat=p&typeid=i","cat":325349},{"id":275508,"n":"Shampooing Le Petit Marseillais Blonde ensolleilé 300ml","p":2.4,"u":"8,00 €/L","img":"https://fd13-photos.leclercdrive.fr/image.ashx?id=2950336&use=l&cat=p&typeid=i","cat":284606},{"id":275510,"n":"Shampooing Primoplast Anti-poux et lentes 125ml","p":4.79,"u":"38,32 €/L","img":"https://fd13-photos.leclercdrive.fr/image.ashx?id=2958359&use=l&cat=p&typeid=i","cat":299654},{"id":275511,"n":"Gel douche enfance Dop Pomme d'amour - 310ml","p":2.83,"u":"9,13 €/L","img":"https://fd13-photos.leclercdrive.fr/image.ashx?id=2955366&use=l&cat=p&typeid=i","cat":284594},{"id":275513,"n":"Masque cheveux Le Petit Marseillais Nutrition 370ml","p":6.73,"u":"18,19 €/L","img":"https://fd13-photos.leclercdrive.fr/image.ashx?id=2977483&use=l&cat=p&typeid=i","cat":284608},{"id":275514,"n":"Shampooing nourrissant Timotei Huiles précieuses - 300ml","p":2.6,"u":"8,67 €/L","img":"https://fd13-photos.leclercdrive.fr/image.ashx?id=2950699&use=l&cat=p&typeid=i","cat":284606},{"id":275517,"n":"Crème douche L'Arbre vert Amande - Ecolabel - 260ml","p":2.59,"u":"9,96 €/L","img":"https://fd13-photos.leclercdrive.fr/image.ashx?id=2969166&use=l&cat=p&typeid=i","cat":284594},{"id":275520,"n":"Shampooing Timotei Purifiant & détox - 300ml","p":2.6,"u":"8,67 €/L","img":"https://fd13-photos.leclercdrive.fr/image.ashx?id=2950705&use=l&cat=p&typeid=i","cat":284606},{"id":275526,"n":"Lait de brushing Dessange Hydratant - 140ml","p":9.47,"u":"67,64 €/L","img":"https://fd13-photos.leclercdrive.fr/image.ashx?id=2955387&use=l&cat=p&typeid=i","cat":284608},{"id":275527,"n":"Eponge Spontex L'essentielle - x3","p":1.84,"img":"https://fd13-photos.leclercdrive.fr/image.ashx?id=2950255&use=l&cat=p&typeid=i","cat":284667},{"id":275528,"n":"Sérum Dessange Extrême 3 huiles - 110ml","p":7.08,"u":"64,36 €/L","img":"https://fd13-photos.leclercdrive.fr/image.ashx?id=2954624&use=l&cat=p&typeid=i","cat":284608},{"id":275615,"n":"Gel douche Ushuaïa Minéraux marins - 280ml","p":2.69,"u":"9,61 €/L","img":"https://fd13-photos.leclercdrive.fr/image.ashx?id=3008791&use=l&cat=p&typeid=i","cat":284594},{"id":275616,"n":"Gel douche délassante Ushuaïa Huile essentielle d'Ylang 280ml","p":2.69,"u":"9,61 €/L","img":"https://fd13-photos.leclercdrive.fr/image.ashx?id=2949544&use=l&cat=p&typeid=i","cat":284594},{"id":275617,"n":"Gel douche Ushuaïa Orchidée - 280ml","p":2.69,"u":"9,61 €/L","img":"https://fd13-photos.leclercdrive.fr/image.ashx?id=2949541&use=l&cat=p&typeid=i","cat":284594},{"id":275618,"n":"Gel douche hydratant Ushuaïa Grenade - 280ml","p":2.69,"u":"9,61 €/L","img":"https://fd13-photos.leclercdrive.fr/image.ashx?id=2949550&use=l&cat=p&typeid=i","cat":284594},{"id":275619,"n":"Crème de douche Ushuaïa Lait de coco - 280ml","p":2.69,"u":"9,61 €/L","img":"https://fd13-photos.leclercdrive.fr/image.ashx?id=2949553&use=l&cat=p&typeid=i","cat":284594},{"id":275620,"n":"Gel douche tonifiant Ushuaïa Extrait de cèdre - 280ml","p":2.69,"u":"9,61 €/L","img":"https://fd13-photos.leclercdrive.fr/image.ashx?id=2949556&use=l&cat=p&typeid=i","cat":284594},{"id":275653,"n":"Dentifrice Aquafresh Naturals Menthe rafraichissante 75ml","p":1.98,"u":"26,40 €/L","img":"https://fd13-photos.leclercdrive.fr/image.ashx?id=2950708&use=l&cat=p&typeid=i","cat":284612},{"id":275661,"n":"Soin visage Garnier Aloe vera Hyaluronique 250ml","p":4.95,"u":"19,80 €/L","img":"https://fd13-photos.leclercdrive.fr/image.ashx?id=2954244&use=l&cat=p&typeid=i","cat":325345},{"id":275662,"n":"Soin hydratant Garnier Hyaluron Liquide quotidien - 120ml","p":11.41,"u":"95,08 €/L","img":"https://fd13-photos.leclercdrive.fr/image.ashx?id=2986654&use=l&cat=p&typeid=i","cat":325345},{"id":275663,"n":"Lotion exfoliante Garnier Salicylique - 120ml","p":9.0,"u":"75,00 €/L","img":"https://fd13-photos.leclercdrive.fr/image.ashx?id=2954253&use=l&cat=p&typeid=i","cat":325346},{"id":275676,"n":"Brosse à dents électrique Rechargeable - x1","p":14.99,"img":"https://fd13-photos.leclercdrive.fr/image.ashx?id=2949248&use=l&cat=p&typeid=i","cat":297133},{"id":275677,"n":"Crème après-piqûres Primoplast Apaisante - 40ml","p":3.11,"u":"77,75 €/L","img":"https://fd13-photos.leclercdrive.fr/image.ashx?id=2958356&use=l&cat=p&typeid=i","cat":284630},{"id":275678,"n":"Crème adhésive Fixodent Complète goût neutre 70.5g","p":6.92,"u":"98,86 €/KG","img":"https://fd13-photos.leclercdrive.fr/image.ashx?id=2950879&use=l&cat=p&typeid=i","cat":285158},{"id":275682,"n":"Eau micellaire Garnier SkinActive - 400ml","p":5.39,"u":"13,48 €/L","img":"https://fd13-photos.leclercdrive.fr/image.ashx?id=2954262&use=l&cat=p&typeid=i","cat":284603},{"id":275683,"n":"Shampooing Dessange Âge sublime - 280ml","p":3.95,"u":"14,11 €/L","img":"https://fd13-photos.leclercdrive.fr/image.ashx?id=3011578&use=l&cat=p&typeid=i","cat":284606},{"id":275686,"n":"Shampooing Dessange Nutri-extrême - 280ml","p":3.5,"u":"12,50 €/L","img":"https://fd13-photos.leclercdrive.fr/image.ashx?id=2955411&use=l&cat=p&typeid=i","cat":284606},{"id":275687,"n":"Dentifrice Vademecum Bio Protection complète - 75ml","p":3.89,"u":"51,87 €/L","img":"https://fd13-photos.leclercdrive.fr/image.ashx?id=2950684&use=l&cat=p&typeid=i","cat":284612},{"id":275689,"n":"Dentifrice Teraxyl Junior 2en1 - 6 ans Fraise fluor 75ml","p":2.19,"u":"29,20 €/L","img":"https://fd13-photos.leclercdrive.fr/image.ashx?id=2950687&use=l&cat=p&typeid=i","cat":288898},{"id":275690,"n":"Dentifrice Sensodyne Eclat blancheur - 75ml","p":7.68,"u":"102,40 €/L","img":"https://fd13-photos.leclercdrive.fr/image.ashx?id=2997781&use=l&cat=p&typeid=i","cat":284612},{"id":275692,"n":"Dentifrice Sensodyne Nettoyage intense - 75ml","p":7.68,"u":"102,40 €/L","img":"https://fd13-photos.leclercdrive.fr/image.ashx?id=2998047&use=l&cat=p&typeid=i","cat":284612},{"id":275695,"n":"Dentifrice Sensodyne Rapide Action extra-fresh - 75ml","p":5.09,"u":"67,87 €/L","img":"https://fd13-photos.leclercdrive.fr/image.ashx?id=2950717&use=l&cat=p&typeid=i","cat":284612},{"id":275706,"n":"Dentifrice Sensodyne Multi-protection Blancheur 75ml","p":4.93,"u":"65,73 €/L","img":"https://fd13-photos.leclercdrive.fr/image.ashx?id=2950723&use=l&cat=p&typeid=i","cat":284612},{"id":276198,"n":"Calendrier Kinder cadeau  214g","p":10.29,"u":"48,08 €/KG","img":"https://fd13-photos.leclercdrive.fr/image.ashx?id=2952094&use=l&cat=p&typeid=i","cat":336112},{"id":276201,"n":"Kinder chocolat  150g","p":3.75,"u":"25,00 €/KG","img":"https://fd13-photos.leclercdrive.fr/image.ashx?id=2952079&use=l&cat=p&typeid=i","cat":327592},{"id":276202,"n":"Kinder mini friends  Lait - 122g","p":4.19,"u":"34,34 €/KG","img":"https://fd13-photos.leclercdrive.fr/image.ashx?id=2952049&use=l&cat=p&typeid=i","cat":327592},{"id":276205,"n":"Kinder mini eggs  Noisettes - 182g","p":4.76,"u":"26,15 €/KG","img":"https://fd13-photos.leclercdrive.fr/image.ashx?id=2952085&use=l&cat=p&typeid=i","cat":327592},{"id":276209,"n":"Kinder Balls  Eclats de Bsicuits cacao - 164g","p":6.05,"u":"36,89 €/KG","img":"https://fd13-photos.leclercdrive.fr/image.ashx?id=2952091&use=l&cat=p&typeid=i","cat":327592},{"id":276210,"n":"Kinder Schokobons  200g","p":4.31,"u":"21,55 €/KG","img":"https://fd13-photos.leclercdrive.fr/image.ashx?id=2952911&use=l&cat=p&typeid=i","cat":327592},{"id":276211,"n":"Kinder Schokobons  350g","p":6.46,"u":"18,46 €/KG","img":"https://fd13-photos.leclercdrive.fr/image.ashx?id=2952103&use=l&cat=p&typeid=i","cat":327592},{"id":276212,"n":"Kinder happy moments  Ballotin - 184g","p":6.21,"u":"33,75 €/KG","img":"https://fd13-photos.leclercdrive.fr/image.ashx?id=2952046&use=l&cat=p&typeid=i","cat":327592},{"id":276217,"n":"Coffret Animaux Merveilleux 140g","p":8.58,"u":"61,29 €/KG","img":"https://fd13-photos.leclercdrive.fr/image.ashx?id=2951971&use=l&cat=p&typeid=i","cat":327595},{"id":276218,"n":"Papillotes Equador chocolat  au lait fourrage praliné - 350g","p":7.23,"u":"20,66 €/KG","img":"https://fd13-photos.leclercdrive.fr/image.ashx?id=2951155&use=l&cat=p&typeid=i","cat":327597},{"id":276219,"n":"Papillotes Equador chocolat  Noir - 350g","p":7.23,"u":"20,66 €/KG","img":"https://fd13-photos.leclercdrive.fr/image.ashx?id=2951158&use=l&cat=p&typeid=i","cat":327597},{"id":276220,"n":"Papillotes Equador chocolat  Blanc et au lait - 350g","p":7.23,"u":"20,66 €/KG","img":"https://fd13-photos.leclercdrive.fr/image.ashx?id=2951161&use=l&cat=p&typeid=i","cat":327597},{"id":276231,"n":"Mini Carambar  Team - 350g","p":3.55,"u":"10,14 €/KG","img":"https://fd13-photos.leclercdrive.fr/image.ashx?id=2951869&use=l&cat=p&typeid=i","cat":304250},{"id":276232,"n":"Mini Carambar  Red team - 350g","p":3.55,"u":"10,14 €/KG","img":"https://fd13-photos.leclercdrive.fr/image.ashx?id=2951872&use=l&cat=p&typeid=i","cat":304250},{"id":276237,"n":"Boisson gazeuse Fanta  Orange 4x2L","p":8.84,"u":"1,11 €/L","img":"https://fd13-photos.leclercdrive.fr/image.ashx?id=2952007&use=l&cat=p&typeid=i","cat":284532},{"id":276243,"n":"Assouplissant Rainett Aloe vera 900ml","p":4.76,"u":"5,29 €/L","img":"https://fd13-photos.leclercdrive.fr/image.ashx?id=2952754&use=l&cat=p&typeid=i","cat":284650},{"id":276245,"n":"Couches Pampers Baby Dry XXL Taille 5 - x96","p":37.87,"u":"0,39 €/P","img":"https://fd13-photos.leclercdrive.fr/image.ashx?id=2975470&use=l&cat=p&typeid=i","cat":284737},{"id":276246,"n":"Couches Pampers Baby Dry XXL Taille 6 - x84","p":37.87,"u":"0,45 €/P","img":"https://fd13-photos.leclercdrive.fr/image.ashx?id=2975473&use=l&cat=p&typeid=i","cat":284737},{"id":276258,"n":"Jambon Le Bon Paris Herta Sel réduit sans nitrite 8T - 280g","p":5.0,"u":"17,86 €/KG","img":"https://fd13-photos.leclercdrive.fr/image.ashx?id=2951764&use=l&cat=p&typeid=i","cat":316009},{"id":276261,"n":"Couches Pampers Baby Dry  XXL Taille 5 - x108","p":37.87,"u":"0,35 €/P","img":"https://fd13-photos.leclercdrive.fr/image.ashx?id=2954938&use=l&cat=p&typeid=i","cat":284737},{"id":276262,"n":"Couches Pambers Baby-Dry Taille 4 9-14kg - x120","p":37.87,"u":"0,32 €/P","img":"https://fd13-photos.leclercdrive.fr/image.ashx?id=2953058&use=l&cat=p&typeid=i","cat":284737},{"id":276264,"n":"Coloration Crème Supreme  Schwarzkopf Noir intense","p":11.35,"img":"https://fd13-photos.leclercdrive.fr/image.ashx?id=2952553&use=l&cat=p&typeid=i","cat":288899},{"id":276269,"n":"Fromage cremeux Coeur de Lion 8 tranches 150g","p":2.53,"u":"16,87 €/KG","img":"https://fd13-photos.leclercdrive.fr/image.ashx?id=2952493&use=l&cat=p&typeid=i","cat":314028},{"id":276280,"n":"Coloration Crème Supreme Schwarzkopf Châtain profond","p":11.35,"img":"https://fd13-photos.leclercdrive.fr/image.ashx?id=2952574&use=l&cat=p&typeid=i","cat":288899},{"id":276288,"n":"Mini Kit Kat White  252g","p":4.01,"u":"15,85 €/KG","img":"https://fd13-photos.leclercdrive.fr/image.ashx?id=2952992&use=l&cat=p&typeid=i","cat":284498},{"id":276289,"n":"Sauce barbecue Sweet Baby Rays 510g","p":4.89,"u":"9,59 €/KG","img":"https://fd13-photos.leclercdrive.fr/image.ashx?id=2951530&use=l&cat=p&typeid=i","cat":318431},{"id":276298,"n":"Sauce Sweet Baby Rays 510g","p":4.89,"u":"9,59 €/KG","img":"https://fd13-photos.leclercdrive.fr/image.ashx?id=2951533&use=l&cat=p&typeid=i","cat":318431},{"id":276299,"n":"Sauce barbecue Sweet Baby Rays 510g","p":4.89,"u":"9,59 €/KG","img":"https://fd13-photos.leclercdrive.fr/image.ashx?id=2951536&use=l&cat=p&typeid=i","cat":318431},{"id":276343,"n":"Fruits de mer The Belgian Chocolat noir - 250g","p":4.51,"u":"18,04 €/KG","img":"https://fd13-photos.leclercdrive.fr/image.ashx?id=2952836&use=l&cat=p&typeid=i","cat":284499},{"id":276345,"n":"Pralines The Belgian Framboises - 200g","p":7.49,"pp":4.94,"u":"24,70 €/KG","img":"https://fd13-photos.leclercdrive.fr/image.ashx?id=2952845&use=l&cat=p&typeid=i","cat":284499},{"id":276348,"n":"Truffes Café The Belgian Café - 200g","p":3.95,"u":"19,75 €/KG","img":"https://fd13-photos.leclercdrive.fr/image.ashx?id=2952851&use=l&cat=p&typeid=i","cat":327600},{"id":276349,"n":"Fruits de mer The Belgian Noisettes - 65g","p":2.19,"u":"33,69 €/KG","img":"https://fd13-photos.leclercdrive.fr/image.ashx?id=2983474&use=l&cat=p&typeid=i","cat":284499},{"id":276350,"n":"Fruits de mer The Belgian Chocolat noir - 60g","p":2.19,"u":"36,50 €/KG","img":"https://fd13-photos.leclercdrive.fr/image.ashx?id=2952839&use=l&cat=p&typeid=i","cat":284499},{"id":276352,"n":"Coeur en chocolat  The Belgian - 65g","p":2.19,"u":"33,69 €/KG","img":"https://fd13-photos.leclercdrive.fr/image.ashx?id=2983477&use=l&cat=p&typeid=i","cat":284499},{"id":276353,"n":"Cœur The Belgian Fourrage brownie - 65g","p":2.19,"u":"33,69 €/KG","img":"https://fd13-photos.leclercdrive.fr/image.ashx?id=2983480&use=l&cat=p&typeid=i","cat":284958},{"id":276354,"n":"Fruits de mer The Belgian Vanille - 65g","p":2.19,"u":"33,69 €/KG","img":"https://fd13-photos.leclercdrive.fr/image.ashx?id=2983483&use=l&cat=p&typeid=i","cat":284958},{"id":276355,"n":"Fruits de mer The Belgian Caramel salé - 65g","p":2.19,"u":"33,69 €/KG","img":"https://fd13-photos.leclercdrive.fr/image.ashx?id=2983486&use=l&cat=p&typeid=i","cat":284958},{"id":276356,"n":"Assortiment café gourmand  Chevalier d'argouges - 140g","p":9.95,"pp":6.57,"u":"46,93 €/KG","img":"https://fd13-photos.leclercdrive.fr/image.ashx?id=2952685&use=l&cat=p&typeid=i","cat":327600},{"id":276360,"n":"Coffret Pralines Hamlet 200g","p":6.89,"pp":4.55,"u":"22,75 €/KG","img":"https://fd13-photos.leclercdrive.fr/image.ashx?id=2953112&use=l&cat=p&typeid=i","cat":284958},{"id":276361,"n":"Assortiment décorées Hamlet Pralinés - 195g","p":6.89,"pp":4.55,"u":"23,33 €/KG","img":"https://fd13-photos.leclercdrive.fr/image.ashx?id=2952818&use=l&cat=p&typeid=i","cat":284958},{"id":276364,"n":"Assortiment fenêtre Hamlet Pralinés -195g","p":6.89,"pp":4.55,"u":"23,33 €/KG","img":"https://fd13-photos.leclercdrive.fr/image.ashx?id=2952824&use=l&cat=p&typeid=i","cat":284958},{"id":276368,"n":"Sachet noël nougat Montélimar Chabert & Guillot - 300g","p":9.81,"u":"32,70 €/KG","img":"https://fd13-photos.leclercdrive.fr/image.ashx?id=2952502&use=l&cat=p&typeid=i","cat":327605},{"id":276369,"n":"Nougat amande et noisette  Chabert & Guillot - 300g","p":11.95,"pp":7.89,"u":"26,30 €/KG","img":"https://fd13-photos.leclercdrive.fr/image.ashx?id=2952508&use=l&cat=p&typeid=i","cat":327605},{"id":276371,"n":"Nougat caramel, fleur d'oranger Chabert & Guillot - 300g","p":9.81,"u":"32,70 €/KG","img":"https://fd13-photos.leclercdrive.fr/image.ashx?id=2952514&use=l&cat=p&typeid=i","cat":327605},{"id":276376,"n":"Père noël sous alu Rohan Moulage - 45g","p":0.98,"u":"21,78 €/KG","img":"https://fd13-photos.leclercdrive.fr/image.ashx?id=2952628&use=l&cat=p&typeid=i","cat":327592},{"id":276381,"n":"Pièces en chocolat Fizzy 80g","p":1.66,"u":"20,75 €/KG","img":"https://fd13-photos.leclercdrive.fr/image.ashx?id=2952676&use=l&cat=p&typeid=i","cat":327592},{"id":276397,"n":"Sachet pn et rennes Riegelein moulage chocolat lait - 132g","p":3.67,"u":"27,80 €/KG","img":"https://fd13-photos.leclercdrive.fr/image.ashx?id=2952763&use=l&cat=p&typeid=i","cat":327592},{"id":276398,"n":"Sachet figurines Riegelein moulage chocolat lait - 184g","p":4.98,"u":"27,07 €/KG","img":"https://fd13-photos.leclercdrive.fr/image.ashx?id=2952769&use=l&cat=p&typeid=i","cat":327592},{"id":276400,"n":"Sachet composition Riegelein moulage chocolat lait - 150g","p":3.63,"u":"24,20 €/KG","img":"https://fd13-photos.leclercdrive.fr/image.ashx?id=2952784&use=l&cat=p&typeid=i","cat":327592},{"id":276402,"n":"Sachet déco sapin Riegelein moulage chocolat lait -150g","p":3.44,"u":"22,93 €/KG","img":"https://fd13-photos.leclercdrive.fr/image.ashx?id=2952766&use=l&cat=p&typeid=i","cat":327592},{"id":276408,"n":"Père Noël  Chocolat lait - 85g","p":5.31,"u":"62,47 €/KG","img":"https://fd13-photos.leclercdrive.fr/image.ashx?id=2952827&use=l&cat=p&typeid=i","cat":327592},{"id":276410,"n":"Calendrier Pokemon Qui est-ce ? Chocolat au lait - 100g","p":6.89,"u":"68,90 €/KG","img":"https://fd13-photos.leclercdrive.fr/image.ashx?id=2964147&use=l&cat=p&typeid=i","cat":327590},{"id":276412,"n":"Calendrier de l'avent Gulli rose - 100g","p":6.89,"u":"68,90 €/KG","img":"https://fd13-photos.leclercdrive.fr/image.ashx?id=2968550&use=l&cat=p&typeid=i","cat":327590},{"id":276423,"n":"Calendrier de l'avent Chocobisc Disney Princesses - 99g","p":6.49,"u":"65,56 €/KG","img":"https://fd13-photos.leclercdrive.fr/image.ashx?id=2980737&use=l&cat=p&typeid=i","cat":327590},{"id":276424,"n":"Calendrier de l'avent Chocobisc Stitch - 99g","p":6.49,"u":"65,56 €/KG","img":"https://fd13-photos.leclercdrive.fr/image.ashx?id=2980560&use=l&cat=p&typeid=i","cat":327590},{"id":276425,"n":"Calendrier de l'avent Chocobisc Mickey et friends - 99g","p":6.49,"u":"65,56 €/KG","img":"https://fd13-photos.leclercdrive.fr/image.ashx?id=2980734&use=l&cat=p&typeid=i","cat":327590},{"id":276426,"n":"Calendrier de l'avent Chocobisc Frozen II - 99g","p":6.49,"u":"65,56 €/KG","img":"https://fd13-photos.leclercdrive.fr/image.ashx?id=2980557&use=l&cat=p&typeid=i","cat":327590},{"id":276429,"n":"Coffret chocolats Anthon Berg à la liqueur - x14 - 219g","p":8.14,"u":"37,17 €/KG","img":"https://fd13-photos.leclercdrive.fr/image.ashx?id=2980728&use=l&cat=p&typeid=i","cat":327601},{"id":276430,"n":"Coffret chocolats Anthon Berg liqueur cocktail - x14 - 219g","p":8.14,"u":"37,17 €/KG","img":"https://fd13-photos.leclercdrive.fr/image.ashx?id=2980731&use=l&cat=p&typeid=i","cat":327601},{"id":276432,"n":"Barre Toblerone  chocolat lait - 340g","p":6.91,"u":"20,32 €/KG","img":"https://fd13-photos.leclercdrive.fr/image.ashx?id=2958902&use=l&cat=p&typeid=i","cat":284499},{"id":276433,"n":"Barre Toblerone  chocolat blanc - 340g","p":6.91,"u":"20,32 €/KG","img":"https://fd13-photos.leclercdrive.fr/image.ashx?id=2969887&use=l&cat=p&typeid=i","cat":327595},{"id":276435,"n":"Papillotes Révillon Féériques Noir 70% et Lait - 300g","p":9.67,"u":"32,23 €/KG","img":"https://fd13-photos.leclercdrive.fr/image.ashx?id=2980689&use=l&cat=p&typeid=i","cat":327597},{"id":276442,"n":"Calendrier masque Miraculous 75g","p":3.32,"u":"44,27 €/KG","img":"https://fd13-photos.leclercdrive.fr/image.ashx?id=2953073&use=l&cat=p&typeid=i","cat":327590},{"id":276445,"n":"Terrys ball chocolat  Orange - 145g","p":3.29,"u":"22,69 €/KG","img":"https://fd13-photos.leclercdrive.fr/image.ashx?id=2952715&use=l&cat=p&typeid=i","cat":327592},{"id":276447,"n":"Crunch Calendrier de l'Avent  85g","p":4.1,"u":"48,24 €/KG","img":"https://fd13-photos.leclercdrive.fr/image.ashx?id=2971437&use=l&cat=p&typeid=i","cat":336112},{"id":276448,"n":"Lanvin Escargots Ballotin  Lait -164g","p":6.58,"u":"40,12 €/KG","img":"https://fd13-photos.leclercdrive.fr/image.ashx?id=2987014&use=l&cat=p&typeid=i","cat":327595},{"id":276449,"n":"Lanvin Escargots Ballotin  Noir - 164g","p":6.58,"u":"40,12 €/KG","img":"https://fd13-photos.leclercdrive.fr/image.ashx?id=2987017&use=l&cat=p&typeid=i","cat":327595},{"id":276450,"n":"Lanvin Escargots Ballotin  Blanc -164g","p":6.58,"u":"40,12 €/KG","img":"https://fd13-photos.leclercdrive.fr/image.ashx?id=2953016&use=l&cat=p&typeid=i","cat":327595},{"id":276451,"n":"Lanvin Escargots Ballotin  Lait caramel -164g","p":6.58,"u":"40,12 €/KG","img":"https://fd13-photos.leclercdrive.fr/image.ashx?id=2987011&use=l&cat=p&typeid=i","cat":327595},{"id":276453,"n":"Lanvin Escargots Ballotin  Noir café -164 g","p":6.58,"u":"40,12 €/KG","img":"https://fd13-photos.leclercdrive.fr/image.ashx?id=2965322&use=l&cat=p&typeid=i","cat":327595},{"id":276455,"n":"Les Recettes de l'Atelier   Assortiment Hiver - 190g","p":7.17,"u":"37,74 €/KG","img":"https://fd13-photos.leclercdrive.fr/image.ashx?id=2953989&use=l&cat=p&typeid=i","cat":327595},{"id":276456,"n":"Les Recettes de l'Atelier   Assortiment Lait - 410g","p":14.75,"pp":11.06,"u":"26,98 €/KG","img":"https://fd13-photos.leclercdrive.fr/image.ashx?id=2964165&use=l&cat=p&typeid=i","cat":327595},{"id":276457,"n":"Les Recettes de l'Atelier   collector - 406g","p":14.75,"pp":11.06,"img":"https://fd13-photos.leclercdrive.fr/image.ashx?id=2953025&use=l&cat=p&typeid=i","cat":327595},{"id":276458,"n":"Les Recettes de l'Atelier   Assortiment Hiver - 408g","p":14.75,"pp":11.06,"u":"27,11 €/KG","img":"https://fd13-photos.leclercdrive.fr/image.ashx?id=2953986&use=l&cat=p&typeid=i","cat":327595},{"id":276460,"n":"Nestlé la Boite Rouge 398 g","p":12.95,"pp":9.71,"u":"24,40 €/KG","img":"https://fd13-photos.leclercdrive.fr/image.ashx?id=2953001&use=l&cat=p&typeid=i","cat":327595},{"id":276461,"n":"Nestlé la Boite Rouge Saveurs de Noel - 385g","p":12.95,"pp":9.71,"u":"25,22 €/KG","img":"https://fd13-photos.leclercdrive.fr/image.ashx?id=2952995&use=l&cat=p&typeid=i","cat":327595},{"id":276462,"n":"Nestlé dessert truffes Noir - 250g","p":6.41,"u":"25,64 €/KG","img":"https://fd13-photos.leclercdrive.fr/image.ashx?id=2953040&use=l&cat=p&typeid=i","cat":327600},{"id":276463,"n":"Nestlé dessert truffes Lait - 250g","p":6.41,"u":"25,64 €/KG","img":"https://fd13-photos.leclercdrive.fr/image.ashx?id=2953046&use=l&cat=p&typeid=i","cat":327600},{"id":276465,"n":"Nestlé dessert truffes Noir 85 %  - 250g","p":6.41,"u":"25,64 €/KG","img":"https://fd13-photos.leclercdrive.fr/image.ashx?id=2953049&use=l&cat=p&typeid=i","cat":327600},{"id":276466,"n":"Les Recettes de l'Atelier Bouchées duo praliné - 266g","p":7.81,"u":"29,36 €/KG","img":"https://fd13-photos.leclercdrive.fr/image.ashx?id=2953052&use=l&cat=p&typeid=i","cat":284499},{"id":276467,"n":"After eight coffret Citron - 400g","p":6.56,"u":"16,40 €/KG","img":"https://fd13-photos.leclercdrive.fr/image.ashx?id=2953037&use=l&cat=p&typeid=i","cat":327595},{"id":276468,"n":"Boules praline lait Jacquot 250g","p":2.96,"u":"11,84 €/KG","img":"https://fd13-photos.leclercdrive.fr/image.ashx?id=2980716&use=l&cat=p&typeid=i","cat":327597},{"id":276471,"n":"Fondants lait Jacquot 200g","p":2.96,"u":"14,80 €/KG","img":"https://fd13-photos.leclercdrive.fr/image.ashx?id=2980725&use=l&cat=p&typeid=i","cat":327597},{"id":276484,"n":"Chocolats Ferrero Rocher  100g","p":3.93,"u":"39,30 €/KG","img":"https://fd13-photos.leclercdrive.fr/image.ashx?id=2952899&use=l&cat=p&typeid=i","cat":327600},{"id":276486,"n":"Chocolats Ferrero Rocher  Golden star Lait - 115g","p":5.9,"u":"51,30 €/KG","img":"https://fd13-photos.leclercdrive.fr/image.ashx?id=2952956&use=l&cat=p&typeid=i","cat":327600},{"id":276487,"n":"Chocolats Ferrero Rocher  Golden star mix - 115g","p":5.9,"u":"51,30 €/KG","img":"https://fd13-photos.leclercdrive.fr/image.ashx?id=2964042&use=l&cat=p&typeid=i","cat":327600},{"id":276488,"n":"Calendrier de l'avent   Ferrero Rocher - 258g","p":15.83,"u":"61,36 €/KG","img":"https://fd13-photos.leclercdrive.fr/image.ashx?id=2969893&use=l&cat=p&typeid=i","cat":336112},{"id":276550,"n":"Biscuit sésame GERBLE - 5x4 220g","p":1.52,"u":"6,91 €/KG","img":"https://fd13-photos.leclercdrive.fr/image.ashx?id=2953803&use=l&cat=p&typeid=i","cat":318651},{"id":276946,"n":"Badoit bulles de fruits  Pamplemousse - 6x33cl","p":3.5,"u":"1,77 €/L","img":"https://fd13-photos.leclercdrive.fr/image.ashx?id=2954208&use=l&cat=p&typeid=i","cat":284537},{"id":276947,"n":"Badoit bulles de fruits  Fruits rouges - 6x33cl","p":3.88,"u":"1,96 €/L","img":"https://fd13-photos.leclercdrive.fr/image.ashx?id=2954205&use=l&cat=p&typeid=i","cat":284537},{"id":276948,"n":"Badoit bulles de fruits  Citron et citron vert - 6x33cl","p":3.88,"u":"1,96 €/L","img":"https://fd13-photos.leclercdrive.fr/image.ashx?id=2954202&use=l&cat=p&typeid=i","cat":284537},{"id":276949,"n":"Eau aromatisée Volvic Juicy Au jus de cerise -1,5L","p":1.5,"u":"1,00 €/L","img":"https://fd13-photos.leclercdrive.fr/image.ashx?id=2954196&use=l&cat=p&typeid=i","cat":284537},{"id":277089,"n":"Gel douche Tahiti Bois de santal - 250ml","p":2.14,"u":"8,56 €/L","img":"https://fd13-photos.leclercdrive.fr/image.ashx?id=2955869&use=l&cat=p&typeid=i","cat":284594},{"id":277153,"n":"Skyr végétal Protéiné Alpro Nature - 400g","p":2.85,"u":"7,13 €/KG","img":"https://fd13-photos.leclercdrive.fr/image.ashx?id=2976092&use=l&cat=p&typeid=i","cat":316071},{"id":277360,"n":"Smoky Cheese Donuts Pickers by McCain donuts fromage - 230g","p":4.1,"u":"17,83 €/KG","img":"https://fd13-photos.leclercdrive.fr/image.ashx?id=2955522&use=l&cat=p&typeid=i","cat":319774},{"id":277445,"n":"Samoussas Mei Asia  Poulet - 580g","p":15.56,"u":"26,83 €/KG","img":"https://fd13-photos.leclercdrive.fr/image.ashx?id=2956466&use=l&cat=p&typeid=i","cat":319774},{"id":277447,"n":"Nems Mei Asia  Au poulet - 800g","p":13.41,"u":"16,76 €/KG","img":"https://fd13-photos.leclercdrive.fr/image.ashx?id=2956469&use=l&cat=p&typeid=i","cat":319774},{"id":277448,"n":"Nems Mei Asia  Au porc - 800g","p":11.23,"u":"14,04 €/KG","img":"https://fd13-photos.leclercdrive.fr/image.ashx?id=2956472&use=l&cat=p&typeid=i","cat":319774},{"id":277469,"n":"Céréales Special K Kellogg's  Fibre - 360g","p":3.3,"u":"9,17 €/KG","img":"https://fd13-photos.leclercdrive.fr/image.ashx?id=2963898&use=l&cat=p&typeid=i","cat":309512},{"id":277473,"n":"Kéfir Yaourt Activia Fraise, framboise - 2x150g","p":2.63,"u":"8,77 €/KG","img":"https://fd13-photos.leclercdrive.fr/image.ashx?id=2972388&use=l&cat=p&typeid=i","cat":315000},{"id":277474,"n":"Kéfir Yaourt Activia nature - 2x150g","p":2.52,"u":"8,40 €/KG","img":"https://fd13-photos.leclercdrive.fr/image.ashx?id=2972385&use=l&cat=p&typeid=i","cat":315000},{"id":277478,"n":"Liégeois Pâtissier Danette  Paris Brest 4x90g","p":2.77,"u":"7,69 €/KG","img":"https://fd13-photos.leclercdrive.fr/image.ashx?id=2965930&use=l&cat=p&typeid=i","cat":285042},{"id":277479,"n":"Liégeois Pâtissier Danette Framboisier 4x90g","p":2.77,"u":"7,69 €/KG","img":"https://fd13-photos.leclercdrive.fr/image.ashx?id=2965924&use=l&cat=p&typeid=i","cat":285042},{"id":277480,"n":"Liégeois Pâtissier Danette Tiramisu 4x90g","p":2.77,"u":"7,69 €/KG","img":"https://fd13-photos.leclercdrive.fr/image.ashx?id=2965927&use=l&cat=p&typeid=i","cat":285042},{"id":277483,"n":"Skyr nature Danone 0% MG - 450g","p":2.32,"u":"5,16 €/KG","img":"https://fd13-photos.leclercdrive.fr/image.ashx?id=2966279&use=l&cat=p&typeid=i","cat":284409},{"id":277484,"n":"Danone Skyr fraise 4x100g","p":2.15,"u":"5,38 €/KG","img":"https://fd13-photos.leclercdrive.fr/image.ashx?id=2965903&use=l&cat=p&typeid=i","cat":315000},{"id":277485,"n":"Danone Skyr fruits jaunes 4x100g","p":2.39,"u":"5,98 €/KG","img":"https://fd13-photos.leclercdrive.fr/image.ashx?id=2965906&use=l&cat=p&typeid=i","cat":315000},{"id":277486,"n":"Skyr nature 0% MG Danone Lit de fraise - 2x145g","p":2.77,"u":"9,55 €/KG","img":"https://fd13-photos.leclercdrive.fr/image.ashx?id=2965900&use=l&cat=p&typeid=i","cat":315000},{"id":277487,"n":"Skyr nature 0% MG Danone Lit de mangue passion - 2x145g","p":2.77,"u":"9,55 €/KG","img":"https://fd13-photos.leclercdrive.fr/image.ashx?id=2965897&use=l&cat=p&typeid=i","cat":315000},{"id":277488,"n":"Skyr mûre myrtille Danone 0% MG - 2x140g","p":2.45,"u":"8,75 €/KG","img":"https://fd13-photos.leclercdrive.fr/image.ashx?id=2966276&use=l&cat=p&typeid=i","cat":315000},{"id":277489,"n":"Skyr mangue passion Danone 0% MG - 2x140g","p":2.72,"u":"9,71 €/KG","img":"https://fd13-photos.leclercdrive.fr/image.ashx?id=2965909&use=l&cat=p&typeid=i","cat":315000},{"id":277493,"n":"Yaourt protéiné Hipro nature 480g","p":3.27,"u":"6,81 €/KG","img":"https://fd13-photos.leclercdrive.fr/image.ashx?id=2965945&use=l&cat=p&typeid=i","cat":284409},{"id":277495,"n":"Yaourt protéiné Hipro Vanille 4x120g","p":3.19,"u":"6,65 €/KG","img":"https://fd13-photos.leclercdrive.fr/image.ashx?id=2965948&use=l&cat=p&typeid=i","cat":315000},{"id":277496,"n":"Yaourt à boire protéiné Hipro Pêche passion - 300ml","p":2.59,"u":"8,63 €/KG","img":"https://fd13-photos.leclercdrive.fr/image.ashx?id=2966137&use=l&cat=p&typeid=i","cat":284415},{"id":277520,"n":"Déodorant Sanex Spray Mineral  Efficacité - 200ml","p":5.06,"u":"25,30 €/L","img":"https://fd13-photos.leclercdrive.fr/image.ashx?id=2968574&use=l&cat=p&typeid=i","cat":284595},{"id":277591,"n":"IGP Cabernet Sauvignon Bleu de  Mer rouge Pays d'Oc - 75cl","p":5.49,"u":"7,32 €/L","img":"https://fd13-photos.leclercdrive.fr/image.ashx?id=2956568&use=l&cat=p&typeid=i","cat":289556},{"id":277592,"n":"Shampooing Dessange Blond californien - 280ml","p":4.25,"u":"15,18 €/L","img":"https://fd13-photos.leclercdrive.fr/image.ashx?id=2957941&use=l&cat=p&typeid=i","cat":284606},{"id":277595,"n":"Gel douche Ushuaïa Agrumes verts - 280ml","p":2.62,"u":"9,36 €/L","img":"https://fd13-photos.leclercdrive.fr/image.ashx?id=2974399&use=l&cat=p&typeid=i","cat":284594},{"id":277626,"n":"Gel douche Ushuaïa Sakura - 280ml","p":2.62,"u":"9,36 €/L","img":"https://fd13-photos.leclercdrive.fr/image.ashx?id=2974405&use=l&cat=p&typeid=i","cat":284594},{"id":277630,"n":"Shampooing Dop hair Pomme - 480ml","p":2.94,"u":"6,13 €/L","img":"https://fd13-photos.leclercdrive.fr/image.ashx?id=2957908&use=l&cat=p&typeid=i","cat":284606},{"id":277631,"n":"Shampooing régulateur Dessange Douce argile - 280ml","p":3.77,"u":"13,46 €/L","img":"https://fd13-photos.leclercdrive.fr/image.ashx?id=2957935&use=l&cat=p&typeid=i","cat":284606},{"id":277632,"n":"Huile de douche Ushuaïa Monoï & fleur de tiaré - 280ml","p":2.62,"u":"9,36 €/L","img":"https://fd13-photos.leclercdrive.fr/image.ashx?id=2958146&use=l&cat=p&typeid=i","cat":284594},{"id":277634,"n":"Gelée de douche Ushuaïa Bahia café açaï - 280ml","p":2.62,"u":"9,36 €/L","img":"https://fd13-photos.leclercdrive.fr/image.ashx?id=2957917&use=l&cat=p&typeid=i","cat":284594},{"id":277635,"n":"Crème de douche Dop Vanille - 480ml","p":3.01,"u":"6,27 €/L","img":"https://fd13-photos.leclercdrive.fr/image.ashx?id=2957893&use=l&cat=p&typeid=i","cat":284594},{"id":277638,"n":"Douche crème enfance Dop Fraises - 310ml","p":2.83,"u":"9,13 €/L","img":"https://fd13-photos.leclercdrive.fr/image.ashx?id=2957899&use=l&cat=p&typeid=i","cat":284594},{"id":277639,"n":"Crème douche enfance Dop Cookie - 310ml","p":2.83,"u":"9,13 €/L","img":"https://fd13-photos.leclercdrive.fr/image.ashx?id=2957902&use=l&cat=p&typeid=i","cat":284594},{"id":277640,"n":"Douche crème enfance Dop Bonbon cola - 310ml","p":2.83,"u":"9,13 €/L","img":"https://fd13-photos.leclercdrive.fr/image.ashx?id=2957905&use=l&cat=p&typeid=i","cat":284594},{"id":277848,"n":"Kiwi vert Eco+ Barquette 750g","p":2.99,"u":"3,99 €/KG","img":"https://fd13-photos.leclercdrive.fr/image.ashx?id=2957614&use=l&cat=p&typeid=i","cat":284356},{"id":278038,"n":"Mix de graines Happy Bio Antioxydant - 200g","p":3.95,"u":"19,75 €/KG","img":"https://fd13-photos.leclercdrive.fr/image.ashx?id=2971014&use=l&cat=p&typeid=i","cat":284429},{"id":278242,"n":"Shampooing Vitanove Hydratant - 250ml","p":1.35,"u":"5,40 €/L","img":"https://fd13-photos.leclercdrive.fr/image.ashx?id=2958792&use=l&cat=p&typeid=i","cat":284606},{"id":278243,"n":"Shampooing Vitanove Cheveux longs - 250ml","p":1.79,"u":"7,16 €/L","img":"https://fd13-photos.leclercdrive.fr/image.ashx?id=2958795&use=l&cat=p&typeid=i","cat":284606},{"id":278244,"n":"Après-shampooing Vitanove Hydratant - 200ml","p":1.39,"u":"6,95 €/L","img":"https://fd13-photos.leclercdrive.fr/image.ashx?id=2958798&use=l&cat=p&typeid=i","cat":284607},{"id":278246,"n":"Après-shampooing Vitanove Cheveux longs - 200ml","p":1.56,"u":"7,80 €/L","img":"https://fd13-photos.leclercdrive.fr/image.ashx?id=2958801&use=l&cat=p&typeid=i","cat":284607},{"id":278263,"n":"Lessive liquide Genie Fleurs fraîches - 2.52L","p":9.99,"u":"3,96 €/L","img":"https://fd13-photos.leclercdrive.fr/image.ashx?id=2959964&use=l&cat=p&typeid=i","cat":284640},{"id":278573,"n":"Gel douche Ushuaïa Grenade - 490ml","p":4.26,"u":"8,69 €/L","img":"https://fd13-photos.leclercdrive.fr/image.ashx?id=3011566&use=l&cat=p&typeid=i","cat":284594},{"id":278575,"n":"Gel douche Ushuaïa Ylang - Relaxe - 490ml","p":4.25,"u":"8,67 €/L","img":"https://fd13-photos.leclercdrive.fr/image.ashx?id=3011560&use=l&cat=p&typeid=i","cat":284594},{"id":278576,"n":"Gel douche Ushuaïa Orchidée - 490ml","p":4.29,"u":"8,76 €/L","img":"https://fd13-photos.leclercdrive.fr/image.ashx?id=3011557&use=l&cat=p&typeid=i","cat":284594},{"id":278578,"n":"Gel douche Ushuaïa Minéraux marins - 490ml","p":4.25,"u":"8,67 €/L","img":"https://fd13-photos.leclercdrive.fr/image.ashx?id=3011563&use=l&cat=p&typeid=i","cat":284594},{"id":278579,"n":"Gel douche Ushuaïa Eucalyptus - 280ml","p":2.62,"u":"9,36 €/L","img":"https://fd13-photos.leclercdrive.fr/image.ashx?id=2974408&use=l&cat=p&typeid=i","cat":284594},{"id":278581,"n":"Gel douche tonifiant Ushuaïa Cèdre - 490ml","p":4.29,"u":"8,76 €/L","img":"https://fd13-photos.leclercdrive.fr/image.ashx?id=3011569&use=l&cat=p&typeid=i","cat":284594},{"id":278583,"n":"Gel douche Ushuaïa Vanille - 280ml","p":2.5,"u":"8,93 €/L","img":"https://fd13-photos.leclercdrive.fr/image.ashx?id=2974402&use=l&cat=p&typeid=i","cat":284594},{"id":278584,"n":"Gel douche Ecopack Ushuaïa Ylang - Relaxe - 500ml","p":3.6,"u":"7,20 €/L","img":"https://fd13-photos.leclercdrive.fr/image.ashx?id=3011575&use=l&cat=p&typeid=i","cat":284594},{"id":278586,"n":"Crème Le Petit Marseillais Lait végétal Multi-usage 360ml","p":6.2,"u":"17,22 €/L","img":"https://fd13-photos.leclercdrive.fr/image.ashx?id=2961026&use=l&cat=p&typeid=i","cat":325350},{"id":278680,"n":"Crème extra légère Bridélice Semi-épaisse 4%MG - 3x20cl","p":2.11,"u":"3,52 €/L","img":"https://fd13-photos.leclercdrive.fr/image.ashx?id=2996581&use=l&cat=p&typeid=i","cat":284381},{"id":278682,"n":"Crème extra légère Bridélice Epaisse 7%MG Pot 40cl","p":1.26,"u":"3,15 €/L","img":"https://fd13-photos.leclercdrive.fr/image.ashx?id=3008170&use=l&cat=p&typeid=i","cat":284381},{"id":278725,"n":"Saucisses knacki Herta Sel réduit x4 - 140g","p":1.76,"u":"12,57 €/KG","img":"https://fd13-photos.leclercdrive.fr/image.ashx?id=2965016&use=l&cat=p&typeid=i","cat":316012},{"id":278726,"n":"Saucisses charcutières Herta L'Originale x4 - 280g","p":3.55,"u":"12,68 €/KG","img":"https://fd13-photos.leclercdrive.fr/image.ashx?id=2965010&use=l&cat=p&typeid=i","cat":316012},{"id":278728,"n":"Saucisses charcutières Herta La Provençale x4 - 280g","p":3.55,"u":"12,68 €/KG","img":"https://fd13-photos.leclercdrive.fr/image.ashx?id=2965007&use=l&cat=p&typeid=i","cat":316012},{"id":278729,"n":"Croque-Monsieur Herta Maxi Mozzarella x2 - 310g","p":2.59,"u":"8,35 €/KG","img":"https://fd13-photos.leclercdrive.fr/image.ashx?id=2965013&use=l&cat=p&typeid=i","cat":333671},{"id":278874,"n":"Crème glacé Haagen-Dazs Cookie Dough Chip Extra - 650ml","p":6.18,"u":"9,51 €/L","img":"https://fd13-photos.leclercdrive.fr/image.ashx?id=2966038&use=l&cat=p&typeid=i","cat":284725},{"id":278884,"n":"Petits muffins Bonne Maman Myrtilles - 235g","p":2.58,"u":"10,98 €/KG","img":"https://fd13-photos.leclercdrive.fr/image.ashx?id=2967010&use=l&cat=p&typeid=i","cat":284495},{"id":278910,"n":"Boisson Crazy Tiger Cerise - 35cl","p":1.0,"u":"2,86 €/L","img":"https://fd13-photos.leclercdrive.fr/image.ashx?id=2967262&use=l&cat=p&typeid=i","cat":284533},{"id":278911,"n":"Boisson Crazy Tiger Tiki Mango - 35cl","p":1.0,"u":"2,86 €/L","img":"https://fd13-photos.leclercdrive.fr/image.ashx?id=2967259&use=l&cat=p&typeid=i","cat":284533},{"id":278912,"n":"Boisson Crazy Tiger Pomme - 35cl","p":1.0,"u":"2,86 €/L","img":"https://fd13-photos.leclercdrive.fr/image.ashx?id=3011524&use=l&cat=p&typeid=i","cat":284533},{"id":278914,"n":"Dessert Cheesecake Gü Citron - 3+1 offert 4x80g","p":4.89,"u":"15,28 €/KG","img":"https://fd13-photos.leclercdrive.fr/image.ashx?id=2989423&use=l&cat=p&typeid=i","cat":284419},{"id":278920,"n":"Bière blonde Punk IPA Brewdog - 5.4% vol. - 8x33cl","p":13.0,"pp":8.58,"u":"3,25 €/L","img":"https://fd13-photos.leclercdrive.fr/image.ashx?id=2967394&use=l&cat=p&typeid=i","cat":334853},{"id":279009,"n":"Fromage à tartiner Tartare  Ail & fines herbes 90g","p":1.31,"u":"14,56 €/KG","img":"https://fd13-photos.leclercdrive.fr/image.ashx?id=2967130&use=l&cat=p&typeid=i","cat":314029},{"id":279032,"n":"Gel douche Ushuaia Gingembre - 280ml","p":2.69,"u":"9,61 €/L","img":"https://fd13-photos.leclercdrive.fr/image.ashx?id=2968337&use=l&cat=p&typeid=i","cat":284594},{"id":279033,"n":"Crème Le Petit Marseillais Lait végétal - 360ml","p":5.24,"u":"14,56 €/L","img":"https://fd13-photos.leclercdrive.fr/image.ashx?id=2966442&use=l&cat=p&typeid=i","cat":325350},{"id":279036,"n":"Gel douche Ecopack Ushuaïa Minéraux Marins - 500ml","p":3.59,"u":"7,18 €/L","img":"https://fd13-photos.leclercdrive.fr/image.ashx?id=3011581&use=l&cat=p&typeid=i","cat":284594},{"id":279037,"n":"Gel douche Ushuaïa Café vert - 280ml","p":2.69,"u":"9,61 €/L","img":"https://fd13-photos.leclercdrive.fr/image.ashx?id=2966584&use=l&cat=p&typeid=i","cat":284594},{"id":279039,"n":"Crème douche Le Petit Marseillais Huile d'argan 400ml","p":4.07,"u":"10,18 €/L","img":"https://fd13-photos.leclercdrive.fr/image.ashx?id=2966578&use=l&cat=p&typeid=i","cat":284594},{"id":279046,"n":"Lait coprs Le Petit Marseillais L'Original - 250ml","p":4.83,"u":"19,32 €/L","img":"https://fd13-photos.leclercdrive.fr/image.ashx?id=2966581&use=l&cat=p&typeid=i","cat":325349},{"id":279257,"n":"Macaroni tomate mozza Panzani - 400g","p":2.45,"u":"6,13 €/KG","img":"https://fd13-photos.leclercdrive.fr/image.ashx?id=2968211&use=l&cat=p&typeid=i","cat":284442},{"id":279259,"n":"Sauce chinoise Amora 280g","p":2.07,"u":"7,39 €/KG","img":"https://fd13-photos.leclercdrive.fr/image.ashx?id=2968589&use=l&cat=p&typeid=i","cat":318431},{"id":279403,"n":"Macaroni cheese Panzani - 400g","p":2.48,"u":"6,20 €/KG","img":"https://fd13-photos.leclercdrive.fr/image.ashx?id=2967762&use=l&cat=p&typeid=i","cat":284442},{"id":279412,"n":"Spaghetti carbonara Panzani - 400g","p":2.48,"u":"6,20 €/KG","img":"https://fd13-photos.leclercdrive.fr/image.ashx?id=2967759&use=l&cat=p&typeid=i","cat":284442},{"id":279625,"n":"Adoucissant Lenor Fraîcheur de coton - 882ml","p":4.48,"u":"5,08 €/L","img":"https://fd13-photos.leclercdrive.fr/image.ashx?id=2969377&use=l&cat=p&typeid=i","cat":284650},{"id":279678,"n":"Biscuit  Mots Doux Vanille - 180g","p":1.89,"u":"10,50 €/KG","img":"https://fd13-photos.leclercdrive.fr/image.ashx?id=2970747&use=l&cat=p&typeid=i","cat":284488},{"id":279683,"n":"Barre de céréales Nesquick 8x25g","p":2.97,"u":"14,85 €/KG","img":"https://fd13-photos.leclercdrive.fr/image.ashx?id=2971350&use=l&cat=p&typeid=i","cat":300032},{"id":279892,"n":"Riz micro-ondable Suzi Wan Korean BBQ - 220g","p":1.79,"u":"8,14 €/KG","img":"https://fd13-photos.leclercdrive.fr/image.ashx?id=2974279&use=l&cat=p&typeid=i","cat":288992},{"id":279905,"n":"Sauce teriyaki Maggi Pour poulet 355g","p":3.65,"u":"10,28 €/KG","img":"https://fd13-photos.leclercdrive.fr/image.ashx?id=2971431&use=l&cat=p&typeid=i","cat":288992},{"id":280079,"n":"Repas Plaisir chat adulte Cabillaud & colin - 190g","p":1.32,"u":"6,95 €/KG","img":"https://fd13-photos.leclercdrive.fr/image.ashx?id=2982447&use=l&cat=p&typeid=i","cat":285286},{"id":280080,"n":"Repas Plaisir chat adulte saumon épinards - 190g","p":1.32,"u":"6,95 €/KG","img":"https://fd13-photos.leclercdrive.fr/image.ashx?id=2982444&use=l&cat=p&typeid=i","cat":285286},{"id":280081,"n":"Repas Plaisir chat adulte Dinde carotte courgette - 190g","p":1.17,"u":"6,16 €/KG","img":"https://fd13-photos.leclercdrive.fr/image.ashx?id=2982450&use=l&cat=p&typeid=i","cat":285286},{"id":280082,"n":"Repas Plaisir chat adulte Poulet en sauce - 190g","p":1.17,"u":"6,16 €/KG","img":"https://fd13-photos.leclercdrive.fr/image.ashx?id=2982453&use=l&cat=p&typeid=i","cat":285286},{"id":280083,"n":"Repas Plaisir chien adulte Poisson pâte courgette - 380g","p":1.98,"u":"5,21 €/KG","img":"https://fd13-photos.leclercdrive.fr/image.ashx?id=2982435&use=l&cat=p&typeid=i","cat":284673},{"id":280084,"n":"Repas Plaisir chien adulte Boeuf carottes - 380g","p":1.98,"u":"5,21 €/KG","img":"https://fd13-photos.leclercdrive.fr/image.ashx?id=2982432&use=l&cat=p&typeid=i","cat":284673},{"id":280085,"n":"Repas Plaisir chien adulte Poulet en sauce riz - 280g","p":1.84,"u":"6,57 €/KG","img":"https://fd13-photos.leclercdrive.fr/image.ashx?id=2982441&use=l&cat=p&typeid=i","cat":284673},{"id":280086,"n":"Repas Plaisir chien adulte Volaille en sauce riz - 380g","p":1.84,"u":"4,84 €/KG","img":"https://fd13-photos.leclercdrive.fr/image.ashx?id=2982438&use=l&cat=p&typeid=i","cat":284673},{"id":280089,"n":"Crème dessert Danette Saveur Snickers - 4x90g","p":2.49,"u":"6,92 €/KG","img":"https://fd13-photos.leclercdrive.fr/image.ashx?id=2971918&use=l&cat=p&typeid=i","cat":285041},{"id":280159,"n":"Crevettes décortiquées ASC  Delpierre Ail et Persil 180g","p":4.4,"u":"24,44 €/KG","img":"https://fd13-photos.leclercdrive.fr/image.ashx?id=2971978&use=l&cat=p&typeid=i","cat":284343},{"id":280161,"n":"Crevettes décortiquées MSC  Delpierre provençale 4x180g","p":4.4,"u":"24,44 €/KG","img":"https://fd13-photos.leclercdrive.fr/image.ashx?id=2971981&use=l&cat=p&typeid=i","cat":327284},{"id":280163,"n":"Crevettes décortiquées ASC  Delpierre beurre truffé 4x180g","p":4.4,"u":"24,44 €/KG","img":"https://fd13-photos.leclercdrive.fr/image.ashx?id=2971984&use=l&cat=p&typeid=i","cat":327284},{"id":280264,"n":"Nouilles Banzai noodle  Crevette - 67g","p":1.46,"u":"21,79 €/KG","img":"https://fd13-photos.leclercdrive.fr/image.ashx?id=2972856&use=l&cat=p&typeid=i","cat":284953},{"id":280408,"n":"Brownie Bonne Maman Chocolat pecan x6 - 210g","p":3.39,"u":"16,14 €/KG","img":"https://fd13-photos.leclercdrive.fr/image.ashx?id=2972949&use=l&cat=p&typeid=i","cat":284495},{"id":280410,"n":"Gateaux Bonne Maman Tendre Cœur Caramel x7 - 210g","p":3.19,"u":"15,19 €/KG","img":"https://fd13-photos.leclercdrive.fr/image.ashx?id=2972946&use=l&cat=p&typeid=i","cat":284495},{"id":280452,"n":"Sauce champignons Rustica 300g","p":1.35,"u":"4,50 €/KG","img":"https://fd13-photos.leclercdrive.fr/image.ashx?id=2972775&use=l&cat=p&typeid=i","cat":318430},{"id":280478,"n":"Mini ravioli Lustucru Jambon fromage 280g","p":2.5,"u":"8,93 €/KG","img":"https://fd13-photos.leclercdrive.fr/image.ashx?id=2996653&use=l&cat=p&typeid=i","cat":333682},{"id":280494,"n":"Mini ravioli Lustucru Fromage 280g","p":2.5,"u":"8,93 €/KG","img":"https://fd13-photos.leclercdrive.fr/image.ashx?id=2996650&use=l&cat=p&typeid=i","cat":333682},{"id":280610,"n":"Lait corps Nivea Repair & care - 250ml","p":4.48,"pp":2.96,"u":"11,84 €/L","img":"https://fd13-photos.leclercdrive.fr/image.ashx?id=2974435&use=l&cat=p&typeid=i","cat":325349},{"id":280754,"n":"Gel douche Sanex Derma Thérapie Anti-démangeaison - 850ml","p":10.13,"u":"11,92 €/L","img":"https://fd13-photos.leclercdrive.fr/image.ashx?id=2987026&use=l&cat=p&typeid=i","cat":284594},{"id":280758,"n":"Gel douche Sanex Derma Thérapie Anti-dessechement - 850ml","p":10.13,"u":"11,92 €/L","img":"https://fd13-photos.leclercdrive.fr/image.ashx?id=2987029&use=l&cat=p&typeid=i","cat":284594},{"id":280761,"n":"Gel douche Sanex Derma Thérapie 850ml","p":10.13,"u":"11,92 €/L","img":"https://fd13-photos.leclercdrive.fr/image.ashx?id=2987032&use=l&cat=p&typeid=i","cat":284594},{"id":280777,"n":"Préparation Banana Bread Vahiné 300g","p":2.66,"u":"8,87 €/KG","img":"https://fd13-photos.leclercdrive.fr/image.ashx?id=2975873&use=l&cat=p&typeid=i","cat":284505},{"id":280778,"n":"Ketchup tomato Heinz cornichon - 250g","p":1.95,"u":"7,80 €/KG","img":"https://fd13-photos.leclercdrive.fr/image.ashx?id=2976176&use=l&cat=p&typeid=i","cat":284455},{"id":280782,"n":"Sauce sweet chili Heinz 260g","p":2.1,"u":"8,08 €/KG","img":"https://fd13-photos.leclercdrive.fr/image.ashx?id=2976101&use=l&cat=p&typeid=i","cat":318431},{"id":280783,"n":"Sauce korean barbecue Heinz 265g","p":2.24,"u":"8,45 €/KG","img":"https://fd13-photos.leclercdrive.fr/image.ashx?id=2976137&use=l&cat=p&typeid=i","cat":318431},{"id":280784,"n":"Mayonnaise  Heinz Srirachamix - 400g","p":3.5,"u":"8,75 €/KG","img":"https://fd13-photos.leclercdrive.fr/image.ashx?id=2976140&use=l&cat=p&typeid=i","cat":318431},{"id":280858,"n":"Beurre St-Hubert doux L'Original - 500g","p":3.5,"u":"7,00 €/KG","img":"https://fd13-photos.leclercdrive.fr/image.ashx?id=2975966&use=l&cat=p&typeid=i","cat":284379},{"id":280870,"n":"Croquette Purina One Chat Sterilisé - 7,5 kg","p":31.03,"img":"https://fd13-photos.leclercdrive.fr/image.ashx?id=2976143&use=l&cat=p&typeid=i","cat":284680},{"id":280871,"n":"Croquettes croq & tendre Fido Poulet - 7kg","p":16.23,"u":"2,32 €/KG","img":"https://fd13-photos.leclercdrive.fr/image.ashx?id=2976146&use=l&cat=p&typeid=i","cat":284680},{"id":280878,"n":"Bowl Bonduelle A la mexicaine - 250g","p":2.85,"u":"11,40 €/KG","img":"https://fd13-photos.leclercdrive.fr/image.ashx?id=2996533&use=l&cat=p&typeid=i","cat":328010},{"id":280904,"n":"Mini cônes Extrême Mix x6 - 234g","p":3.79,"u":"0,63 €/P","img":"https://fd13-photos.leclercdrive.fr/image.ashx?id=2975933&use=l&cat=p&typeid=i","cat":284264},{"id":280905,"n":"Pancakes Pasquier Pépites de chocolat x8 - 280g","p":2.24,"u":"8,00 €/KG","img":"https://fd13-photos.leclercdrive.fr/image.ashx?id=2975921&use=l&cat=p&typeid=i","cat":284495},{"id":280997,"n":"Bowl à l'orientale 250g","p":2.89,"u":"11,56 €/KG","img":"https://fd13-photos.leclercdrive.fr/image.ashx?id=2991921&use=l&cat=p&typeid=i","cat":325094},{"id":281037,"n":"Skyr Alpro Exotic- 400g","p":2.89,"u":"7,23 €/KG","img":"https://fd13-photos.leclercdrive.fr/image.ashx?id=2976098&use=l&cat=p&typeid=i","cat":316071},{"id":281128,"n":"Lessive X-tra Total 40 lavages","p":7.8,"u":"4,33 €/L","img":"https://fd13-photos.leclercdrive.fr/image.ashx?id=2976788&use=l&cat=p&typeid=i","cat":284640},{"id":281259,"n":"Galette Saint Michel Chocolat caramel - 98g","p":1.29,"u":"13,16 €/KG","img":"https://fd13-photos.leclercdrive.fr/image.ashx?id=2978694&use=l&cat=p&typeid=i","cat":284487},{"id":281261,"n":"Biscuit chocolat Bonne Maman Petits carrés coco 200g","p":2.41,"u":"12,05 €/KG","img":"https://fd13-photos.leclercdrive.fr/image.ashx?id=2989150&use=l&cat=p&typeid=i","cat":284487},{"id":281340,"n":"Bonbons Krema Mystery 580g","p":4.61,"u":"7,95 €/KG","img":"https://fd13-photos.leclercdrive.fr/image.ashx?id=2978823&use=l&cat=p&typeid=i","cat":304250},{"id":281342,"n":"Bonbons Carambar  Color Mystery 380g","p":3.72,"u":"9,79 €/KG","img":"https://fd13-photos.leclercdrive.fr/image.ashx?id=2978829&use=l&cat=p&typeid=i","cat":304250},{"id":281345,"n":"Bonbons Krema Milkshake 580g","p":4.13,"u":"7,12 €/KG","img":"https://fd13-photos.leclercdrive.fr/image.ashx?id=2978835&use=l&cat=p&typeid=i","cat":304250},{"id":281416,"n":"Ravioli Turini Chèvre épinards 250g","p":1.99,"u":"7,96 €/KG","img":"https://fd13-photos.leclercdrive.fr/image.ashx?id=2978367&use=l&cat=p&typeid=i","cat":333682},{"id":281417,"n":"Tortellini Turini Pesto pignon 250g","p":2.35,"u":"9,40 €/KG","img":"https://fd13-photos.leclercdrive.fr/image.ashx?id=2978370&use=l&cat=p&typeid=i","cat":333682},{"id":281419,"n":"Girasoli Turini Légumes du soleil 250g","p":2.49,"u":"9,96 €/KG","img":"https://fd13-photos.leclercdrive.fr/image.ashx?id=2978373&use=l&cat=p&typeid=i","cat":333682},{"id":281506,"n":"Jus de 4 fruits Tropicana Pure Douceur Edition Limitée - 90cl","p":2.82,"u":"3,13 €/L","img":"https://fd13-photos.leclercdrive.fr/image.ashx?id=2987662&use=l&cat=p&typeid=i","cat":284354},{"id":281522,"n":"Boisson végétale Alpro Barista Coco 750ml","p":1.79,"u":"2,39 €/L","img":"https://fd13-photos.leclercdrive.fr/image.ashx?id=2979430&use=l&cat=p&typeid=i","cat":316067},{"id":281524,"n":"Boisson végétale Alpro Avoine 500ml","p":1.59,"u":"3,18 €/L","img":"https://fd13-photos.leclercdrive.fr/image.ashx?id=2986855&use=l&cat=p&typeid=i","cat":316067},{"id":281608,"n":"Croquettes McCain Golden  830g","p":1.99,"u":"2,40 €/KG","img":"https://fd13-photos.leclercdrive.fr/image.ashx?id=2988737&use=l&cat=p&typeid=i","cat":319791},{"id":281732,"n":"Calendrier de l'avent  Masque Justice League 75g","p":3.32,"u":"44,27 €/KG","img":"https://fd13-photos.leclercdrive.fr/image.ashx?id=2981394&use=l&cat=p&typeid=i","cat":327590},{"id":281735,"n":"Calendrier masque PatPatrouille Chase - 75g","p":3.32,"u":"44,27 €/KG","img":"https://fd13-photos.leclercdrive.fr/image.ashx?id=2981397&use=l&cat=p&typeid=i","cat":327590},{"id":281746,"n":"Brosse à dents Elmex Expert Precision extra souple","p":4.19,"img":"https://fd13-photos.leclercdrive.fr/image.ashx?id=2981406&use=l&cat=p&typeid=i","cat":284614},{"id":281747,"n":"Brosse à dents Elmex Caries Protection souple","p":3.1,"img":"https://fd13-photos.leclercdrive.fr/image.ashx?id=2981409&use=l&cat=p&typeid=i","cat":284614},{"id":281752,"n":"Crème dessert Danette Caramel 8x125g","p":3.37,"u":"3,37 €/KG","img":"https://fd13-photos.leclercdrive.fr/image.ashx?id=2980863&use=l&cat=p&typeid=i","cat":285041},{"id":281884,"n":"Lessive liquide Dash 2en1  Jasmin et Rose de Mai - 1.8L","p":11.9,"u":"6,61 €/L","img":"https://fd13-photos.leclercdrive.fr/image.ashx?id=2981385&use=l&cat=p&typeid=i","cat":284640},{"id":282010,"n":"Kinder Surprise  x4 - 80g","p":5.96,"u":"74,50 €/KG","img":"https://fd13-photos.leclercdrive.fr/image.ashx?id=2981373&use=l&cat=p&typeid=i","cat":327592},{"id":282011,"n":"Chocolat Kinder Géant 300g","p":7.72,"u":"25,73 €/KG","img":"https://fd13-photos.leclercdrive.fr/image.ashx?id=2981367&use=l&cat=p&typeid=i","cat":327592},{"id":282014,"n":"Chocolat Kinder Mix - 102g","p":3.63,"u":"35,59 €/KG","img":"https://fd13-photos.leclercdrive.fr/image.ashx?id=2981370&use=l&cat=p&typeid=i","cat":327592},{"id":282335,"n":"Fizzy mug Mr et Mme  Mr Incroyable - 100g","p":5.04,"u":"50,40 €/KG","img":"https://fd13-photos.leclercdrive.fr/image.ashx?id=2983679&use=l&cat=p&typeid=i","cat":327789},{"id":282443,"n":"Calendrier masque PatPatrouille Stella - 75g","p":3.32,"u":"44,27 €/KG","img":"https://fd13-photos.leclercdrive.fr/image.ashx?id=2984525&use=l&cat=p&typeid=i","cat":327590},{"id":282444,"n":"Calendrier masque PatPatrouille Chase - 75g","p":3.32,"u":"44,27 €/KG","img":"https://fd13-photos.leclercdrive.fr/image.ashx?id=2981397&use=l&cat=p&typeid=i","cat":327590},{"id":282452,"n":"Calendrier de l'avent  Joker -  75g","p":3.32,"u":"44,27 €/KG","img":"https://fd13-photos.leclercdrive.fr/image.ashx?id=2981394&use=l&cat=p&typeid=i","cat":327590},{"id":282453,"n":"Calendrier de l'avent  Batman -  75g","p":3.32,"u":"44,27 €/KG","img":"https://fd13-photos.leclercdrive.fr/image.ashx?id=2984528&use=l&cat=p&typeid=i","cat":327590},{"id":282769,"n":"Chocolat Kinder Mix - 102g","p":3.63,"u":"35,59 €/KG","img":"https://fd13-photos.leclercdrive.fr/image.ashx?id=2984546&use=l&cat=p&typeid=i","cat":327592},{"id":282770,"n":"Chocolat Kinder Pingouin - 102g","p":3.63,"u":"35,59 €/KG","img":"https://fd13-photos.leclercdrive.fr/image.ashx?id=2984549&use=l&cat=p&typeid=i","cat":327592},{"id":282932,"n":"Petits Coraya sauce mayonnaise 21 bâtonnets +33% offerts 311g","p":2.35,"u":"7,56 €/KG","img":"https://fd13-photos.leclercdrive.fr/image.ashx?id=2986425&use=l&cat=p&typeid=i","cat":285189},{"id":282946,"n":"Lessive Xt-tra Total Marseille Aloe vera - 1.8L x40","p":7.8,"u":"4,33 €/L","img":"https://fd13-photos.leclercdrive.fr/image.ashx?id=2985030&use=l&cat=p&typeid=i","cat":284640},{"id":283136,"n":"Kinder Surprise  Père Noel x4 - 80g","p":5.96,"u":"74,50 €/KG","img":"https://fd13-photos.leclercdrive.fr/image.ashx?id=2981373&use=l&cat=p&typeid=i","cat":327592},{"id":283138,"n":"Kinder Surprise  Bonhomme de neige x4 - 80g","p":5.96,"u":"74,50 €/KG","img":"https://fd13-photos.leclercdrive.fr/image.ashx?id=2987196&use=l&cat=p&typeid=i","cat":327592},{"id":283154,"n":"Chocolat Kinder Géant Père Noel - 300g","p":7.72,"u":"25,73 €/KG","img":"https://fd13-photos.leclercdrive.fr/image.ashx?id=2981367&use=l&cat=p&typeid=i","cat":327592},{"id":283254,"n":"Adoucissant dilué Soupline Grand Air - 2250ml","p":6.45,"u":"2,87 €/L","img":"https://fd13-photos.leclercdrive.fr/image.ashx?id=2993490&use=l&cat=p&typeid=i","cat":284650},{"id":283258,"n":"Biscuits Noël Delacre Etoile Délices au chocolat 485g","p":11.16,"u":"23,01 €/KG","img":"https://fd13-photos.leclercdrive.fr/image.ashx?id=2988330&use=l&cat=p&typeid=i","cat":284490},{"id":283263,"n":"Adoucissant dilué Soupline Grand Air - 1500ml","p":4.95,"u":"3,30 €/L","img":"https://fd13-photos.leclercdrive.fr/image.ashx?id=3004450&use=l&cat=p&typeid=i","cat":284650},{"id":283272,"n":"Recharge de lames Gillette  Fusion 5 - x4","p":16.65,"img":"https://fd13-photos.leclercdrive.fr/image.ashx?id=2988719&use=l&cat=p&typeid=i","cat":284616},{"id":283678,"n":"Adoucissant dilué Soupline Hypoallergenique - 1.5L","p":4.99,"u":"3,33 €/L","img":"https://fd13-photos.leclercdrive.fr/image.ashx?id=3000498&use=l&cat=p&typeid=i","cat":284650},{"id":283765,"n":"Masque Kératine Dessange Morphose - 280ml","p":10.9,"u":"38,93 €/L","img":"https://fd13-photos.leclercdrive.fr/image.ashx?id=2988857&use=l&cat=p&typeid=i","cat":284608},{"id":284010,"n":"Nestlé I Love Kefir Yaourt Nature - 2x150g","p":2.19,"pp":1.45,"u":"4,83 €/KG","img":"https://fd13-photos.leclercdrive.fr/image.ashx?id=2991834&use=l&cat=p&typeid=i","cat":284409},{"id":284082,"n":"Spray déodorant Nivea Men Derma control sensitive - 200ml","p":3.78,"u":"18,90 €/L","img":"https://fd13-photos.leclercdrive.fr/image.ashx?id=2990925&use=l&cat=p&typeid=i","cat":284618},{"id":284083,"n":"Spray déodorant Nivea Men Defend derma control - 200ml","p":3.78,"u":"18,90 €/L","img":"https://fd13-photos.leclercdrive.fr/image.ashx?id=2990907&use=l&cat=p&typeid=i","cat":284618},{"id":284084,"n":"Spray déodorant Nivea Men Derma control restore - 200ml","p":3.78,"u":"18,90 €/L","img":"https://fd13-photos.leclercdrive.fr/image.ashx?id=2990901&use=l&cat=p&typeid=i","cat":284618},{"id":284087,"n":"Déodorant stick Nivea Men Black & White Invisible - 50ml","p":4.84,"u":"96,80 €/L","img":"https://fd13-photos.leclercdrive.fr/image.ashx?id=2990928&use=l&cat=p&typeid=i","cat":284596},{"id":284088,"n":"Déodorant stick Nivea Men Dry impact - 50ml","p":4.84,"u":"96,80 €/L","img":"https://fd13-photos.leclercdrive.fr/image.ashx?id=2990412&use=l&cat=p&typeid=i","cat":284618},{"id":284090,"n":"Déodorant bille Nivea men Derma control Sensitive - 50ml","p":3.78,"u":"75,60 €/L","img":"https://fd13-photos.leclercdrive.fr/image.ashx?id=2990916&use=l&cat=p&typeid=i","cat":284618},{"id":284095,"n":"Déodorant spray Nivea Men Derma control defend - 200ml","p":3.78,"u":"18,90 €/L","img":"https://fd13-photos.leclercdrive.fr/image.ashx?id=2990904&use=l&cat=p&typeid=i","cat":284618},{"id":284100,"n":"Déodorant bille Nivea Men Derma control - 50ml","p":3.78,"u":"75,60 €/L","img":"https://fd13-photos.leclercdrive.fr/image.ashx?id=2990922&use=l&cat=p&typeid=i","cat":284618},{"id":284296,"n":"Masque Le Petit Marseillais  4 en 1 Hydratation -370ml","p":6.47,"u":"17,49 €/L","img":"https://fd13-photos.leclercdrive.fr/image.ashx?id=2992140&use=l&cat=p&typeid=i","cat":284608},{"id":284524,"n":"Shampooing Le Petit Marseillais Huile de Jojoba Bio - 250ml","p":2.78,"u":"11,12 €/L","img":"https://fd13-photos.leclercdrive.fr/image.ashx?id=2993436&use=l&cat=p&typeid=i","cat":284606},{"id":284639,"n":"Gel douche Sanex Protection - 400ml","p":4.12,"u":"10,30 €/L","img":"https://fd13-photos.leclercdrive.fr/image.ashx?id=2997373&use=l&cat=p&typeid=i","cat":284594},{"id":284657,"n":"Gel douche Sanex Derma Care Revitalisant - 425ml","p":4.94,"u":"11,62 €/L","img":"https://fd13-photos.leclercdrive.fr/image.ashx?id=2997367&use=l&cat=p&typeid=i","cat":284594},{"id":284735,"n":"Recharge gel douche Sanex Protection - 450ml","p":3.88,"u":"8,62 €/L","img":"https://fd13-photos.leclercdrive.fr/image.ashx?id=2994581&use=l&cat=p&typeid=i","cat":284594},{"id":285201,"n":"Calendrier de l'avent Justin Bridou - 320g","p":26.9,"pp":17.75,"u":"55,47 €/KG","img":"https://fd13-photos.leclercdrive.fr/image.ashx?id=2996968&use=l&cat=p&typeid=i","cat":316006},{"id":285245,"n":"Riz Comptoir du Grain 3 riz blanc rouge noir 500g","p":1.86,"u":"3,72 €/KG","img":"https://fd13-photos.leclercdrive.fr/image.ashx?id=2995820&use=l&cat=p&typeid=i","cat":284428},{"id":285304,"n":"Chocolat en poudre Nesquick  Saveur fraise - 350g","p":3.37,"u":"9,63 €/KG","img":"https://fd13-photos.leclercdrive.fr/image.ashx?id=2997304&use=l&cat=p&typeid=i","cat":293235},{"id":285622,"n":"Gel lavant bébé Eco+ 2en1 - Corps & cheveux - 300ml","p":0.97,"u":"32,33 €/L","img":"https://fd13-photos.leclercdrive.fr/image.ashx?id=2997703&use=l&cat=p&typeid=i","cat":284740},{"id":285635,"n":"Shampooing douche Carré Homme Sensitive - 250ml","p":1.15,"u":"4,60 €/L","img":"https://fd13-photos.leclercdrive.fr/image.ashx?id=2997706&use=l&cat=p&typeid=i","cat":284621},{"id":285687,"n":"Sérum physiologique Mots D'enfants - 500ml","p":2.99,"u":"5,98 €/L","img":"https://fd13-photos.leclercdrive.fr/image.ashx?id=2997748&use=l&cat=p&typeid=i","cat":289435},{"id":285688,"n":"Shampooing douche Carré Homme Vivifiant - Menthol - 250ml","p":1.15,"u":"4,60 €/L","img":"https://fd13-photos.leclercdrive.fr/image.ashx?id=2997751&use=l&cat=p&typeid=i","cat":284621},{"id":285702,"n":"Recharge crème lavante Manava Velours d'Amande - 1L","p":1.87,"u":"1,87 €/L","img":"https://fd13-photos.leclercdrive.fr/image.ashx?id=2997841&use=l&cat=p&typeid=i","cat":284594},{"id":285704,"n":"Gel douche Manava Délice gourmand - 250ml","p":1.29,"u":"5,16 €/L","img":"https://fd13-photos.leclercdrive.fr/image.ashx?id=2997844&use=l&cat=p&typeid=i","cat":284594},{"id":285705,"n":"Gel douche Manava Douceur d'hiver - 250ml","p":1.29,"u":"5,16 €/L","img":"https://fd13-photos.leclercdrive.fr/image.ashx?id=2997847&use=l&cat=p&typeid=i","cat":284594},{"id":285749,"n":"Shampooing Elseve Hyaluronique Restage - 2x400ml","p":15.16,"u":"18,95 €/L","img":"https://fd13-photos.leclercdrive.fr/image.ashx?id=2997829&use=l&cat=p&typeid=i","cat":284606},{"id":285750,"n":"Shampooing Elseve Dream Length Restage - 2x400ml","p":15.16,"u":"18,95 €/L","img":"https://fd13-photos.leclercdrive.fr/image.ashx?id=2997835&use=l&cat=p&typeid=i","cat":284606},{"id":286578,"n":"Chou vert 1p","p":1.69,"img":"https://fd13-photos.leclercdrive.fr/image.ashx?id=560851&use=l&cat=p&typeid=i","cat":284352},{"id":287195,"n":"Brioche La Fournée Doré Format familial - 700g","p":2.81,"u":"4,01 €/KG","img":"https://fd13-photos.leclercdrive.fr/image.ashx?id=3005125&use=l&cat=p&typeid=i","cat":285529},{"id":287263,"n":"Chocolat en poudre Poulain 450g","p":2.99,"u":"6,64 €/KG","img":"https://fd13-photos.leclercdrive.fr/image.ashx?id=3005143&use=l&cat=p&typeid=i","cat":293235},{"id":287558,"n":"Déodorant Axe Supreme black 48h fraîcheur 2x200ml","p":6.97,"pp":4.88,"u":"12,20 €/L","img":"https://fd13-photos.leclercdrive.fr/image.ashx?id=3006202&use=l&cat=p&typeid=i","cat":284618},{"id":287560,"n":"Déodorant Axe Supreme Dark Temptation 2x200ml","p":6.97,"pp":4.88,"u":"12,20 €/L","img":"https://fd13-photos.leclercdrive.fr/image.ashx?id=3006205&use=l&cat=p&typeid=i","cat":284618},{"id":287563,"n":"Déodorant Axe Supreme  Ice Cool 2x200ml","p":6.97,"pp":4.88,"u":"12,20 €/L","img":"https://fd13-photos.leclercdrive.fr/image.ashx?id=3006208&use=l&cat=p&typeid=i","cat":284618},{"id":287564,"n":"Déodorant Axe Supreme Provocation 2x200ml","p":6.97,"pp":4.88,"u":"12,20 €/L","img":"https://fd13-photos.leclercdrive.fr/image.ashx?id=3006211&use=l&cat=p&typeid=i","cat":284618},{"id":287566,"n":"Déodorant Axe Supreme  Apollo 2x200ml","p":6.97,"pp":4.88,"u":"12,20 €/L","img":"https://fd13-photos.leclercdrive.fr/image.ashx?id=3006214&use=l&cat=p&typeid=i","cat":284618},{"id":288576,"n":"Yaourt à la Grecque Bio Village Bio - 4x125g","p":2.26,"u":"4,52 €/KG","img":"https://fd13-photos.leclercdrive.fr/image.ashx?id=3009738&use=l&cat=p&typeid=i","cat":314999},{"id":288606,"n":"Saumon fumé Mowi Ecosse 6 tranches - 180g","p":8.99,"u":"49,94 €/KG","img":"https://fd13-photos.leclercdrive.fr/image.ashx?id=3011332&use=l&cat=p&typeid=i","cat":285188},{"id":288607,"n":"Saumon fumé Mowi Norvège 6 tranches mini - 210g","p":8.99,"u":"42,81 €/KG","img":"https://fd13-photos.leclercdrive.fr/image.ashx?id=3011329&use=l&cat=p&typeid=i","cat":285188}]}