{"id":"974601-974601","dt":"2025-12-15","p":[{"id":2,"n":"Haricots verts Notre Jardin Extra fins - 345g","p":2.39,"u":"6,93 €/KG","img":"https://fd15-photos.leclercdrive.fr/image.ashx?id=2988021&use=l&cat=p&typeid=i","cat":312606},{"id":3,"n":"Haricots verts Notre Jardin Très fins - 220g","p":1.0,"u":"4,55 €/KG","img":"https://fd15-photos.leclercdrive.fr/image.ashx?id=2987991&use=l&cat=p&typeid=i","cat":312606},{"id":4,"n":"Haricots verts Notre Jardin Très fins - 440g","p":1.84,"u":"4,18 €/KG","img":"https://fd15-photos.leclercdrive.fr/image.ashx?id=2468822&use=l&cat=p&typeid=i","cat":312606},{"id":5,"n":"Haricots verts Notre Jardin Extra fins - 440g","p":1.91,"u":"4,34 €/KG","img":"https://fd15-photos.leclercdrive.fr/image.ashx?id=2291393&use=l&cat=p&typeid=i","cat":312606},{"id":6,"n":"Haricots verts Notre Jardin Extra fins - 220g","p":1.05,"u":"4,77 €/KG","img":"https://fd15-photos.leclercdrive.fr/image.ashx?id=1993167&use=l&cat=p&typeid=i","cat":312606},{"id":7,"n":"Haricots beurre Notre Jardin Très fins - 220g","p":1.29,"u":"5,86 €/KG","img":"https://fd15-photos.leclercdrive.fr/image.ashx?id=2988027&use=l&cat=p&typeid=i","cat":312606},{"id":8,"n":"Haricots beurre Notre Jardin Très fins - 440g","p":1.97,"u":"4,48 €/KG","img":"https://fd15-photos.leclercdrive.fr/image.ashx?id=2988030&use=l&cat=p&typeid=i","cat":312606},{"id":9,"n":"Petits pois Notre Jardin A l'étuvée - Extra fins - 280g","p":1.2,"u":"4,29 €/KG","img":"https://fd15-photos.leclercdrive.fr/image.ashx?id=2398758&use=l&cat=p&typeid=i","cat":312607},{"id":10,"n":"Petits pois Notre Jardin A l'étuvée - Très fins - 280g","p":1.29,"u":"4,61 €/KG","img":"https://fd15-photos.leclercdrive.fr/image.ashx?id=2398761&use=l&cat=p&typeid=i","cat":312607},{"id":11,"n":"Petits pois carottes  Notre Jardin -Extra fins - 530g","p":2.25,"u":"4,25 €/KG","img":"https://fd15-photos.leclercdrive.fr/image.ashx?id=2398764&use=l&cat=p&typeid=i","cat":312607},{"id":12,"n":"Petits pois carottes extra-fins Notre Jardin à l'étuvée 260g","p":1.29,"u":"4,87 €/KG","img":"https://fd15-photos.leclercdrive.fr/image.ashx?id=2987964&use=l&cat=p&typeid=i","cat":312607},{"id":13,"n":"Petits pois carottes Très fins Notre Jardin -A l'étuvée -530g","p":2.29,"u":"4,32 €/KG","img":"https://fd15-photos.leclercdrive.fr/image.ashx?id=2698156&use=l&cat=p&typeid=i","cat":312607},{"id":14,"n":"Carottes Notre Jardin Extra-fines - 265g","p":1.1,"u":"4,15 €/KG","img":"https://fd15-photos.leclercdrive.fr/image.ashx?id=1993149&use=l&cat=p&typeid=i","cat":312607},{"id":15,"n":"Champignons Paris Notre Jardin Entiers - 230g","p":1.99,"u":"8,65 €/KG","img":"https://fd15-photos.leclercdrive.fr/image.ashx?id=2553890&use=l&cat=p&typeid=i","cat":312610},{"id":16,"n":"Champignons Paris Notre Jardin Pieds et morceaux - 230g","p":1.99,"u":"8,65 €/KG","img":"https://fd15-photos.leclercdrive.fr/image.ashx?id=2553896&use=l&cat=p&typeid=i","cat":312610},{"id":17,"n":"Champignons Paris Notre Jardin Emincés - 230g","p":1.93,"u":"8,39 €/KG","img":"https://fd15-photos.leclercdrive.fr/image.ashx?id=2551960&use=l&cat=p&typeid=i","cat":312610},{"id":19,"n":"Flageolets verts Notre Jardin Extra fins - 265g","p":1.22,"u":"4,60 €/KG","img":"https://fd15-photos.leclercdrive.fr/image.ashx?id=2371539&use=l&cat=p&typeid=i","cat":312606},{"id":20,"n":"Macédoine légumes Notre Jardin 265g","p":1.09,"u":"4,11 €/KG","img":"https://fd15-photos.leclercdrive.fr/image.ashx?id=2050600&use=l&cat=p&typeid=i","cat":312612},{"id":21,"n":"Macédoine légumes Notre Jardin - 530g","p":1.95,"u":"3,68 €/KG","img":"https://fd15-photos.leclercdrive.fr/image.ashx?id=1993547&use=l&cat=p&typeid=i","cat":312612},{"id":22,"n":"Garniture de 4 légumes  Notre Jardin - 510g","p":2.39,"u":"4,69 €/KG","img":"https://fd15-photos.leclercdrive.fr/image.ashx?id=2526279&use=l&cat=p&typeid=i","cat":312612},{"id":26,"n":"Pois chiches Notre Jardin 265g","p":0.95,"u":"3,58 €/KG","img":"https://fd15-photos.leclercdrive.fr/image.ashx?id=2988009&use=l&cat=p&typeid=i","cat":312609},{"id":27,"n":"Lentilles préparées Notre  Jardin - 265g","p":0.9,"u":"3,40 €/KG","img":"https://fd15-photos.leclercdrive.fr/image.ashx?id=2448968&use=l&cat=p&typeid=i","cat":312609},{"id":28,"n":"Lentilles Préparées Notre  Jardin - 530g","p":1.49,"u":"2,81 €/KG","img":"https://fd15-photos.leclercdrive.fr/image.ashx?id=2448965&use=l&cat=p&typeid=i","cat":312609},{"id":29,"n":"Haricots rouges Notre Jardin 250g","p":0.93,"u":"3,72 €/KG","img":"https://fd15-photos.leclercdrive.fr/image.ashx?id=2448977&use=l&cat=p&typeid=i","cat":312606},{"id":30,"n":"Pommes de terre Notre Jardin 530g","p":2.09,"u":"3,94 €/KG","img":"https://fd15-photos.leclercdrive.fr/image.ashx?id=2696250&use=l&cat=p&typeid=i","cat":312612},{"id":34,"n":"Garniture de céleris Notre Jardin - 500g","p":2.05,"u":"4,10 €/KG","img":"https://fd15-photos.leclercdrive.fr/image.ashx?id=2526282&use=l&cat=p&typeid=i","cat":312612},{"id":36,"n":"Epinards hâchés Notre Jardin 795g","p":2.15,"u":"2,70 €/KG","img":"https://fd15-photos.leclercdrive.fr/image.ashx?id=2050606&use=l&cat=p&typeid=i","cat":312612},{"id":37,"n":"Epinards hâchés Notre Jardin 395g","p":1.25,"u":"3,16 €/KG","img":"https://fd15-photos.leclercdrive.fr/image.ashx?id=1993152&use=l&cat=p&typeid=i","cat":312612},{"id":38,"n":"Epinards branches  Notre Jardin 265g","p":1.25,"u":"4,72 €/KG","img":"https://fd15-photos.leclercdrive.fr/image.ashx?id=2691024&use=l&cat=p&typeid=i","cat":312612},{"id":39,"n":"Epinards branches Notre Jardin 530g","p":2.09,"u":"3,94 €/KG","img":"https://fd15-photos.leclercdrive.fr/image.ashx?id=2398773&use=l&cat=p&typeid=i","cat":312612},{"id":40,"n":"Coeurs de palmiers Notre Jardin Extra tendres - 500g","p":7.3,"u":"14,60 €/KG","img":"https://fd15-photos.leclercdrive.fr/image.ashx?id=2589849&use=l&cat=p&typeid=i","cat":312611},{"id":41,"n":"Choux Bruxelles Notre Jardin 530g","p":2.19,"u":"4,13 €/KG","img":"https://fd15-photos.leclercdrive.fr/image.ashx?id=2072428&use=l&cat=p&typeid=i","cat":312612},{"id":42,"n":"Haricots Mungo Notre Jardin 180g","p":1.45,"u":"8,06 €/KG","img":"https://fd15-photos.leclercdrive.fr/image.ashx?id=2072431&use=l&cat=p&typeid=i","cat":312611},{"id":43,"n":"Asperges blanches miniatures Notre Jardin - 110g","p":2.28,"u":"20,73 €/KG","img":"https://fd15-photos.leclercdrive.fr/image.ashx?id=2049019&use=l&cat=p&typeid=i","cat":312611},{"id":44,"n":"Maïs Notre Jardin Tendre - 285g","p":1.05,"u":"3,68 €/KG","img":"https://fd15-photos.leclercdrive.fr/image.ashx?id=3005658&use=l&cat=p&typeid=i","cat":312611},{"id":47,"n":"Filets de thon Saupiquet Huile d'olive - 115g","p":3.6,"u":"31,30 €/KG","img":"https://fd15-photos.leclercdrive.fr/image.ashx?id=2846373&use=l&cat=p&typeid=i","cat":303867},{"id":50,"n":"Miettes de thon Pêche Océan Huile de tournesol - 160g","p":1.59,"u":"9,94 €/KG","img":"https://fd15-photos.leclercdrive.fr/image.ashx?id=2941366&use=l&cat=p&typeid=i","cat":303867},{"id":51,"n":"Miettes de thon Pêche Océan Tomate - 160g","p":1.59,"u":"9,94 €/KG","img":"https://fd15-photos.leclercdrive.fr/image.ashx?id=2941378&use=l&cat=p&typeid=i","cat":303867},{"id":52,"n":"Miettes de thon Pêche Océan Tomate - 3x80g","p":2.3,"u":"9,58 €/KG","img":"https://fd15-photos.leclercdrive.fr/image.ashx?id=2941363&use=l&cat=p&typeid=i","cat":303867},{"id":66,"n":"Terrine de campagne Côté Table Cèpes - 180g","p":2.8,"u":"15,56 €/KG","img":"https://fd15-photos.leclercdrive.fr/image.ashx?id=2519414&use=l&cat=p&typeid=i","cat":305149},{"id":67,"n":"Terrine de canard Côté Table 180g","p":1.99,"u":"11,06 €/KG","img":"https://fd15-photos.leclercdrive.fr/image.ashx?id=2436645&use=l&cat=p&typeid=i","cat":305149},{"id":68,"n":"Cassoulet Côté Table Saucisses et saucissons - 420g","p":1.95,"u":"4,64 €/KG","img":"https://fd15-photos.leclercdrive.fr/image.ashx?id=2977099&use=l&cat=p&typeid=i","cat":284440},{"id":72,"n":"Lentilles cuisinées Raynal Et Roquelaure - 820g","p":3.9,"u":"4,76 €/KG","img":"https://fd15-photos.leclercdrive.fr/image.ashx?id=2928393&use=l&cat=p&typeid=i","cat":312609},{"id":74,"n":"Choucroute Côté Table garnie 800g","p":3.35,"u":"4,19 €/KG","img":"https://fd15-photos.leclercdrive.fr/image.ashx?id=2977111&use=l&cat=p&typeid=i","cat":284441},{"id":75,"n":"Choucroute Côté Table garnie 400g","p":1.9,"u":"4,75 €/KG","img":"https://fd15-photos.leclercdrive.fr/image.ashx?id=2977114&use=l&cat=p&typeid=i","cat":284441},{"id":76,"n":"Gratin dauphinois Côté Table 850g","p":2.65,"u":"3,12 €/KG","img":"https://fd15-photos.leclercdrive.fr/image.ashx?id=2521755&use=l&cat=p&typeid=i","cat":284441},{"id":77,"n":"Petit salé Côté Table lentilles A l'Auvergnate 840g","p":4.45,"u":"5,30 €/KG","img":"https://fd15-photos.leclercdrive.fr/image.ashx?id=2977108&use=l&cat=p&typeid=i","cat":284441},{"id":78,"n":"Saucisses lentilles Côté Table 840g","p":3.15,"u":"3,75 €/KG","img":"https://fd15-photos.leclercdrive.fr/image.ashx?id=2977102&use=l&cat=p&typeid=i","cat":284441},{"id":79,"n":"Saucisses lentilles Côté Table 420g","p":1.69,"u":"4,02 €/KG","img":"https://fd15-photos.leclercdrive.fr/image.ashx?id=2977105&use=l&cat=p&typeid=i","cat":284441},{"id":80,"n":"Gésiers de canard du Sud-Ouest NRT - 215g","p":5.99,"u":"27,86 €/KG","img":"https://fd15-photos.leclercdrive.fr/image.ashx?id=2723204&use=l&cat=p&typeid=i","cat":284440},{"id":92,"n":"Chips Pom'lisse Nature - 6x30g","p":2.15,"u":"11,94 €/KG","img":"https://fd15-photos.leclercdrive.fr/image.ashx?id=2917317&use=l&cat=p&typeid=i","cat":284447},{"id":97,"n":"Pétales salées Tokapi Soufflés - 75g","p":1.3,"u":"17,33 €/KG","img":"https://fd15-photos.leclercdrive.fr/image.ashx?id=2751874&use=l&cat=p&typeid=i","cat":284449},{"id":104,"n":"Mélange Grillé et salé Tokapi Cacahuètes et noisettes - 120g","p":1.76,"u":"14,67 €/KG","img":"https://fd15-photos.leclercdrive.fr/image.ashx?id=2794100&use=l&cat=p&typeid=i","cat":284448},{"id":105,"n":"Cacahuètes grillées Tokapi Salées - 250g","p":1.32,"u":"5,28 €/KG","img":"https://fd15-photos.leclercdrive.fr/image.ashx?id=2795529&use=l&cat=p&typeid=i","cat":284448},{"id":108,"n":"Noix de cajou grillées Tokapi Salées - 400g","p":8.4,"u":"21,00 €/KG","img":"https://fd15-photos.leclercdrive.fr/image.ashx?id=2793985&use=l&cat=p&typeid=i","cat":284448},{"id":113,"n":"Crackers Tuc Nature Original - 100g","p":1.39,"u":"13,90 €/KG","img":"https://fd15-photos.leclercdrive.fr/image.ashx?id=3002195&use=l&cat=p&typeid=i","cat":297000},{"id":117,"n":"Huile Isio 4 Lesieur 1L","p":5.55,"u":"5,55 €/L","img":"https://fd15-photos.leclercdrive.fr/image.ashx?id=2916018&use=l&cat=p&typeid=i","cat":284453},{"id":118,"n":"Huile d'olive Puget 1L","p":20.79,"u":"20,79 €/L","img":"https://fd15-photos.leclercdrive.fr/image.ashx?id=2917750&use=l&cat=p&typeid=i","cat":284453},{"id":119,"n":"Huile pépin raisin Lesieur  1qlq","p":8.45,"u":"8,45 €/L","img":"https://fd15-photos.leclercdrive.fr/image.ashx?id=2944708&use=l&cat=p&typeid=i","cat":284453},{"id":121,"n":"Huile Fleur de colza Lesieur  1L","p":3.9,"u":"3,90 €/L","img":"https://fd15-photos.leclercdrive.fr/image.ashx?id=2916848&use=l&cat=p&typeid=i","cat":284453},{"id":122,"n":"Huile de friture Rustica Sans odeur - 2L","p":5.89,"u":"2,95 €/L","img":"https://fd15-photos.leclercdrive.fr/image.ashx?id=2916662&use=l&cat=p&typeid=i","cat":284453},{"id":123,"n":"Huile végétale  Rustica Mélange 4 huiles  - 1L","p":5.09,"u":"5,09 €/L","img":"https://fd15-photos.leclercdrive.fr/image.ashx?id=2538134&use=l&cat=p&typeid=i","cat":284453},{"id":124,"n":"Huile d'olive Rustica Vierge extra - 1L","p":9.89,"u":"9,89 €/L","img":"https://fd15-photos.leclercdrive.fr/image.ashx?id=2898011&use=l&cat=p&typeid=i","cat":284453},{"id":125,"n":"Huile de tournesol Rustica  1L","p":3.11,"u":"3,11 €/L","img":"https://fd15-photos.leclercdrive.fr/image.ashx?id=2900319&use=l&cat=p&typeid=i","cat":284453},{"id":127,"n":"Huile de colza Rustica  1L","p":3.22,"u":"3,22 €/L","img":"https://fd15-photos.leclercdrive.fr/image.ashx?id=2500797&use=l&cat=p&typeid=i","cat":284453},{"id":128,"n":"Vinaigre de vin Rustica 75cl","p":1.55,"u":"2,07 €/L","img":"https://fd15-photos.leclercdrive.fr/image.ashx?id=1061150&use=l&cat=p&typeid=i","cat":298543},{"id":129,"n":"Vinaigre de cidre Rustica  75cl","p":1.42,"u":"1,89 €/L","img":"https://fd15-photos.leclercdrive.fr/image.ashx?id=2657190&use=l&cat=p&typeid=i","cat":298543},{"id":130,"n":"Vinaigrette Rustica  Moutarde - 50cl","p":1.15,"u":"2,30 €/L","img":"https://fd15-photos.leclercdrive.fr/image.ashx?id=1950144&use=l&cat=p&typeid=i","cat":284456},{"id":131,"n":"Jus de citron Rustica Sicile - 2x125ml - 250ml","p":1.48,"u":"5,92 €/L","img":"https://fd15-photos.leclercdrive.fr/image.ashx?id=2974786&use=l&cat=p&typeid=i","cat":288383},{"id":136,"n":"Sel fin de Camargue NRT 250g","p":2.27,"u":"9,08 €/KG","img":"https://fd15-photos.leclercdrive.fr/image.ashx?id=2644906&use=l&cat=p&typeid=i","cat":284457},{"id":137,"n":"Gros sel de Camargue NRT Sachet -1kg","p":1.23,"u":"1,23 €/KG","img":"https://fd15-photos.leclercdrive.fr/image.ashx?id=2819956&use=l&cat=p&typeid=i","cat":284457},{"id":138,"n":"Sel fin de Guérande IGP NRT 250g","p":2.03,"u":"8,12 €/KG","img":"https://fd15-photos.leclercdrive.fr/image.ashx?id=2644900&use=l&cat=p&typeid=i","cat":284457},{"id":147,"n":"Olives vertes Rustica  Dénoyautées - 160g","p":1.39,"u":"8,69 €/KG","img":"https://fd15-photos.leclercdrive.fr/image.ashx?id=2499070&use=l&cat=p&typeid=i","cat":284458},{"id":156,"n":"Moutarde de Dijon Rustica  Fine et forte Verre whisky-280g","p":2.39,"u":"8,54 €/KG","img":"https://fd15-photos.leclercdrive.fr/image.ashx?id=1921607&use=l&cat=p&typeid=i","cat":288850},{"id":157,"n":"Moutarde de Dijon AMORA Fine & Forte - 265g","p":2.65,"u":"10,00 €/KG","img":"https://fd15-photos.leclercdrive.fr/image.ashx?id=3004870&use=l&cat=p&typeid=i","cat":288850},{"id":160,"n":"Mayonnaise Lesieur Huile de colza - 175g","p":1.29,"u":"7,37 €/KG","img":"https://fd15-photos.leclercdrive.fr/image.ashx?id=2917702&use=l&cat=p&typeid=i","cat":298295},{"id":169,"n":"Sauce Pesto Panzani Basilic - 200g","p":2.64,"u":"13,20 €/KG","img":"https://fd15-photos.leclercdrive.fr/image.ashx?id=2989093&use=l&cat=p&typeid=i","cat":287599},{"id":172,"n":"Purée de tomates Turini 720ml","p":1.55,"u":"2,15 €/L","img":"https://fd15-photos.leclercdrive.fr/image.ashx?id=2667583&use=l&cat=p&typeid=i","cat":288384},{"id":173,"n":"Pulpe de tomate Notre Jardin En dés - 3x383g","p":3.59,"u":"3,15 €/KG","img":"https://fd15-photos.leclercdrive.fr/image.ashx?id=2826918&use=l&cat=p&typeid=i","cat":288384},{"id":174,"n":"Tomates pelées Notre Jardin Entières - 476g","p":1.95,"u":"4,10 €/KG","img":"https://fd15-photos.leclercdrive.fr/image.ashx?id=2189999&use=l&cat=p&typeid=i","cat":312608},{"id":175,"n":"Sauce bolognaise Turini 420g","p":1.89,"u":"4,50 €/KG","img":"https://fd15-photos.leclercdrive.fr/image.ashx?id=2634860&use=l&cat=p&typeid=i","cat":287599},{"id":177,"n":"Sauce Tomate Turini 2x190g","p":1.7,"u":"4,47 €/KG","img":"https://fd15-photos.leclercdrive.fr/image.ashx?id=2668117&use=l&cat=p&typeid=i","cat":288384},{"id":178,"n":"Sauce Napolitaine Turini 420g","p":1.38,"u":"3,29 €/KG","img":"https://fd15-photos.leclercdrive.fr/image.ashx?id=2441893&use=l&cat=p&typeid=i","cat":287599},{"id":185,"n":"Pâtes Barilla Pipe Rigate - 500g","p":1.76,"u":"3,52 €/KG","img":"https://fd15-photos.leclercdrive.fr/image.ashx?id=2392209&use=l&cat=p&typeid=i","cat":284427},{"id":186,"n":"Pâtes Barilla Penne rigate - 500g","p":1.81,"u":"3,62 €/KG","img":"https://fd15-photos.leclercdrive.fr/image.ashx?id=2392203&use=l&cat=p&typeid=i","cat":284427},{"id":187,"n":"Pâtes Barilla Fusilli - 500g","p":1.81,"u":"3,62 €/KG","img":"https://fd15-photos.leclercdrive.fr/image.ashx?id=2392212&use=l&cat=p&typeid=i","cat":284427},{"id":190,"n":"Pâtes Barilla piccolini Mini penne rigate - 500g","p":2.19,"u":"4,38 €/KG","img":"https://fd15-photos.leclercdrive.fr/image.ashx?id=2737588&use=l&cat=p&typeid=i","cat":284427},{"id":191,"n":"Pâtes Collezione Barilla Lasagne aux œufs - 500g","p":3.61,"u":"7,22 €/KG","img":"https://fd15-photos.leclercdrive.fr/image.ashx?id=2990997&use=l&cat=p&typeid=i","cat":284427},{"id":192,"n":"Pâtes Barilla Penne rigate - 1kg","p":3.08,"u":"3,08 €/KG","img":"https://fd15-photos.leclercdrive.fr/image.ashx?id=2392191&use=l&cat=p&typeid=i","cat":284427},{"id":193,"n":"Pâtes vermicelles Panzani  500g","p":2.0,"u":"4,00 €/KG","img":"https://fd15-photos.leclercdrive.fr/image.ashx?id=2896072&use=l&cat=p&typeid=i","cat":284427},{"id":194,"n":"Pâtes Coquillettes Panzani 500g","p":1.65,"u":"3,30 €/KG","img":"https://fd15-photos.leclercdrive.fr/image.ashx?id=2870200&use=l&cat=p&typeid=i","cat":284427},{"id":195,"n":"Pâtes macaroni Panzani 500g","p":1.62,"u":"3,24 €/KG","img":"https://fd15-photos.leclercdrive.fr/image.ashx?id=2884297&use=l&cat=p&typeid=i","cat":284427},{"id":196,"n":"Pâtes nouilles fines Panzani 500g","p":1.84,"u":"3,68 €/KG","img":"https://fd15-photos.leclercdrive.fr/image.ashx?id=2876005&use=l&cat=p&typeid=i","cat":284427},{"id":197,"n":"Pâtes Torti Panzani 500g","p":1.65,"u":"3,30 €/KG","img":"https://fd15-photos.leclercdrive.fr/image.ashx?id=2869552&use=l&cat=p&typeid=i","cat":284427},{"id":198,"n":"Pâtes Spaghetti Panzani 500g","p":1.65,"u":"3,30 €/KG","img":"https://fd15-photos.leclercdrive.fr/image.ashx?id=2876023&use=l&cat=p&typeid=i","cat":284427},{"id":199,"n":"Pâtes Tagliatelle Panzani Créatives - 500G","p":2.75,"u":"5,50 €/KG","img":"https://fd15-photos.leclercdrive.fr/image.ashx?id=2902936&use=l&cat=p&typeid=i","cat":284427},{"id":200,"n":"Pâtes lasagnes Turini  500g","p":1.84,"u":"3,68 €/KG","img":"https://fd15-photos.leclercdrive.fr/image.ashx?id=2980779&use=l&cat=p&typeid=i","cat":284427},{"id":201,"n":"Pâtes Etoiles Turini 500g","p":1.08,"u":"2,16 €/KG","img":"https://fd15-photos.leclercdrive.fr/image.ashx?id=2744222&use=l&cat=p&typeid=i","cat":284427},{"id":203,"n":"Pâtes Torsades Turini 500g","p":1.16,"u":"2,32 €/KG","img":"https://fd15-photos.leclercdrive.fr/image.ashx?id=2980426&use=l&cat=p&typeid=i","cat":284427},{"id":204,"n":"Pâtes Coquillettes Turini 500g","p":1.06,"u":"2,12 €/KG","img":"https://fd15-photos.leclercdrive.fr/image.ashx?id=2980408&use=l&cat=p&typeid=i","cat":284427},{"id":205,"n":"Pâtes Macaroni Turini 500g","p":1.1,"u":"2,20 €/KG","img":"https://fd15-photos.leclercdrive.fr/image.ashx?id=2980417&use=l&cat=p&typeid=i","cat":284427},{"id":206,"n":"Spaghetti Turini 500g","p":1.13,"u":"2,26 €/KG","img":"https://fd15-photos.leclercdrive.fr/image.ashx?id=2980399&use=l&cat=p&typeid=i","cat":284427},{"id":208,"n":"Pâtes gansettes Turini 500g","p":1.29,"u":"2,58 €/KG","img":"https://fd15-photos.leclercdrive.fr/image.ashx?id=2607422&use=l&cat=p&typeid=i","cat":284427},{"id":210,"n":"Pâtes cheveux d'anges Turini 500g","p":1.19,"u":"2,38 €/KG","img":"https://fd15-photos.leclercdrive.fr/image.ashx?id=2980782&use=l&cat=p&typeid=i","cat":284427},{"id":211,"n":"Pâtes Tagliatelles Turini 500g","p":1.38,"u":"2,76 €/KG","img":"https://fd15-photos.leclercdrive.fr/image.ashx?id=2669693&use=l&cat=p&typeid=i","cat":284427},{"id":217,"n":"Riz Thaï Comptoir du Grain Sélection Riz long - 1kg","p":3.09,"u":"3,09 €/KG","img":"https://fd15-photos.leclercdrive.fr/image.ashx?id=2657084&use=l&cat=p&typeid=i","cat":284428},{"id":218,"n":"Riz Basmati Comptoir du Grain Sélection Riz long - 1kg","p":3.74,"u":"3,74 €/KG","img":"https://fd15-photos.leclercdrive.fr/image.ashx?id=2549373&use=l&cat=p&typeid=i","cat":284428},{"id":219,"n":"Riz long Comptoir du Grain Sachet cuisson rapide x5 - 1kg","p":3.15,"u":"3,15 €/KG","img":"https://fd15-photos.leclercdrive.fr/image.ashx?id=1759876&use=l&cat=p&typeid=i","cat":284428},{"id":220,"n":"Couscous moyen Regia 1kg","p":4.37,"u":"4,37 €/KG","img":"https://fd15-photos.leclercdrive.fr/image.ashx?id=2874856&use=l&cat=p&typeid=i","cat":284429},{"id":221,"n":"Couscous Ferrero fin Graine nature - 1kg","p":3.47,"u":"3,47 €/KG","img":"https://fd15-photos.leclercdrive.fr/image.ashx?id=2862215&use=l&cat=p&typeid=i","cat":284429},{"id":224,"n":"Purée pomme de terre Pom'lisse Nature - 4x125g - 500g","p":2.79,"u":"5,58 €/KG","img":"https://fd15-photos.leclercdrive.fr/image.ashx?id=2929861&use=l&cat=p&typeid=i","cat":284431},{"id":225,"n":"Couscous Comptoir du Grain Grain moyen - 1kg","p":2.41,"u":"2,41 €/KG","img":"https://fd15-photos.leclercdrive.fr/image.ashx?id=3012794&use=l&cat=p&typeid=i","cat":284429},{"id":229,"n":"Blé précuit Comptoir du Grain Cuisson rapide 10 min - 500g","p":2.1,"u":"4,20 €/KG","img":"https://fd15-photos.leclercdrive.fr/image.ashx?id=3012818&use=l&cat=p&typeid=i","cat":284429},{"id":230,"n":"Pois cassés Notre Jardin 500g","p":1.29,"u":"2,58 €/KG","img":"https://fd15-photos.leclercdrive.fr/image.ashx?id=2141079&use=l&cat=p&typeid=i","cat":284430},{"id":231,"n":"Lentilles vertes Notre Jardin 500g","p":1.94,"u":"3,88 €/KG","img":"https://fd15-photos.leclercdrive.fr/image.ashx?id=2983778&use=l&cat=p&typeid=i","cat":284430},{"id":238,"n":"Soupe Velouté Régal Soupe Tomates - 1L","p":1.55,"u":"1,55 €/L","img":"https://fd15-photos.leclercdrive.fr/image.ashx?id=2800234&use=l&cat=p&typeid=i","cat":284462},{"id":239,"n":"Soupe Velouté Régal Soupe 10 légumes - 1L","p":1.49,"u":"1,49 €/L","img":"https://fd15-photos.leclercdrive.fr/image.ashx?id=2983781&use=l&cat=p&typeid=i","cat":284462},{"id":240,"n":"Soupe Régal Soupe Poireaux Pommes de terre - 1L","p":1.59,"u":"1,59 €/L","img":"https://fd15-photos.leclercdrive.fr/image.ashx?id=2607356&use=l&cat=p&typeid=i","cat":284462},{"id":241,"n":"Soupe Mouliné Régal Soupe 10 légumes variés - 1L","p":1.55,"u":"1,55 €/L","img":"https://fd15-photos.leclercdrive.fr/image.ashx?id=2607353&use=l&cat=p&typeid=i","cat":284462},{"id":242,"n":"Soupe Velouté Régal Soupe Potiron - 1L","p":2.05,"u":"2,05 €/L","img":"https://fd15-photos.leclercdrive.fr/image.ashx?id=2983787&use=l&cat=p&typeid=i","cat":284462},{"id":255,"n":"Arôme Saveur Maggi 250g","p":3.03,"u":"12,12 €/KG","img":"https://fd15-photos.leclercdrive.fr/image.ashx?id=2671960&use=l&cat=p&typeid=i","cat":288379},{"id":267,"n":"Biscuits Petit Ecolier LU Chocolat au lait - 120g","p":4.2,"u":"35,00 €/KG","img":"https://fd15-photos.leclercdrive.fr/image.ashx?id=3014404&use=l&cat=p&typeid=i","cat":284488},{"id":270,"n":"Biscuits Petit Ecolier LU Chocolat noir - 150g","p":3.05,"u":"20,33 €/KG","img":"https://fd15-photos.leclercdrive.fr/image.ashx?id=2944359&use=l&cat=p&typeid=i","cat":284488},{"id":274,"n":"Biscuits Pocket Prince Chocolat - 400g","p":5.2,"u":"13,00 €/KG","img":"https://fd15-photos.leclercdrive.fr/image.ashx?id=3002207&use=l&cat=p&typeid=i","cat":284488},{"id":278,"n":"Biscuits La Barquette Lulu LU Chocolat noisettes - 2x120g","p":4.4,"u":"18,33 €/KG","img":"https://fd15-photos.leclercdrive.fr/image.ashx?id=2135740&use=l&cat=p&typeid=i","cat":284488},{"id":280,"n":"Biscuits Petits cœurs LU Chocolat - 180g","p":4.35,"u":"24,17 €/KG","img":"https://fd15-photos.leclercdrive.fr/image.ashx?id=3002024&use=l&cat=p&typeid=i","cat":284488},{"id":281,"n":"Gâteaux moelleux Lulu LU Coqueline Chocolat - 165g","p":3.05,"u":"18,48 €/KG","img":"https://fd15-photos.leclercdrive.fr/image.ashx?id=3001946&use=l&cat=p&typeid=i","cat":284495},{"id":283,"n":"Biscuit Petit beurre P'tit Déli Chocolat au lait pocket - 250g","p":3.39,"u":"13,56 €/KG","img":"https://fd15-photos.leclercdrive.fr/image.ashx?id=2919589&use=l&cat=p&typeid=i","cat":284488},{"id":284,"n":"Biscuits P'tit Déli ronds Chocolat lait 200g","p":1.99,"u":"9,95 €/KG","img":"https://fd15-photos.leclercdrive.fr/image.ashx?id=2884210&use=l&cat=p&typeid=i","cat":284488},{"id":286,"n":"Biscuits barquette P'tit Déli Chocolat et noisette x18 - 120g","p":1.42,"u":"11,83 €/KG","img":"https://fd15-photos.leclercdrive.fr/image.ashx?id=2705065&use=l&cat=p&typeid=i","cat":284488},{"id":288,"n":"Gaufrettes P'tit Déli  Enrobées chocolat 150g","p":2.69,"u":"17,93 €/KG","img":"https://fd15-photos.leclercdrive.fr/image.ashx?id=2660553&use=l&cat=p&typeid=i","cat":284488},{"id":289,"n":"Mini goûters P'tit Déli Chocolat 168g","p":2.05,"u":"12,20 €/KG","img":"https://fd15-photos.leclercdrive.fr/image.ashx?id=2321941&use=l&cat=p&typeid=i","cat":284488},{"id":290,"n":"Biscuits P'tit Déli Bâtonnets Chocolat 150g","p":1.89,"u":"12,60 €/KG","img":"https://fd15-photos.leclercdrive.fr/image.ashx?id=2470189&use=l&cat=p&typeid=i","cat":284488},{"id":291,"n":"Goûter Moelleux P'tit Déli  Lait et cacao x10 420g","p":5.89,"u":"14,02 €/KG","img":"https://fd15-photos.leclercdrive.fr/image.ashx?id=2610684&use=l&cat=p&typeid=i","cat":284495},{"id":292,"n":"Biscuits fourrés P'tit Déli Coeur fondant chocolat - 225g","p":1.85,"u":"8,22 €/KG","img":"https://fd15-photos.leclercdrive.fr/image.ashx?id=2637634&use=l&cat=p&typeid=i","cat":284488},{"id":296,"n":"Biscuits La Barquette Lulu LU Fraise - 2x120g","p":4.02,"u":"16,75 €/KG","img":"https://fd15-photos.leclercdrive.fr/image.ashx?id=3001952&use=l&cat=p&typeid=i","cat":284489},{"id":297,"n":"Biscuits La Barquette Lulu LU Framboise - 2x120g","p":3.87,"u":"32,25 €/KG","img":"https://fd15-photos.leclercdrive.fr/image.ashx?id=2904631&use=l&cat=p&typeid=i","cat":284489},{"id":298,"n":"Gâteaux moelleux Lulu LU Coqueline Fraise - 165g","p":2.55,"u":"15,45 €/KG","img":"https://fd15-photos.leclercdrive.fr/image.ashx?id=2977252&use=l&cat=p&typeid=i","cat":284495},{"id":304,"n":"Génoises fourrées P'tit Déli - 150g","p":1.45,"u":"9,67 €/KG","img":"https://fd15-photos.leclercdrive.fr/image.ashx?id=2470192&use=l&cat=p&typeid=i","cat":284489},{"id":310,"n":"Biscuits boudoirs P'tit Déli Aux oeufs - 175g","p":1.59,"u":"9,09 €/KG","img":"https://fd15-photos.leclercdrive.fr/image.ashx?id=1947342&use=l&cat=p&typeid=i","cat":284487},{"id":313,"n":"Biscuits palmiers P'tit Déli 100g","p":1.12,"u":"11,20 €/KG","img":"https://fd15-photos.leclercdrive.fr/image.ashx?id=2940896&use=l&cat=p&typeid=i","cat":284487},{"id":314,"n":"Biscuits langue chat P'tit Déli 200g","p":1.81,"u":"9,05 €/KG","img":"https://fd15-photos.leclercdrive.fr/image.ashx?id=1875827&use=l&cat=p&typeid=i","cat":284487},{"id":315,"n":"Biscuits cigarettes P'tit Déli Fines 180g","p":1.31,"u":"7,28 €/KG","img":"https://fd15-photos.leclercdrive.fr/image.ashx?id=2907039&use=l&cat=p&typeid=i","cat":284487},{"id":316,"n":"Palets bretons P'tit Déli 125g","p":1.41,"u":"11,28 €/KG","img":"https://fd15-photos.leclercdrive.fr/image.ashx?id=2809650&use=l&cat=p&typeid=i","cat":284487},{"id":322,"n":"Cake anglais Brossard 400g","p":5.45,"u":"13,63 €/KG","img":"https://fd15-photos.leclercdrive.fr/image.ashx?id=2456795&use=l&cat=p&typeid=i","cat":284493},{"id":323,"n":"Gâteaux Mini roulés Pépito Chocolat - 150g","p":3.45,"u":"23,00 €/KG","img":"https://fd15-photos.leclercdrive.fr/image.ashx?id=2331898&use=l&cat=p&typeid=i","cat":284495},{"id":327,"n":"Biscuits P'tit Déli Cookies Chocolat nougatine 200g","p":2.05,"u":"10,25 €/KG","img":"https://fd15-photos.leclercdrive.fr/image.ashx?id=2042798&use=l&cat=p&typeid=i","cat":325066},{"id":328,"n":"Biscuits Cookies P'tit Déli Chocolat pépite chocolat - 200g","p":2.09,"u":"10,45 €/KG","img":"https://fd15-photos.leclercdrive.fr/image.ashx?id=2171536&use=l&cat=p&typeid=i","cat":325066},{"id":329,"n":"Biscuits Bastogne LU Originale - 260g","p":2.59,"u":"9,96 €/KG","img":"https://fd15-photos.leclercdrive.fr/image.ashx?id=2346765&use=l&cat=p&typeid=i","cat":284487},{"id":332,"n":"Biscuits petit déjeuner Belvita Céréales & Lait - 400g","p":4.3,"u":"10,75 €/KG","img":"https://fd15-photos.leclercdrive.fr/image.ashx?id=2959841&use=l&cat=p&typeid=i","cat":284491},{"id":345,"n":"Pain de mie Harrys - Nature Longue conservation - 250g","p":1.8,"u":"7,20 €/KG","img":"https://fd15-photos.leclercdrive.fr/image.ashx?id=2507976&use=l&cat=p&typeid=i","cat":284477},{"id":352,"n":"Pain de mie nature Epi d'Or  Extra-moelleux - 500g","p":2.99,"u":"5,98 €/KG","img":"https://fd15-photos.leclercdrive.fr/image.ashx?id=2860697&use=l&cat=p&typeid=i","cat":284477},{"id":360,"n":"Pains au lait Epi d'Or Pépites chocolat - 350g","p":3.59,"u":"10,26 €/KG","img":"https://fd15-photos.leclercdrive.fr/image.ashx?id=2867895&use=l&cat=p&typeid=i","cat":293505},{"id":361,"n":"Brioche tranchée Epi d'Or Nature - 500g","p":3.19,"u":"6,38 €/KG","img":"https://fd15-photos.leclercdrive.fr/image.ashx?id=2860694&use=l&cat=p&typeid=i","cat":284478},{"id":362,"n":"Briochettes Epi d'Or Nature x12 - 480g","p":2.2,"u":"4,58 €/KG","img":"https://fd15-photos.leclercdrive.fr/image.ashx?id=2860709&use=l&cat=p&typeid=i","cat":284478},{"id":363,"n":"Pains au lait Epi d'Or x10 - 350g","p":1.89,"u":"5,40 €/KG","img":"https://fd15-photos.leclercdrive.fr/image.ashx?id=2860688&use=l&cat=p&typeid=i","cat":293505},{"id":364,"n":"Pains au chocolat Epi d'Or x8 - 360g","p":2.9,"u":"8,06 €/KG","img":"https://fd15-photos.leclercdrive.fr/image.ashx?id=2860691&use=l&cat=p&typeid=i","cat":296366},{"id":367,"n":"Barre patissière P'tit Déli 800g","p":3.43,"u":"4,29 €/KG","img":"https://fd15-photos.leclercdrive.fr/image.ashx?id=2074379&use=l&cat=p&typeid=i","cat":294776},{"id":368,"n":"Madeleine P'tit Déli coquilles Sachet 1kg","p":6.09,"u":"6,09 €/KG","img":"https://fd15-photos.leclercdrive.fr/image.ashx?id=2999493&use=l&cat=p&typeid=i","cat":284492},{"id":369,"n":"Marbré P'tit Déli 300g","p":2.55,"u":"8,50 €/KG","img":"https://fd15-photos.leclercdrive.fr/image.ashx?id=2562698&use=l&cat=p&typeid=i","cat":294776},{"id":373,"n":"Biscottes Plaine Vie Heudebert  Sans sel - 300g","p":2.99,"u":"9,97 €/KG","img":"https://fd15-photos.leclercdrive.fr/image.ashx?id=2870572&use=l&cat=p&typeid=i","cat":284479},{"id":375,"n":"Biscottes fourrées Cracotte LU  Framboise - 200g","p":3.55,"u":"17,75 €/KG","img":"https://fd15-photos.leclercdrive.fr/image.ashx?id=2873844&use=l&cat=p&typeid=i","cat":284479},{"id":376,"n":"Biscottes Cracotte LU  Froment - 250g","p":3.55,"u":"14,20 €/KG","img":"https://fd15-photos.leclercdrive.fr/image.ashx?id=3002006&use=l&cat=p&typeid=i","cat":284479},{"id":377,"n":"Biscottes Cracotte LU Gourmande - 250g","p":3.75,"u":"15,00 €/KG","img":"https://fd15-photos.leclercdrive.fr/image.ashx?id=3002009&use=l&cat=p&typeid=i","cat":284479},{"id":378,"n":"Biscottes Cracotte LU  Céréales complètes - 250g","p":3.59,"u":"14,36 €/KG","img":"https://fd15-photos.leclercdrive.fr/image.ashx?id=3002012&use=l&cat=p&typeid=i","cat":284479},{"id":379,"n":"Biscottes fourrées Cracotte Lu Chocolat - 200g","p":2.89,"u":"14,45 €/KG","img":"https://fd15-photos.leclercdrive.fr/image.ashx?id=2849704&use=l&cat=p&typeid=i","cat":284479},{"id":382,"n":"Biscottes Epi d'Or 6 céréales x36 - 300g","p":2.3,"u":"7,67 €/KG","img":"https://fd15-photos.leclercdrive.fr/image.ashx?id=2532832&use=l&cat=p&typeid=i","cat":284479},{"id":384,"n":"Biscottes Epi d'Or froment x36 - 300g","p":1.95,"u":"6,50 €/KG","img":"https://fd15-photos.leclercdrive.fr/image.ashx?id=2634854&use=l&cat=p&typeid=i","cat":284479},{"id":388,"n":"Tartines craquantes Epi d'Or  Froment - 250g","p":1.8,"u":"7,20 €/KG","img":"https://fd15-photos.leclercdrive.fr/image.ashx?id=2856121&use=l&cat=p&typeid=i","cat":284479},{"id":400,"n":"Café moulu Plantation  Intense et aromatique - 250g","p":5.49,"u":"21,96 €/KG","img":"https://fd15-photos.leclercdrive.fr/image.ashx?id=2555050&use=l&cat=p&typeid=i","cat":284750},{"id":401,"n":"Café moulu Plantation  Brésil - 2x250g","p":10.89,"u":"21,78 €/KG","img":"https://fd15-photos.leclercdrive.fr/image.ashx?id=2824247&use=l&cat=p&typeid=i","cat":284750},{"id":402,"n":"Café moulu Plantation  Tradition - 4x250g","p":14.99,"u":"14,99 €/KG","img":"https://fd15-photos.leclercdrive.fr/image.ashx?id=2856408&use=l&cat=p&typeid=i","cat":284750},{"id":405,"n":"Café Soluble Nescafé Spécial Filtre Original - 200g","p":13.25,"u":"66,25 €/KG","img":"https://fd15-photos.leclercdrive.fr/image.ashx?id=2837154&use=l&cat=p&typeid=i","cat":284843},{"id":406,"n":"Café soluble Nescafé Capuccino - x10 - 140g","p":4.95,"u":"35,36 €/KG","img":"https://fd15-photos.leclercdrive.fr/image.ashx?id=2729929&use=l&cat=p&typeid=i","cat":284843},{"id":407,"n":"Café et Chicorée Soluble Ricoré Lait - 400g","p":9.75,"u":"24,38 €/KG","img":"https://fd15-photos.leclercdrive.fr/image.ashx?id=2979617&use=l&cat=p&typeid=i","cat":284843},{"id":435,"n":"Infusion Tiséa Tilleul Menthe - x25","p":1.99,"u":"49,75 €/KG","img":"https://fd15-photos.leclercdrive.fr/image.ashx?id=2481748&use=l&cat=p&typeid=i","cat":293234},{"id":436,"n":"Infusion Tiséa Verveine - x25","p":1.99,"u":"49,75 €/KG","img":"https://fd15-photos.leclercdrive.fr/image.ashx?id=2900328&use=l&cat=p&typeid=i","cat":293234},{"id":437,"n":"Infusion Tiséa Verveine Orange - x25","p":1.99,"u":"49,75 €/KG","img":"https://fd15-photos.leclercdrive.fr/image.ashx?id=2757915&use=l&cat=p&typeid=i","cat":293234},{"id":444,"n":"Lait en poudre Régilait Demi écrémé - 300g","p":3.69,"u":"12,30 €/KG","img":"https://fd15-photos.leclercdrive.fr/image.ashx?id=2110077&use=l&cat=p&typeid=i","cat":299162},{"id":445,"n":"Lait concentré Régilait 4x170g","p":4.29,"u":"6,31 €/KG","img":"https://fd15-photos.leclercdrive.fr/image.ashx?id=2645474&use=l&cat=p&typeid=i","cat":299162},{"id":446,"n":"Lait en poudre Délisse Ecrémé - 300g","p":2.65,"u":"8,83 €/KG","img":"https://fd15-photos.leclercdrive.fr/image.ashx?id=2545467&use=l&cat=p&typeid=i","cat":299162},{"id":451,"n":"Confiture Bonne Maman Abricots - 370g","p":4.22,"u":"11,41 €/KG","img":"https://fd15-photos.leclercdrive.fr/image.ashx?id=3001275&use=l&cat=p&typeid=i","cat":284480},{"id":452,"n":"Confiture Bonne Maman Mûres 370g","p":4.15,"u":"11,22 €/KG","img":"https://fd15-photos.leclercdrive.fr/image.ashx?id=2348379&use=l&cat=p&typeid=i","cat":284480},{"id":456,"n":"Céréales Golden Grahams Nestlé 375g","p":4.05,"u":"10,80 €/KG","img":"https://fd15-photos.leclercdrive.fr/image.ashx?id=2979830&use=l&cat=p&typeid=i","cat":309513},{"id":459,"n":"Céréales All-Bran Kellogg's Fibre plus - 500g","p":5.8,"u":"11,60 €/KG","img":"https://fd15-photos.leclercdrive.fr/image.ashx?id=2643893&use=l&cat=p&typeid=i","cat":309512},{"id":473,"n":"Céréales Lion Nestlé Caramel et Chocolat - 400g","p":4.05,"u":"10,13 €/KG","img":"https://fd15-photos.leclercdrive.fr/image.ashx?id=2927453&use=l&cat=p&typeid=i","cat":309513},{"id":474,"n":"Céréales Cookie Crisp Nestlé 375g","p":4.1,"u":"10,93 €/KG","img":"https://fd15-photos.leclercdrive.fr/image.ashx?id=2926443&use=l&cat=p&typeid=i","cat":309513},{"id":475,"n":"Céréales Chokella Nestlé Choco Noisette - 350g","p":4.05,"u":"11,57 €/KG","img":"https://fd15-photos.leclercdrive.fr/image.ashx?id=2844766&use=l&cat=p&typeid=i","cat":309513},{"id":486,"n":"Sucre en poudre Saint Louis 1kg","p":3.05,"u":"3,05 €/KG","img":"https://fd15-photos.leclercdrive.fr/image.ashx?id=2624239&use=l&cat=p&typeid=i","cat":284502},{"id":487,"n":"Sucre cristal Saint Louis Sachet 5kg","p":13.64,"u":"2,73 €/KG","img":"https://fd15-photos.leclercdrive.fr/image.ashx?id=2624248&use=l&cat=p&typeid=i","cat":284502},{"id":489,"n":"Tutti Free blanc Morceaux - 290g","p":3.99,"u":"13,76 €/KG","img":"https://fd15-photos.leclercdrive.fr/image.ashx?id=2504302&use=l&cat=p&typeid=i","cat":284502},{"id":491,"n":"Levure boulangère Francine 30g","p":2.04,"u":"68,00 €/KG","img":"https://fd15-photos.leclercdrive.fr/image.ashx?id=2210083&use=l&cat=p&typeid=i","cat":294686},{"id":492,"n":"Farine fluide Tablier Blanc Sans grumeaux - 1kg","p":1.34,"u":"1,34 €/KG","img":"https://fd15-photos.leclercdrive.fr/image.ashx?id=2487422&use=l&cat=p&typeid=i","cat":284503},{"id":494,"n":"Levure boulangère Alsa Briochin - x5 - 27.5g","p":1.85,"u":"66,07 €/KG","img":"https://fd15-photos.leclercdrive.fr/image.ashx?id=3007906&use=l&cat=p&typeid=i","cat":294686},{"id":495,"n":"Sucre vanilliné Tablier Blanc x10 - 75g","p":0.8,"u":"10,67 €/KG","img":"https://fd15-photos.leclercdrive.fr/image.ashx?id=2487434&use=l&cat=p&typeid=i","cat":284504},{"id":497,"n":"Sucre Vanillé Alsa x12 - 90g","p":3.95,"u":"43,89 €/KG","img":"https://fd15-photos.leclercdrive.fr/image.ashx?id=3004459&use=l&cat=p&typeid=i","cat":294686},{"id":528,"n":"Bonbons Copains Copines Cola acide - 275 g","p":2.25,"u":"8,18 €/KG","img":"https://fd15-photos.leclercdrive.fr/image.ashx?id=2934658&use=l&cat=p&typeid=i","cat":304250},{"id":568,"n":"Eau  gazeuse San Pellegrino Minérale naturelle - 1L","p":1.45,"u":"1,45 €/L","img":"https://fd15-photos.leclercdrive.fr/image.ashx?id=2672647&use=l&cat=p&typeid=i","cat":284536},{"id":589,"n":"Sirop Frucci Orange - 75cl","p":3.49,"u":"4,65 €/L","img":"https://fd15-photos.leclercdrive.fr/image.ashx?id=2909864&use=l&cat=p&typeid=i","cat":295020},{"id":591,"n":"Sirop Frucci Citron - 75cl","p":2.8,"u":"3,73 €/L","img":"https://fd15-photos.leclercdrive.fr/image.ashx?id=2842214&use=l&cat=p&typeid=i","cat":295020},{"id":592,"n":"Sirop Frucci Grenadine - 75cl","p":3.99,"u":"5,32 €/L","img":"https://fd15-photos.leclercdrive.fr/image.ashx?id=2842220&use=l&cat=p&typeid=i","cat":295020},{"id":593,"n":"Sirop Frucci Pêche - 75cl","p":4.9,"u":"6,53 €/L","img":"https://fd15-photos.leclercdrive.fr/image.ashx?id=2842226&use=l&cat=p&typeid=i","cat":295020},{"id":594,"n":"Sirop Frucci Framboise - 75cl","p":3.99,"u":"5,32 €/L","img":"https://fd15-photos.leclercdrive.fr/image.ashx?id=2558766&use=l&cat=p&typeid=i","cat":295020},{"id":595,"n":"Sirop Frucci Fraise - 75cl","p":4.9,"u":"6,53 €/L","img":"https://fd15-photos.leclercdrive.fr/image.ashx?id=2842232&use=l&cat=p&typeid=i","cat":295020},{"id":596,"n":"Sirop Frucci Cassis - 75cl","p":4.75,"u":"6,33 €/L","img":"https://fd15-photos.leclercdrive.fr/image.ashx?id=2842238&use=l&cat=p&typeid=i","cat":295020},{"id":598,"n":"100% Pur jus de tomate Jafaden bouteille plastique -1L","p":2.39,"u":"2,39 €/L","img":"https://fd15-photos.leclercdrive.fr/image.ashx?id=2860682&use=l&cat=p&typeid=i","cat":284523},{"id":600,"n":"Jus d'Orange Réa Nectar - 2L","p":4.6,"u":"2,30 €/L","img":"https://fd15-photos.leclercdrive.fr/image.ashx?id=1644094&use=l&cat=p&typeid=i","cat":284521},{"id":613,"n":"Jus d'orange Jafaden A base de concentré - 6x20cl","p":3.95,"u":"3,29 €/L","img":"https://fd15-photos.leclercdrive.fr/image.ashx?id=2751871&use=l&cat=p&typeid=i","cat":284524},{"id":619,"n":"Nectar orange Jafaden 2L","p":4.2,"u":"2,10 €/L","img":"https://fd15-photos.leclercdrive.fr/image.ashx?id=2955644&use=l&cat=p&typeid=i","cat":284521},{"id":621,"n":"100% Pur jus d'orange Jafaden  Sans pulpe - 2L","p":5.95,"u":"2,98 €/L","img":"https://fd15-photos.leclercdrive.fr/image.ashx?id=2842456&use=l&cat=p&typeid=i","cat":284521},{"id":625,"n":"Pur jus raisin Jafaden 1L","p":2.45,"u":"2,45 €/L","img":"https://fd15-photos.leclercdrive.fr/image.ashx?id=2955626&use=l&cat=p&typeid=i","cat":284915},{"id":627,"n":"Jus pamplemousse rose Jafaden A base de concentré - 1L","p":2.5,"u":"2,50 €/L","img":"https://fd15-photos.leclercdrive.fr/image.ashx?id=2520005&use=l&cat=p&typeid=i","cat":284914},{"id":630,"n":"Nectar Jafaden Orange banane - 2L","p":4.69,"u":"2,35 €/L","img":"https://fd15-photos.leclercdrive.fr/image.ashx?id=2955680&use=l&cat=p&typeid=i","cat":284915},{"id":632,"n":"Jus ananas Jafaden A base de concentré 1L","p":2.95,"u":"2,95 €/L","img":"https://fd15-photos.leclercdrive.fr/image.ashx?id=2478456&use=l&cat=p&typeid=i","cat":284916},{"id":633,"n":"Jus d'ananas Jafaden Briquettes - 6x20cl","p":3.15,"u":"2,63 €/L","img":"https://fd15-photos.leclercdrive.fr/image.ashx?id=2869775&use=l&cat=p&typeid=i","cat":284524},{"id":635,"n":"Nectar multivitaminé Réa 2L","p":3.95,"u":"1,98 €/L","img":"https://fd15-photos.leclercdrive.fr/image.ashx?id=2289693&use=l&cat=p&typeid=i","cat":284917},{"id":638,"n":"Jus multifruits Jafaden 1L","p":2.75,"u":"2,75 €/L","img":"https://fd15-photos.leclercdrive.fr/image.ashx?id=2916659&use=l&cat=p&typeid=i","cat":285435},{"id":656,"n":"Soda Jean's Cola Canette - 6x33cl","p":3.99,"u":"2,02 €/L","img":"https://fd15-photos.leclercdrive.fr/image.ashx?id=2637829&use=l&cat=p&typeid=i","cat":284530},{"id":657,"n":"Soda Jean's Cola allégé Bouteille - 1,5L","p":1.06,"u":"0,71 €/L","img":"https://fd15-photos.leclercdrive.fr/image.ashx?id=2637832&use=l&cat=p&typeid=i","cat":284530},{"id":668,"n":"Limonade artisanale NRT 1L","p":3.99,"u":"3,99 €/L","img":"https://fd15-photos.leclercdrive.fr/image.ashx?id=2791066&use=l&cat=p&typeid=i","cat":284531},{"id":669,"n":"Limonade des Pyrénées NRT 6x33cl","p":5.25,"u":"2,65 €/L","img":"https://fd15-photos.leclercdrive.fr/image.ashx?id=2699807&use=l&cat=p&typeid=i","cat":284531},{"id":673,"n":"Soda Gini Citron - 1,5L","p":4.55,"u":"3,03 €/L","img":"https://fd15-photos.leclercdrive.fr/image.ashx?id=2654677&use=l&cat=p&typeid=i","cat":284532},{"id":689,"n":"Thé glacé Fresh Tea Pêche - Canette -  6x33cl","p":4.2,"u":"2,12 €/L","img":"https://fd15-photos.leclercdrive.fr/image.ashx?id=2622239&use=l&cat=p&typeid=i","cat":295019},{"id":697,"n":"Bière blonde 1664 5.5%vol. - 6x25cl","p":7.39,"u":"4,93 €/L","img":"https://fd15-photos.leclercdrive.fr/image.ashx?id=2771714&use=l&cat=p&typeid=i","cat":334873},{"id":700,"n":"Bière blonde 1664 5,5° - 4x50cl canettes","p":7.65,"u":"3,83 €/L","img":"https://fd15-photos.leclercdrive.fr/image.ashx?id=2793536&use=l&cat=p&typeid=i","cat":334853},{"id":721,"n":"Bière blonde 8.6 Bavaria Canette - 7.9%vol. - 50cl","p":1.99,"u":"3,98 €/L","img":"https://fd15-photos.leclercdrive.fr/image.ashx?id=553279&use=l&cat=p&typeid=i","cat":334853},{"id":731,"n":"Bière blonde forte Falsbourg Canette - 8%vol. - 50cl","p":1.89,"u":"3,78 €/L","img":"https://fd15-photos.leclercdrive.fr/image.ashx?id=2637838&use=l&cat=p&typeid=i","cat":334853},{"id":741,"n":"IGP Pays d'Oc Chardonnay Blanc Vieux Carion 13% vol -75 cl","p":4.25,"u":"5,67 €/L","img":"https://fd15-photos.leclercdrive.fr/image.ashx?id=2556623&use=l&cat=p&typeid=i","cat":289557},{"id":744,"n":"Cidre bouché Les Goelleries Breton brut 5%vol. - 75cl","p":2.78,"u":"3,71 €/L","img":"https://fd15-photos.leclercdrive.fr/image.ashx?id=2842184&use=l&cat=p&typeid=i","cat":334880},{"id":746,"n":"Fromage allégé Bridelight 5% mg - 350g","p":4.99,"u":"14,26 €/KG","img":"https://fd15-photos.leclercdrive.fr/image.ashx?id=2019486&use=l&cat=p&typeid=i","cat":314033},{"id":749,"n":"Camembert Les Croisés 20%MG - 250g","p":2.5,"u":"10,00 €/KG","img":"https://fd15-photos.leclercdrive.fr/image.ashx?id=2974759&use=l&cat=p&typeid=i","cat":314033},{"id":750,"n":"Camembert de Pays Les Croisés 21% mg - 250 gr","p":2.95,"u":"11,80 €/KG","img":"https://fd15-photos.leclercdrive.fr/image.ashx?id=2974795&use=l&cat=p&typeid=i","cat":314033},{"id":751,"n":"Coulommiers Les Croisés Tendre/Onctueux - 24%mg - 350g","p":2.85,"u":"8,14 €/KG","img":"https://fd15-photos.leclercdrive.fr/image.ashx?id=2974765&use=l&cat=p&typeid=i","cat":314033},{"id":752,"n":"Petit Brie Les Croisés 32% matière grasse - 500g","p":4.89,"u":"9,78 €/KG","img":"https://fd15-photos.leclercdrive.fr/image.ashx?id=2974792&use=l&cat=p&typeid=i","cat":314033},{"id":753,"n":"Pointe de Brie Les Croisés 32% mg - 200g","p":1.99,"u":"9,95 €/KG","img":"https://fd15-photos.leclercdrive.fr/image.ashx?id=2974774&use=l&cat=p&typeid=i","cat":314033},{"id":754,"n":"Fromage Les Croisés Coeur Crème Lait pasteurisé 33%mg - 300g","p":2.93,"u":"9,77 €/KG","img":"https://fd15-photos.leclercdrive.fr/image.ashx?id=2341882&use=l&cat=p&typeid=i","cat":314033},{"id":755,"n":"Coulommiers Le Rustique  350g","p":4.9,"u":"14,00 €/KG","img":"https://fd15-photos.leclercdrive.fr/image.ashx?id=2835905&use=l&cat=p&typeid=i","cat":314033},{"id":757,"n":"Fromage Comté Entremont 32 %mg - 350g","p":8.1,"u":"23,14 €/KG","img":"https://fd15-photos.leclercdrive.fr/image.ashx?id=2983147&use=l&cat=p&typeid=i","cat":314034},{"id":758,"n":"Bloc de fromage Leerdammer L'Original - 350g","p":6.89,"u":"19,69 €/KG","img":"https://fd15-photos.leclercdrive.fr/image.ashx?id=2507587&use=l&cat=p&typeid=i","cat":314034},{"id":760,"n":"Emmental fromage bloc Les Croisés - 250g","p":3.25,"u":"13,00 €/KG","img":"https://fd15-photos.leclercdrive.fr/image.ashx?id=2904550&use=l&cat=p&typeid=i","cat":314034},{"id":764,"n":"Fromage Bleu Les Croisés Lait pasteurisé 31% mg - 250g","p":3.09,"u":"12,36 €/KG","img":"https://fd15-photos.leclercdrive.fr/image.ashx?id=2642100&use=l&cat=p&typeid=i","cat":314032},{"id":765,"n":"Société Crème  Crème de fromage brebis - 100g","p":2.87,"u":"28,70 €/KG","img":"https://fd15-photos.leclercdrive.fr/image.ashx?id=2729317&use=l&cat=p&typeid=i","cat":314029},{"id":768,"n":"Fromage de chèvre Les Croisés Lait pasteurisé 22%mg - 180g","p":2.99,"u":"16,61 €/KG","img":"https://fd15-photos.leclercdrive.fr/image.ashx?id=2048615&use=l&cat=p&typeid=i","cat":314031},{"id":769,"n":"Fromage de Brebis Les Croisés -Tranche - 200g","p":2.95,"u":"14,75 €/KG","img":"https://fd15-photos.leclercdrive.fr/image.ashx?id=2237499&use=l&cat=p&typeid=i","cat":314031},{"id":772,"n":"La Vache qui rit x12 - 200g","p":2.69,"u":"13,45 €/KG","img":"https://fd15-photos.leclercdrive.fr/image.ashx?id=1884220&use=l&cat=p&typeid=i","cat":314029},{"id":785,"n":"Rondelé ail et fines herbes 125g","p":2.69,"u":"21,52 €/KG","img":"https://fd15-photos.leclercdrive.fr/image.ashx?id=2967756&use=l&cat=p&typeid=i","cat":314029},{"id":787,"n":"Fromage L'Ortolan  Fromagerie Milleret - 250g","p":3.48,"u":"13,92 €/KG","img":"https://fd15-photos.leclercdrive.fr/image.ashx?id=2450913&use=l&cat=p&typeid=i","cat":314033},{"id":794,"n":"Rocamadour NRT AOP  Fromage de chèvre - 3x35g","p":5.05,"u":"48,10 €/KG","img":"https://fd15-photos.leclercdrive.fr/image.ashx?id=2954142&use=l&cat=p&typeid=i","cat":314031},{"id":795,"n":"Fromage Brique Les Croisés Lait pasteurisé 60%mg - 200g","p":2.45,"u":"12,25 €/KG","img":"https://fd15-photos.leclercdrive.fr/image.ashx?id=2615804&use=l&cat=p&typeid=i","cat":314033},{"id":796,"n":"Fromage raclette Les Croisés Tranchette lait pasteurisé 400g","p":5.09,"u":"12,73 €/KG","img":"https://fd15-photos.leclercdrive.fr/image.ashx?id=2791704&use=l&cat=p&typeid=i","cat":314037},{"id":800,"n":"Mozzarella Les Croisés - 125g","p":3.3,"u":"26,40 €/KG","img":"https://fd15-photos.leclercdrive.fr/image.ashx?id=2122682&use=l&cat=p&typeid=i","cat":314026},{"id":806,"n":"Emmental fromage rapé Les Croisés - 500g","p":5.2,"u":"10,40 €/KG","img":"https://fd15-photos.leclercdrive.fr/image.ashx?id=2832903&use=l&cat=p&typeid=i","cat":314035},{"id":807,"n":"Emmental fromage rapé Les Croisés - 200g","p":2.08,"u":"10,40 €/KG","img":"https://fd15-photos.leclercdrive.fr/image.ashx?id=2949409&use=l&cat=p&typeid=i","cat":314035},{"id":808,"n":"Emmental fromage rapé Les Croisés - 100g","p":1.11,"u":"11,10 €/KG","img":"https://fd15-photos.leclercdrive.fr/image.ashx?id=2832885&use=l&cat=p&typeid=i","cat":314035},{"id":809,"n":"Râpé Parmigiano Reggiano AOP Les Croisés - 60g","p":1.5,"u":"25,00 €/KG","img":"https://fd15-photos.leclercdrive.fr/image.ashx?id=2858024&use=l&cat=p&typeid=i","cat":314035},{"id":810,"n":"Râpé Grana Padano AOP Les Croisés - 100g","p":1.81,"u":"18,10 €/KG","img":"https://fd15-photos.leclercdrive.fr/image.ashx?id=2857985&use=l&cat=p&typeid=i","cat":314035},{"id":817,"n":"Yaourts Délisse Nature - 12x125g","p":3.89,"u":"2,59 €/KG","img":"https://fd15-photos.leclercdrive.fr/image.ashx?id=2922485&use=l&cat=p&typeid=i","cat":284409},{"id":819,"n":"Yaourts brassés Délisse Nature - 16x125g","p":4.79,"u":"2,40 €/KG","img":"https://fd15-photos.leclercdrive.fr/image.ashx?id=2282159&use=l&cat=p&typeid=i","cat":284409},{"id":821,"n":"Yaourts sucrés Délisse Nature - 16x125g","p":4.49,"u":"2,25 €/KG","img":"https://fd15-photos.leclercdrive.fr/image.ashx?id=2591485&use=l&cat=p&typeid=i","cat":284409},{"id":822,"n":"Yaourts à la Grecque Délisse Nature - 4x150g","p":1.99,"u":"3,32 €/KG","img":"https://fd15-photos.leclercdrive.fr/image.ashx?id=2882999&use=l&cat=p&typeid=i","cat":314999},{"id":834,"n":"Yaourts La Laitière Fruits pâtissiers - 12x125g","p":5.89,"u":"3,93 €/KG","img":"https://fd15-photos.leclercdrive.fr/image.ashx?id=2578684&use=l&cat=p&typeid=i","cat":314999},{"id":841,"n":"Yaourts brassés Délisse Panaché de fruits - 16x125g","p":5.85,"u":"2,93 €/KG","img":"https://fd15-photos.leclercdrive.fr/image.ashx?id=2494211&use=l&cat=p&typeid=i","cat":284410},{"id":842,"n":"Yaourts aux fruits Délisse Panaché de fruits - 16x125g","p":5.95,"u":"2,98 €/KG","img":"https://fd15-photos.leclercdrive.fr/image.ashx?id=2609544&use=l&cat=p&typeid=i","cat":284410},{"id":843,"n":"Yaourts Crème Délisse Stracciatella - 4x125g","p":3.55,"u":"7,10 €/KG","img":"https://fd15-photos.leclercdrive.fr/image.ashx?id=2117120&use=l&cat=p&typeid=i","cat":314999},{"id":856,"n":"Yaourts Fruits 0% Déli'light Fruits panachés - 16x125g","p":6.09,"u":"3,05 €/KG","img":"https://fd15-photos.leclercdrive.fr/image.ashx?id=2979337&use=l&cat=p&typeid=i","cat":315000},{"id":871,"n":"Yaourts à boire DéliUp' Délisse Nature - 10x100g","p":4.4,"u":"4,40 €/KG","img":"https://fd15-photos.leclercdrive.fr/image.ashx?id=1713612&use=l&cat=p&typeid=i","cat":284415},{"id":879,"n":"Fromage blanc sous mousse  Gervita nature - 4x100g","p":2.87,"u":"7,18 €/KG","img":"https://fd15-photos.leclercdrive.fr/image.ashx?id=2746157&use=l&cat=p&typeid=i","cat":284409},{"id":887,"n":"Fromage frais Délisse Fruits panachés 22%mg - 12x50g","p":2.79,"u":"4,65 €/KG","img":"https://fd15-photos.leclercdrive.fr/image.ashx?id=2922491&use=l&cat=p&typeid=i","cat":284414},{"id":892,"n":"Fromage frais Duodélisse Nature - 8x100g","p":4.45,"u":"5,56 €/KG","img":"https://fd15-photos.leclercdrive.fr/image.ashx?id=2387316&use=l&cat=p&typeid=i","cat":284409},{"id":894,"n":"Fromage blanc Délisse Nature 0% MG - 8x100g","p":3.25,"u":"4,06 €/KG","img":"https://fd15-photos.leclercdrive.fr/image.ashx?id=2898817&use=l&cat=p&typeid=i","cat":315000},{"id":895,"n":"Fromage blanc Délisse Nature - 3,1% MG - 8x100g","p":2.76,"u":"3,45 €/KG","img":"https://fd15-photos.leclercdrive.fr/image.ashx?id=3012791&use=l&cat=p&typeid=i","cat":284409},{"id":897,"n":"Fromage blanc Délisse Nature 3.1% MG - 1kg","p":2.99,"u":"2,99 €/KG","img":"https://fd15-photos.leclercdrive.fr/image.ashx?id=3012788&use=l&cat=p&typeid=i","cat":284409},{"id":918,"n":"Crème dessert Délisse Café - 4x125g","p":1.69,"u":"3,38 €/KG","img":"https://fd15-photos.leclercdrive.fr/image.ashx?id=2441048&use=l&cat=p&typeid=i","cat":285041},{"id":919,"n":"Crème dessert Délisse Caramel - 4x125g","p":1.89,"u":"3,78 €/KG","img":"https://fd15-photos.leclercdrive.fr/image.ashx?id=2854204&use=l&cat=p&typeid=i","cat":285041},{"id":920,"n":"Crème dessert Délisse Chocolat - 4x125g","p":1.89,"u":"3,78 €/KG","img":"https://fd15-photos.leclercdrive.fr/image.ashx?id=2854207&use=l&cat=p&typeid=i","cat":285041},{"id":921,"n":"Crème dessert Délisse Vanille - 4x125g","p":1.69,"u":"3,38 €/KG","img":"https://fd15-photos.leclercdrive.fr/image.ashx?id=2854210&use=l&cat=p&typeid=i","cat":285041},{"id":922,"n":"Crème dessert Délisse Praliné - 4x125g","p":1.69,"u":"3,38 €/KG","img":"https://fd15-photos.leclercdrive.fr/image.ashx?id=2441066&use=l&cat=p&typeid=i","cat":285041},{"id":923,"n":"Crème dessert Délisse Panaché - 12x125g","p":4.39,"u":"2,93 €/KG","img":"https://fd15-photos.leclercdrive.fr/image.ashx?id=2465211&use=l&cat=p&typeid=i","cat":285041},{"id":924,"n":"Petit pot de crème Délisse Chocolat - 4x100g","p":2.49,"u":"6,23 €/KG","img":"https://fd15-photos.leclercdrive.fr/image.ashx?id=2544967&use=l&cat=p&typeid=i","cat":285041},{"id":925,"n":"Petit pot de crème Délisse Vanille - 4x100g","p":2.65,"u":"6,63 €/KG","img":"https://fd15-photos.leclercdrive.fr/image.ashx?id=2556508&use=l&cat=p&typeid=i","cat":285041},{"id":926,"n":"Petit pot de crème Délisse Noix de coco - 4x100g","p":3.95,"u":"9,88 €/KG","img":"https://fd15-photos.leclercdrive.fr/image.ashx?id=2722387&use=l&cat=p&typeid=i","cat":285041},{"id":927,"n":"Petit pot de crème Délisse Caramel - 4x100g","p":2.99,"u":"7,48 €/KG","img":"https://fd15-photos.leclercdrive.fr/image.ashx?id=2556511&use=l&cat=p&typeid=i","cat":285041},{"id":931,"n":"Dessert Liégeois Délisse Café - 4x100g","p":1.79,"u":"4,48 €/KG","img":"https://fd15-photos.leclercdrive.fr/image.ashx?id=2630881&use=l&cat=p&typeid=i","cat":285042},{"id":932,"n":"Dessert Liégeois Délisse Chocolat - 4x100g","p":1.92,"u":"4,80 €/KG","img":"https://fd15-photos.leclercdrive.fr/image.ashx?id=2636233&use=l&cat=p&typeid=i","cat":285042},{"id":933,"n":"Dessert Liégeois Délisse Chocolat Café - 8x100g","p":4.0,"u":"5,00 €/KG","img":"https://fd15-photos.leclercdrive.fr/image.ashx?id=2630884&use=l&cat=p&typeid=i","cat":285042},{"id":934,"n":"Dessert Liégeois Délisse Chocolat - 12x100g","p":5.15,"u":"4,29 €/KG","img":"https://fd15-photos.leclercdrive.fr/image.ashx?id=2630878&use=l&cat=p&typeid=i","cat":285042},{"id":935,"n":"Dessert Liégeois Délisse Vanille Caramel - 8x100g","p":3.69,"u":"4,61 €/KG","img":"https://fd15-photos.leclercdrive.fr/image.ashx?id=2636236&use=l&cat=p&typeid=i","cat":285042},{"id":936,"n":"Riz au lait Délisse  Vanille - 4x115g","p":1.79,"u":"3,89 €/KG","img":"https://fd15-photos.leclercdrive.fr/image.ashx?id=2489107&use=l&cat=p&typeid=i","cat":284418},{"id":937,"n":"Riz au lait Délisse Rhum Raisin - 4x115g","p":2.39,"u":"5,20 €/KG","img":"https://fd15-photos.leclercdrive.fr/image.ashx?id=2595089&use=l&cat=p&typeid=i","cat":284418},{"id":938,"n":"Gâteaux de semoule Délisse 4x100g","p":2.75,"u":"6,88 €/KG","img":"https://fd15-photos.leclercdrive.fr/image.ashx?id=2544964&use=l&cat=p&typeid=i","cat":284418},{"id":939,"n":"Semoule au lait Délisse Vanille - 4x115g","p":1.79,"u":"3,89 €/KG","img":"https://fd15-photos.leclercdrive.fr/image.ashx?id=2558377&use=l&cat=p&typeid=i","cat":284418},{"id":940,"n":"Gâteaux de riz Délisse 4x100g","p":2.25,"u":"5,63 €/KG","img":"https://fd15-photos.leclercdrive.fr/image.ashx?id=2898820&use=l&cat=p&typeid=i","cat":284418},{"id":942,"n":"Mousse à la liégeoise Délisse Vanille - 8x80g","p":4.19,"u":"6,55 €/KG","img":"https://fd15-photos.leclercdrive.fr/image.ashx?id=3009487&use=l&cat=p&typeid=i","cat":284417},{"id":943,"n":"Mousse Délisse Chocolat noir - 4x60g","p":1.89,"u":"7,88 €/KG","img":"https://fd15-photos.leclercdrive.fr/image.ashx?id=3009493&use=l&cat=p&typeid=i","cat":284417},{"id":944,"n":"Mousse au chocolat Délisse Chocolat au lait - 4x60g","p":1.69,"u":"7,04 €/KG","img":"https://fd15-photos.leclercdrive.fr/image.ashx?id=3009496&use=l&cat=p&typeid=i","cat":284417},{"id":945,"n":"Mousse chocolat Délisse Noir et lait coulis - 8x60g","p":3.19,"u":"6,65 €/KG","img":"https://fd15-photos.leclercdrive.fr/image.ashx?id=3009499&use=l&cat=p&typeid=i","cat":284417},{"id":946,"n":"Mousse Délisse Café - 4x60g","p":2.35,"u":"9,79 €/KG","img":"https://fd15-photos.leclercdrive.fr/image.ashx?id=3009505&use=l&cat=p&typeid=i","cat":284417},{"id":947,"n":"Crème de marron Délisse 4x11,5cl","p":2.25,"u":"4,89 €/L","img":"https://fd15-photos.leclercdrive.fr/image.ashx?id=3009508&use=l&cat=p&typeid=i","cat":284417},{"id":954,"n":"Flan aux oeufs Délisse 4x100g","p":3.75,"u":"9,38 €/KG","img":"https://fd15-photos.leclercdrive.fr/image.ashx?id=2460479&use=l&cat=p&typeid=i","cat":284419},{"id":955,"n":"Ile flottante Délisse Crème anglaise - 4x100g","p":3.55,"u":"8,88 €/KG","img":"https://fd15-photos.leclercdrive.fr/image.ashx?id=2860706&use=l&cat=p&typeid=i","cat":284419},{"id":956,"n":"Baba au rhum Délisse 2x150g","p":2.99,"u":"9,97 €/KG","img":"https://fd15-photos.leclercdrive.fr/image.ashx?id=1871461&use=l&cat=p&typeid=i","cat":284419},{"id":964,"n":"Lait demi-écrémé Délisse UHT Bouteille -  1L","p":2.09,"u":"2,09 €/L","img":"https://fd15-photos.leclercdrive.fr/image.ashx?id=2981834&use=l&cat=p&typeid=i","cat":284377},{"id":965,"n":"Lait demi-écrémé Délisse UHT Bouteille -  50cl","p":1.09,"u":"2,18 €/L","img":"https://fd15-photos.leclercdrive.fr/image.ashx?id=2981858&use=l&cat=p&typeid=i","cat":284377},{"id":966,"n":"Lait entier Délisse UHT - Bouteille : 1L","p":1.79,"u":"1,79 €/L","img":"https://fd15-photos.leclercdrive.fr/image.ashx?id=2981873&use=l&cat=p&typeid=i","cat":285610},{"id":968,"n":"Lait écrémé Délisse Brique : 1L","p":0.8,"u":"0,80 €/L","img":"https://fd15-photos.leclercdrive.fr/image.ashx?id=2981816&use=l&cat=p&typeid=i","cat":284949},{"id":970,"n":"Boisson lactée au cacao Cacolac Bouteilles - 8x20cl","p":8.13,"u":"5,08 €/L","img":"https://fd15-photos.leclercdrive.fr/image.ashx?id=2762085&use=l&cat=p&typeid=i","cat":295246},{"id":973,"n":"Lait chèvre demi-écrémé Lactel UHT Bouteille - 1L","p":2.85,"u":"2,85 €/L","img":"https://fd15-photos.leclercdrive.fr/image.ashx?id=3005035&use=l&cat=p&typeid=i","cat":295251},{"id":974,"n":"Lait bio Bio Village Bouteille  Demi-écrémé UHT -  1L","p":1.99,"u":"1,99 €/L","img":"https://fd15-photos.leclercdrive.fr/image.ashx?id=2615224&use=l&cat=p&typeid=i","cat":284377},{"id":979,"n":"Beurre Mini Elle&Vire  Doux - 82% MG - 16P - 200g","p":3.01,"u":"15,05 €/KG","img":"https://fd15-photos.leclercdrive.fr/image.ashx?id=2528397&use=l&cat=p&typeid=i","cat":284379},{"id":981,"n":"Beurre Montfleuri Doux - 60% MG - 250g","p":2.96,"u":"11,84 €/KG","img":"https://fd15-photos.leclercdrive.fr/image.ashx?id=2988569&use=l&cat=p&typeid=i","cat":284379},{"id":983,"n":"Beurre Tendre Les Croisés Doux - 82% MG - 250g","p":3.2,"u":"12,80 €/KG","img":"https://fd15-photos.leclercdrive.fr/image.ashx?id=2778018&use=l&cat=p&typeid=i","cat":284379},{"id":985,"n":"Beurre de Bretagne Les Croisés Doux - 82% MG - 500g","p":6.25,"u":"12,50 €/KG","img":"https://fd15-photos.leclercdrive.fr/image.ashx?id=2893277&use=l&cat=p&typeid=i","cat":284379},{"id":988,"n":"Beurre Les Croisés 80% MG  Demi-sel Extra fin - 250g","p":2.99,"u":"11,96 €/KG","img":"https://fd15-photos.leclercdrive.fr/image.ashx?id=2777955&use=l&cat=p&typeid=i","cat":284379},{"id":989,"n":"Beurre Tendre Les Croisés Demi-sel - 80% MG - 250g","p":3.52,"u":"14,08 €/KG","img":"https://fd15-photos.leclercdrive.fr/image.ashx?id=2778003&use=l&cat=p&typeid=i","cat":284379},{"id":990,"n":"Beurre Tendre Les Croisés Doux - 82% MG - 250g","p":3.55,"u":"14,20 €/KG","img":"https://fd15-photos.leclercdrive.fr/image.ashx?id=2839887&use=l&cat=p&typeid=i","cat":284379},{"id":991,"n":"Beurre de Bretagne Les Croisés Demi-sel - 80% MG - 500g","p":5.98,"u":"11,96 €/KG","img":"https://fd15-photos.leclercdrive.fr/image.ashx?id=2777970&use=l&cat=p&typeid=i","cat":284379},{"id":1003,"n":"Crème UHT Elle & Vire Fluide Entière - 30% MG - 1L","p":6.75,"u":"6,75 €/L","img":"https://fd15-photos.leclercdrive.fr/image.ashx?id=3008554&use=l&cat=p&typeid=i","cat":284381},{"id":1004,"n":"Crème UHT Elle&Vire Semi-Ep. Si Légère - 4% MG - 3x20cl","p":3.52,"u":"5,87 €/L","img":"https://fd15-photos.leclercdrive.fr/image.ashx?id=2985282&use=l&cat=p&typeid=i","cat":284381},{"id":1005,"n":"Crème Chantilly sucrée Délisse Entière sous pression - 250g","p":5.59,"u":"22,36 €/KG","img":"https://fd15-photos.leclercdrive.fr/image.ashx?id=3002512&use=l&cat=p&typeid=i","cat":284382},{"id":1006,"n":"Crème Chantilly sucrée Délisse Allégée sous pression - 250g","p":4.79,"u":"19,16 €/KG","img":"https://fd15-photos.leclercdrive.fr/image.ashx?id=3002515&use=l&cat=p&typeid=i","cat":284382},{"id":1008,"n":"Crème entière fluide Délisse 30%mg - 3x20cl","p":3.6,"u":"6,00 €/L","img":"https://fd15-photos.leclercdrive.fr/image.ashx?id=2509977&use=l&cat=p&typeid=i","cat":284381},{"id":1009,"n":"Crème légère semi-épaisse   Délisse 18%mg - 3x20cl","p":2.79,"u":"4,65 €/L","img":"https://fd15-photos.leclercdrive.fr/image.ashx?id=3002551&use=l&cat=p&typeid=i","cat":284381},{"id":1012,"n":"Crème fraîche légère Délisse Epaisse - 15% MG  - 50cl","p":2.35,"u":"4,70 €/L","img":"https://fd15-photos.leclercdrive.fr/image.ashx?id=3002539&use=l&cat=p&typeid=i","cat":284381},{"id":1014,"n":"Crème fraîche entière Délisse Epaisse - 30% MG- 50cl","p":2.89,"u":"5,78 €/L","img":"https://fd15-photos.leclercdrive.fr/image.ashx?id=3002524&use=l&cat=p&typeid=i","cat":284381},{"id":1019,"n":"Jambon Italien Saint Azay x6 - 100g","p":2.69,"u":"26,90 €/KG","img":"https://fd15-photos.leclercdrive.fr/image.ashx?id=2466871&use=l&cat=p&typeid=i","cat":316007},{"id":1021,"n":"Rosette de lyon Saint Azay 10 tranches - 100g","p":3.79,"u":"37,90 €/KG","img":"https://fd15-photos.leclercdrive.fr/image.ashx?id=2114415&use=l&cat=p&typeid=i","cat":316007},{"id":1022,"n":"Bacon Saint Azay x15 - 150g","p":2.79,"u":"18,60 €/KG","img":"https://fd15-photos.leclercdrive.fr/image.ashx?id=2974957&use=l&cat=p&typeid=i","cat":316007},{"id":1026,"n":"Assiette charcuterie Saint Azay 200g","p":4.99,"u":"24,95 €/KG","img":"https://fd15-photos.leclercdrive.fr/image.ashx?id=2257220&use=l&cat=p&typeid=i","cat":316007},{"id":1027,"n":"Plateau charcuteries Alsace NRT 200g","p":3.79,"u":"18,95 €/KG","img":"https://fd15-photos.leclercdrive.fr/image.ashx?id=2991479&use=l&cat=p&typeid=i","cat":316012},{"id":1028,"n":"Mini saucisse sèche Saint Azay 3x50g","p":2.85,"u":"19,00 €/KG","img":"https://fd15-photos.leclercdrive.fr/image.ashx?id=2404422&use=l&cat=p&typeid=i","cat":316006},{"id":1029,"n":"Mini saucissons secs Saint Azay Nature - 75g","p":1.59,"u":"21,20 €/KG","img":"https://fd15-photos.leclercdrive.fr/image.ashx?id=2943617&use=l&cat=p&typeid=i","cat":316006},{"id":1030,"n":"Mini Saucissons secs Saint Azay Aux noix - 75g","p":1.55,"u":"20,67 €/KG","img":"https://fd15-photos.leclercdrive.fr/image.ashx?id=2943620&use=l&cat=p&typeid=i","cat":316006},{"id":1033,"n":"Chorizo Doux Saint Azay 225g","p":2.98,"u":"13,24 €/KG","img":"https://fd15-photos.leclercdrive.fr/image.ashx?id=2753460&use=l&cat=p&typeid=i","cat":316006},{"id":1034,"n":"Chorizo Fort Saint Azay 225g","p":2.85,"u":"12,67 €/KG","img":"https://fd15-photos.leclercdrive.fr/image.ashx?id=2753463&use=l&cat=p&typeid=i","cat":316006},{"id":1035,"n":"Chorizo Extra Fort Saint Azay 225g","p":3.03,"u":"13,47 €/KG","img":"https://fd15-photos.leclercdrive.fr/image.ashx?id=2430686&use=l&cat=p&typeid=i","cat":316006},{"id":1039,"n":"Jambon Tranché Fin FleuryMichon à l'italienne x4 - 120g","p":5.0,"u":"41,67 €/KG","img":"https://fd15-photos.leclercdrive.fr/image.ashx?id=2889304&use=l&cat=p&typeid=i","cat":316009},{"id":1058,"n":"Jambon serrano IGP Saint Azay 6 tranches - 100g","p":2.2,"u":"22,00 €/KG","img":"https://fd15-photos.leclercdrive.fr/image.ashx?id=2850422&use=l&cat=p&typeid=i","cat":316007},{"id":1069,"n":"Saucisses de Montbéliard IGP NRT - 250g","p":4.19,"u":"16,76 €/KG","img":"https://fd15-photos.leclercdrive.fr/image.ashx?id=2991470&use=l&cat=p&typeid=i","cat":316012},{"id":1070,"n":"Saucisse de Morteau NRT IGP - 350g","p":6.65,"u":"19,00 €/KG","img":"https://fd15-photos.leclercdrive.fr/image.ashx?id=2991464&use=l&cat=p&typeid=i","cat":316012},{"id":1071,"n":"Coppa italienne Saint Azay 10 tranches 100 g","p":2.59,"u":"25,90 €/KG","img":"https://fd15-photos.leclercdrive.fr/image.ashx?id=2665844&use=l&cat=p&typeid=i","cat":316007},{"id":1081,"n":"Véritables Knacks d'Alsace NRT X4 - 260g","p":3.79,"u":"14,58 €/KG","img":"https://fd15-photos.leclercdrive.fr/image.ashx?id=2991488&use=l&cat=p&typeid=i","cat":316012},{"id":1087,"n":"Pâté en croûte St Azay 450g","p":3.6,"u":"8,00 €/KG","img":"https://fd15-photos.leclercdrive.fr/image.ashx?id=2932396&use=l&cat=p&typeid=i","cat":316003},{"id":1103,"n":"Foie gras de canard entier Pierre de Chaumeyrac - 180g","p":17.95,"u":"99,72 €/KG","img":"https://fd15-photos.leclercdrive.fr/image.ashx?id=2025500&use=l&cat=p&typeid=i","cat":316008},{"id":1104,"n":"Foie gras canard IGP Périgord Entier NRT - 300g","p":34.85,"u":"116,17 €/KG","img":"https://fd15-photos.leclercdrive.fr/image.ashx?id=2807318&use=l&cat=p&typeid=i","cat":316008},{"id":1105,"n":"Carottes râpées Menu Fraîcheur  Assaisonnées - 500g","p":3.19,"u":"6,38 €/KG","img":"https://fd15-photos.leclercdrive.fr/image.ashx?id=2850811&use=l&cat=p&typeid=i","cat":333657},{"id":1106,"n":"Céleri Menu Fraîcheur  Rémoulade - 300g","p":2.9,"u":"9,67 €/KG","img":"https://fd15-photos.leclercdrive.fr/image.ashx?id=2819929&use=l&cat=p&typeid=i","cat":333657},{"id":1107,"n":"Taboulé Menu Fraîcheur A l'orientale - 300g","p":2.89,"u":"9,63 €/KG","img":"https://fd15-photos.leclercdrive.fr/image.ashx?id=2816546&use=l&cat=p&typeid=i","cat":333657},{"id":1110,"n":"Riz cantonais Tables du Monde 400g","p":5.04,"u":"12,60 €/KG","img":"https://fd15-photos.leclercdrive.fr/image.ashx?id=2846553&use=l&cat=p&typeid=i","cat":333665},{"id":1117,"n":"Manchons de poulet Côté Croc 250g","p":4.89,"u":"19,56 €/KG","img":"https://fd15-photos.leclercdrive.fr/image.ashx?id=2560467&use=l&cat=p&typeid=i","cat":333685},{"id":1118,"n":"Manchons de poulet Côté Croc Méxicaine - 250g","p":5.69,"u":"22,76 €/KG","img":"https://fd15-photos.leclercdrive.fr/image.ashx?id=2570031&use=l&cat=p&typeid=i","cat":333685},{"id":1119,"n":"Sandwich Côté Snack Rosette - 125g","p":2.7,"u":"21,60 €/KG","img":"https://fd15-photos.leclercdrive.fr/image.ashx?id=2794829&use=l&cat=p&typeid=i","cat":333658},{"id":1120,"n":"Sandwich Côté Snack Jambon beurre - 125g","p":2.99,"u":"23,92 €/KG","img":"https://fd15-photos.leclercdrive.fr/image.ashx?id=2619707&use=l&cat=p&typeid=i","cat":333658},{"id":1123,"n":"Sandwich Côté Snack Thon crudités - 145g","p":2.95,"u":"20,34 €/KG","img":"https://fd15-photos.leclercdrive.fr/image.ashx?id=2604969&use=l&cat=p&typeid=i","cat":333658},{"id":1142,"n":"Ravioli Lustucru Selection  Boeuf - 300g","p":3.25,"u":"10,83 €/KG","img":"https://fd15-photos.leclercdrive.fr/image.ashx?id=2938659&use=l&cat=p&typeid=i","cat":333682},{"id":1144,"n":"Ravioli jambon Turini 300g","p":2.55,"u":"8,50 €/KG","img":"https://fd15-photos.leclercdrive.fr/image.ashx?id=2777997&use=l&cat=p&typeid=i","cat":333682},{"id":1145,"n":"Ravioli 4 fromages Turini 300g","p":2.0,"u":"6,67 €/KG","img":"https://fd15-photos.leclercdrive.fr/image.ashx?id=2989643&use=l&cat=p&typeid=i","cat":333682},{"id":1147,"n":"Kit Pâte à pizza Croustipate 600g","p":4.65,"u":"7,75 €/KG","img":"https://fd15-photos.leclercdrive.fr/image.ashx?id=2161651&use=l&cat=p&typeid=i","cat":333681},{"id":1149,"n":"Pâte à pizza Tablier Blanc 260g","p":1.88,"u":"7,23 €/KG","img":"https://fd15-photos.leclercdrive.fr/image.ashx?id=2041773&use=l&cat=p&typeid=i","cat":333681},{"id":1150,"n":"Pâte sablée Tablier Blanc 230g","p":1.28,"u":"5,57 €/KG","img":"https://fd15-photos.leclercdrive.fr/image.ashx?id=2635898&use=l&cat=p&typeid=i","cat":333681},{"id":1151,"n":"Pâte feuilletée Tablier Blanc Au beurre - 230g","p":1.74,"u":"7,57 €/KG","img":"https://fd15-photos.leclercdrive.fr/image.ashx?id=2635895&use=l&cat=p&typeid=i","cat":333681},{"id":1152,"n":"Pâte feuilletée Tablier Blanc Prête à dérouler - 230g","p":0.95,"u":"4,13 €/KG","img":"https://fd15-photos.leclercdrive.fr/image.ashx?id=2635889&use=l&cat=p&typeid=i","cat":333681},{"id":1154,"n":"Lardons de saumon fumé Ronde des Mers - 90g","p":3.9,"u":"43,33 €/KG","img":"https://fd15-photos.leclercdrive.fr/image.ashx?id=2966240&use=l&cat=p&typeid=i","cat":285188},{"id":1163,"n":"Mini blinis Ronde des Mers x16 - 135g","p":2.39,"u":"17,70 €/KG","img":"https://fd15-photos.leclercdrive.fr/image.ashx?id=2981849&use=l&cat=p&typeid=i","cat":285191},{"id":1164,"n":"Bâtonnets surimi Pêche Océan MSC - 400g","p":4.55,"u":"11,38 €/KG","img":"https://fd15-photos.leclercdrive.fr/image.ashx?id=2981840&use=l&cat=p&typeid=i","cat":285189},{"id":1165,"n":"Bâtonnets Surimi Pêche Océan MSC - x30 - 500g","p":5.89,"u":"11,78 €/KG","img":"https://fd15-photos.leclercdrive.fr/image.ashx?id=2953227&use=l&cat=p&typeid=i","cat":285189},{"id":1166,"n":"Miettes de surimi Pêche Océan MSC - 180g","p":2.79,"u":"15,50 €/KG","img":"https://fd15-photos.leclercdrive.fr/image.ashx?id=2981861&use=l&cat=p&typeid=i","cat":285189},{"id":1168,"n":"Filets de hareng Pêche Océan MSC - Doux - 200g","p":2.99,"u":"14,95 €/KG","img":"https://fd15-photos.leclercdrive.fr/image.ashx?id=2992489&use=l&cat=p&typeid=i","cat":285190},{"id":1169,"n":"Filets d'anchois Pêche Océan À l'huile d'olive - 105g","p":3.25,"u":"30,95 €/KG","img":"https://fd15-photos.leclercdrive.fr/image.ashx?id=2992504&use=l&cat=p&typeid=i","cat":285190},{"id":1175,"n":"Pizza Cuite sur pierre Turini Saumon crevettes - 400g","p":5.39,"u":"13,48 €/KG","img":"https://fd15-photos.leclercdrive.fr/image.ashx?id=2815217&use=l&cat=p&typeid=i","cat":284256},{"id":1178,"n":"Pizza Cuite sur pierre Volpone  Bolognaise - 400g","p":3.39,"u":"8,48 €/KG","img":"https://fd15-photos.leclercdrive.fr/image.ashx?id=2815208&use=l&cat=p&typeid=i","cat":284256},{"id":1180,"n":"Quiche Lorraine Côté Table 400g","p":3.69,"u":"9,23 €/KG","img":"https://fd15-photos.leclercdrive.fr/image.ashx?id=2869778&use=l&cat=p&typeid=i","cat":284257},{"id":1181,"n":"Tarte aux poireaux Côté Table - 400g","p":3.35,"u":"8,38 €/KG","img":"https://fd15-photos.leclercdrive.fr/image.ashx?id=2791710&use=l&cat=p&typeid=i","cat":284257},{"id":1182,"n":"Crêpes Côté Table Jambon fromage x6 - 300g","p":2.55,"u":"8,50 €/KG","img":"https://fd15-photos.leclercdrive.fr/image.ashx?id=2932402&use=l&cat=p&typeid=i","cat":319776},{"id":1183,"n":"Crêpes Côté Table Jambon fromage x20 1kg","p":5.89,"u":"5,89 €/KG","img":"https://fd15-photos.leclercdrive.fr/image.ashx?id=2932405&use=l&cat=p&typeid=i","cat":319776},{"id":1185,"n":"Steaks hachés Charal Pur Bœuf 15% MG 10x100g - 1kg","p":15.32,"u":"15,32 €/KG","img":"https://fd15-photos.leclercdrive.fr/image.ashx?id=2659300&use=l&cat=p&typeid=i","cat":319778},{"id":1186,"n":"Haché Extra Moelleux Charal 10x100g - 1kg","p":15.39,"u":"15,39 €/KG","img":"https://fd15-photos.leclercdrive.fr/image.ashx?id=2731735&use=l&cat=p&typeid=i","cat":319778},{"id":1187,"n":"Haché à l'oignon Charal 10x100g - 1kg","p":11.15,"u":"11,15 €/KG","img":"https://fd15-photos.leclercdrive.fr/image.ashx?id=2741940&use=l&cat=p&typeid=i","cat":319778},{"id":1191,"n":"Poisson Bordelaise Pêche Océan MSC - 400g","p":3.43,"u":"8,58 €/KG","img":"https://fd15-photos.leclercdrive.fr/image.ashx?id=2930081&use=l&cat=p&typeid=i","cat":319788},{"id":1192,"n":"Colin d'Alaska MSC Pêche Océan À l'oseille x2 - 400g","p":4.2,"u":"10,50 €/KG","img":"https://fd15-photos.leclercdrive.fr/image.ashx?id=2930099&use=l&cat=p&typeid=i","cat":319786},{"id":1193,"n":"Pané colin d'Alaska Pêche Océan x15 bâtonnets - MSC - 450g","p":4.57,"u":"10,16 €/KG","img":"https://fd15-photos.leclercdrive.fr/image.ashx?id=2558368&use=l&cat=p&typeid=i","cat":319788},{"id":1194,"n":"Calamars Pêche Océan A la romaine 40/60 - 500g","p":6.89,"u":"13,78 €/KG","img":"https://fd15-photos.leclercdrive.fr/image.ashx?id=2216298&use=l&cat=p&typeid=i","cat":319788},{"id":1196,"n":"Coquilles Saint-Jacques Coté Table - 4x90g","p":7.35,"u":"20,42 €/KG","img":"https://fd15-photos.leclercdrive.fr/image.ashx?id=2625071&use=l&cat=p&typeid=i","cat":319775},{"id":1197,"n":"Paëlla royale Côté Table Fruits de mer poulet 1kg","p":6.89,"u":"6,89 €/KG","img":"https://fd15-photos.leclercdrive.fr/image.ashx?id=2663353&use=l&cat=p&typeid=i","cat":284254},{"id":1198,"n":"Tomates Farcies Charal x6 - 1kg","p":9.95,"u":"9,95 €/KG","img":"https://fd15-photos.leclercdrive.fr/image.ashx?id=1748639&use=l&cat=p&typeid=i","cat":284254},{"id":1200,"n":"Poêlée paysanne Côté Table 900g","p":4.08,"u":"4,53 €/KG","img":"https://fd15-photos.leclercdrive.fr/image.ashx?id=2471670&use=l&cat=p&typeid=i","cat":319823},{"id":1201,"n":"Poêlée campagnarde Côté Table 900g","p":4.89,"u":"5,43 €/KG","img":"https://fd15-photos.leclercdrive.fr/image.ashx?id=2647414&use=l&cat=p&typeid=i","cat":319823},{"id":1202,"n":"Pâtes Carbonara Côté Table 900g","p":5.25,"u":"5,83 €/KG","img":"https://fd15-photos.leclercdrive.fr/image.ashx?id=2900064&use=l&cat=p&typeid=i","cat":284254},{"id":1211,"n":"Choux fleurs Notre Jardin Fleurettes 1kg","p":2.65,"u":"2,65 €/KG","img":"https://fd15-photos.leclercdrive.fr/image.ashx?id=2900019&use=l&cat=p&typeid=i","cat":319805},{"id":1212,"n":"Choux de Bruxelles Notre Jardin 1kg","p":2.25,"u":"2,25 €/KG","img":"https://fd15-photos.leclercdrive.fr/image.ashx?id=2873018&use=l&cat=p&typeid=i","cat":319805},{"id":1214,"n":"Haricots verts Notre jardin Très fins 1kg","p":2.79,"u":"2,79 €/KG","img":"https://fd15-photos.leclercdrive.fr/image.ashx?id=2900043&use=l&cat=p&typeid=i","cat":319805},{"id":1215,"n":"Haricots verts Notre Jardin Extra fins 1kg","p":2.78,"u":"2,78 €/KG","img":"https://fd15-photos.leclercdrive.fr/image.ashx?id=2873051&use=l&cat=p&typeid=i","cat":319805},{"id":1216,"n":"Courgettes Notre Jardin Rondelles 1kg","p":2.04,"u":"2,04 €/KG","img":"https://fd15-photos.leclercdrive.fr/image.ashx?id=2873099&use=l&cat=p&typeid=i","cat":319805},{"id":1218,"n":"Epinards Notre Jardin Hâchés - 1kg","p":1.75,"u":"1,75 €/KG","img":"https://fd15-photos.leclercdrive.fr/image.ashx?id=2900034&use=l&cat=p&typeid=i","cat":319805},{"id":1219,"n":"Epinards Notre Jardin Hachés A la crème fraîche - 1kg","p":2.04,"u":"2,04 €/KG","img":"https://fd15-photos.leclercdrive.fr/image.ashx?id=2916656&use=l&cat=p&typeid=i","cat":319805},{"id":1220,"n":"Carottes Notre Jardin En rondelles 1kg","p":1.65,"u":"1,65 €/KG","img":"https://fd15-photos.leclercdrive.fr/image.ashx?id=2873084&use=l&cat=p&typeid=i","cat":319805},{"id":1221,"n":"Petits pois carottes Notre Jardin 1kg","p":2.34,"u":"2,34 €/KG","img":"https://fd15-photos.leclercdrive.fr/image.ashx?id=2900052&use=l&cat=p&typeid=i","cat":319805},{"id":1223,"n":"Champignons Paris Notre jardin Emincés 1kg","p":3.55,"u":"3,55 €/KG","img":"https://fd15-photos.leclercdrive.fr/image.ashx?id=2873027&use=l&cat=p&typeid=i","cat":319805},{"id":1225,"n":"Légumes Notre Jardin Pour ratatouille 1kg","p":2.34,"u":"2,34 €/KG","img":"https://fd15-photos.leclercdrive.fr/image.ashx?id=2900058&use=l&cat=p&typeid=i","cat":319823},{"id":1226,"n":"Légumes potage Notre Jardin 1kg","p":1.52,"u":"1,52 €/KG","img":"https://fd15-photos.leclercdrive.fr/image.ashx?id=2916647&use=l&cat=p&typeid=i","cat":319805},{"id":1227,"n":"Poêlée de légumes Notre Jardin Méridionale - 1kg","p":3.91,"u":"3,91 €/KG","img":"https://fd15-photos.leclercdrive.fr/image.ashx?id=2803948&use=l&cat=p&typeid=i","cat":319823},{"id":1228,"n":"Poêlée de légumes Notre jardin Champêtre - 1kg","p":3.81,"u":"3,81 €/KG","img":"https://fd15-photos.leclercdrive.fr/image.ashx?id=2404281&use=l&cat=p&typeid=i","cat":319823},{"id":1229,"n":"Poêlée de légumes Notre Jardin Bretonne - 1kg","p":4.79,"u":"4,79 €/KG","img":"https://fd15-photos.leclercdrive.fr/image.ashx?id=1960243&use=l&cat=p&typeid=i","cat":319823},{"id":1238,"n":"Pommes rissolées Pom'lisse 1kg","p":2.26,"u":"2,26 €/KG","img":"https://fd15-photos.leclercdrive.fr/image.ashx?id=2704597&use=l&cat=p&typeid=i","cat":319792},{"id":1239,"n":"Frites allumettes Pom'lisse 1kg","p":2.75,"u":"2,75 €/KG","img":"https://fd15-photos.leclercdrive.fr/image.ashx?id=2699381&use=l&cat=p&typeid=i","cat":319791},{"id":1240,"n":"Frites Pom'lisse 2.5 kg","p":4.99,"u":"2,00 €/KG","img":"https://fd15-photos.leclercdrive.fr/image.ashx?id=2699390&use=l&cat=p&typeid=i","cat":319791},{"id":1242,"n":"Pom'Steak rustique Pom'Lisse Sachet - 1kg","p":2.35,"u":"2,35 €/KG","img":"https://fd15-photos.leclercdrive.fr/image.ashx?id=2704606&use=l&cat=p&typeid=i","cat":319791},{"id":1244,"n":"Potatoes Pom'lisse Finement épicées - 600g","p":2.49,"u":"4,15 €/KG","img":"https://fd15-photos.leclercdrive.fr/image.ashx?id=2699663&use=l&cat=p&typeid=i","cat":319791},{"id":1245,"n":"Pommes noisettes Pom'lisse 1kg","p":2.33,"u":"2,33 €/KG","img":"https://fd15-photos.leclercdrive.fr/image.ashx?id=2958314&use=l&cat=p&typeid=i","cat":319792},{"id":1246,"n":"Pommes dauphine Pom'lisse 500g","p":2.13,"u":"4,26 €/KG","img":"https://fd15-photos.leclercdrive.fr/image.ashx?id=2851571&use=l&cat=p&typeid=i","cat":319792},{"id":1247,"n":"Pom'rustic Pom'Lisse Sachet 750 gr","p":3.09,"u":"4,12 €/KG","img":"https://fd15-photos.leclercdrive.fr/image.ashx?id=2851574&use=l&cat=p&typeid=i","cat":319792},{"id":1248,"n":"Frites Pom'lisse 1kg","p":2.89,"u":"2,89 €/KG","img":"https://fd15-photos.leclercdrive.fr/image.ashx?id=2699651&use=l&cat=p&typeid=i","cat":319791},{"id":1251,"n":"Crème glacée Eskiss Vanille de Madagascar - 494g","p":3.75,"u":"7,59 €/KG","img":"https://fd15-photos.leclercdrive.fr/image.ashx?id=2982592&use=l&cat=p&typeid=i","cat":284263},{"id":1252,"n":"Glace Smicy Vanille fraise chocolat - 345g","p":3.09,"u":"8,96 €/KG","img":"https://fd15-photos.leclercdrive.fr/image.ashx?id=2951113&use=l&cat=p&typeid=i","cat":285250},{"id":1309,"n":"Lessive Epsil gel main express Tube 250ml","p":1.85,"u":"7,40 €/L","img":"https://fd15-photos.leclercdrive.fr/image.ashx?id=2838906&use=l&cat=p&typeid=i","cat":284643},{"id":1336,"n":"Liquide vaisselle Visior Ultra Peaux sensibles 500ml","p":1.35,"u":"2,70 €/L","img":"https://fd15-photos.leclercdrive.fr/image.ashx?id=2951116&use=l&cat=p&typeid=i","cat":284655},{"id":1344,"n":"Gants jetables Mamison latex T6 x10","p":2.19,"img":"https://fd15-photos.leclercdrive.fr/image.ashx?id=554721&use=l&cat=p&typeid=i","cat":284668},{"id":1345,"n":"Gants jetables Mamison latex T8 x10","p":2.19,"img":"https://fd15-photos.leclercdrive.fr/image.ashx?id=2742691&use=l&cat=p&typeid=i","cat":284668},{"id":1346,"n":"Eponges Mamison végétales Super absorbantes x3","p":1.64,"u":"0,55 €/P","img":"https://fd15-photos.leclercdrive.fr/image.ashx?id=2458052&use=l&cat=p&typeid=i","cat":284667},{"id":1358,"n":"Nettoyant Gel avec javel Clair 1L","p":2.1,"u":"2,10 €/L","img":"https://fd15-photos.leclercdrive.fr/image.ashx?id=2705062&use=l&cat=p&typeid=i","cat":284907},{"id":1359,"n":"Pastilles javel Clair x48 - 150g","p":3.02,"u":"20,13 €/KG","img":"https://fd15-photos.leclercdrive.fr/image.ashx?id=2631426&use=l&cat=p&typeid=i","cat":284661},{"id":1360,"n":"Eau de Javel Clair Parfum Eucalyptus - 2L","p":1.36,"u":"0,68 €/L","img":"https://fd15-photos.leclercdrive.fr/image.ashx?id=2949173&use=l&cat=p&typeid=i","cat":284661},{"id":1381,"n":"Dépoussiérant Clair meuble Cire 300ml","p":2.05,"u":"6,83 €/L","img":"https://fd15-photos.leclercdrive.fr/image.ashx?id=2819256&use=l&cat=p&typeid=i","cat":325364},{"id":1386,"n":"Nettoyant four Clair 500ml","p":3.19,"u":"6,38 €/L","img":"https://fd15-photos.leclercdrive.fr/image.ashx?id=2858824&use=l&cat=p&typeid=i","cat":325363},{"id":1392,"n":"Blocs wc eau bleue Syphon x2 80g","p":2.0,"u":"25,00 €/KG","img":"https://fd15-photos.leclercdrive.fr/image.ashx?id=2302537&use=l&cat=p&typeid=i","cat":284662},{"id":1400,"n":"Papier aluminium Elembal 20m","p":3.25,"img":"https://fd15-photos.leclercdrive.fr/image.ashx?id=2492252&use=l&cat=p&typeid=i","cat":334134},{"id":1401,"n":"Barquettes aluminium Elembal x10 0.5L","p":4.15,"img":"https://fd15-photos.leclercdrive.fr/image.ashx?id=2455093&use=l&cat=p&typeid=i","cat":334134},{"id":1402,"n":"Barquettes aluminium Elembal Plates 1L","p":5.99,"img":"https://fd15-photos.leclercdrive.fr/image.ashx?id=2455105&use=l&cat=p&typeid=i","cat":334134},{"id":1403,"n":"Barquettes aluminium Elembal Profondes x10 1L","p":5.5,"img":"https://fd15-photos.leclercdrive.fr/image.ashx?id=2455102&use=l&cat=p&typeid=i","cat":334134},{"id":1404,"n":"Barquettes aluminium Elembal x5 1,5L","p":3.3,"img":"https://fd15-photos.leclercdrive.fr/image.ashx?id=2455096&use=l&cat=p&typeid=i","cat":334134},{"id":1407,"n":"Film étirable Elembal 30m","p":2.09,"img":"https://fd15-photos.leclercdrive.fr/image.ashx?id=2431191&use=l&cat=p&typeid=i","cat":334134},{"id":1412,"n":"Sacs congélation Elembal Grand modèle x25","p":2.0,"img":"https://fd15-photos.leclercdrive.fr/image.ashx?id=2169147&use=l&cat=p&typeid=i","cat":334134},{"id":1413,"n":"Sacs congélation Elembal Petit modèle x50","p":1.54,"img":"https://fd15-photos.leclercdrive.fr/image.ashx?id=2158155&use=l&cat=p&typeid=i","cat":334134},{"id":1414,"n":"Sacs poubelle 30L Elembal à liens classiques - x25","p":2.3,"u":"0,09 €/P","img":"https://fd15-photos.leclercdrive.fr/image.ashx?id=2958699&use=l&cat=p&typeid=i","cat":285168},{"id":1415,"n":"Sacs poubelle 130L Elembal à liens classiques - x10","p":4.29,"u":"0,43 €/P","img":"https://fd15-photos.leclercdrive.fr/image.ashx?id=2791743&use=l&cat=p&typeid=i","cat":285168},{"id":1416,"n":"Sacs poubelle 100L Elembal Poignées coulissantes - x10","p":3.0,"u":"0,30 €/P","img":"https://fd15-photos.leclercdrive.fr/image.ashx?id=2791731&use=l&cat=p&typeid=i","cat":285168},{"id":1417,"n":"Sacs poubelle 100L Elembal à liens classiques - x10","p":2.57,"u":"0,26 €/P","img":"https://fd15-photos.leclercdrive.fr/image.ashx?id=2791734&use=l&cat=p&typeid=i","cat":285168},{"id":1418,"n":"Sacs poubelle 50L Elembal à liens classiques - x15","p":4.08,"u":"0,27 €/P","img":"https://fd15-photos.leclercdrive.fr/image.ashx?id=2958693&use=l&cat=p&typeid=i","cat":285168},{"id":1419,"n":"Sacs poubelle Elembal 20L x20","p":1.18,"u":"0,06 €/P","img":"https://fd15-photos.leclercdrive.fr/image.ashx?id=2791728&use=l&cat=p&typeid=i","cat":285168},{"id":1420,"n":"Sacs poubelle Elembal 20L A poignées - x30","p":2.83,"u":"0,09 €/P","img":"https://fd15-photos.leclercdrive.fr/image.ashx?id=2791674&use=l&cat=p&typeid=i","cat":285168},{"id":1421,"n":"Sacs poubelle Elembal 30L A poignées - x20","p":2.95,"u":"0,15 €/P","img":"https://fd15-photos.leclercdrive.fr/image.ashx?id=2791677&use=l&cat=p&typeid=i","cat":285168},{"id":1423,"n":"Sacs poubelle 50L Elembal Poignées coulissantes - x15","p":2.99,"u":"0,20 €/P","img":"https://fd15-photos.leclercdrive.fr/image.ashx?id=2958696&use=l&cat=p&typeid=i","cat":285168},{"id":1427,"n":"Gel douche Manava Pétales d'Orient - 250ml","p":1.74,"u":"6,96 €/L","img":"https://fd15-photos.leclercdrive.fr/image.ashx?id=2494214&use=l&cat=p&typeid=i","cat":284594},{"id":1428,"n":"Lait de douche Manava Coeur de vanille - 250ml","p":1.55,"u":"6,20 €/L","img":"https://fd15-photos.leclercdrive.fr/image.ashx?id=2456141&use=l&cat=p&typeid=i","cat":284594},{"id":1429,"n":"Gel douche Manava Boisé - 250ml","p":1.74,"u":"6,96 €/L","img":"https://fd15-photos.leclercdrive.fr/image.ashx?id=2809653&use=l&cat=p&typeid=i","cat":284594},{"id":1433,"n":"Recharge savon mains Manava Crème perles d'oranger - 250ml","p":1.22,"u":"4,88 €/L","img":"https://fd15-photos.leclercdrive.fr/image.ashx?id=2935483&use=l&cat=p&typeid=i","cat":284597},{"id":1435,"n":"Recharge savon mains Manava Crème Amande - 250ml","p":0.97,"u":"3,88 €/L","img":"https://fd15-photos.leclercdrive.fr/image.ashx?id=2935474&use=l&cat=p&typeid=i","cat":284597},{"id":1436,"n":"Lait de douche Manava Amande douce - 250ml","p":1.55,"u":"6,20 €/L","img":"https://fd15-photos.leclercdrive.fr/image.ashx?id=2771346&use=l&cat=p&typeid=i","cat":284594},{"id":1437,"n":"Lait de douche Manava Lait de coco - 250ml","p":1.63,"u":"6,52 €/L","img":"https://fd15-photos.leclercdrive.fr/image.ashx?id=2443176&use=l&cat=p&typeid=i","cat":284594},{"id":1449,"n":"Déodorant Manava fraîcheur Vanille glacée spray 200ml","p":1.9,"u":"9,50 €/L","img":"https://fd15-photos.leclercdrive.fr/image.ashx?id=2656445&use=l&cat=p&typeid=i","cat":284595},{"id":1464,"n":"Rasoirs jetables Bic 1 Sensitive - x10","p":1.85,"u":"0,19 €/P","img":"https://fd15-photos.leclercdrive.fr/image.ashx?id=2218035&use=l&cat=p&typeid=i","cat":284616},{"id":1473,"n":"Gel à raser Carré Homme Hydratant 200ml","p":1.89,"u":"9,45 €/L","img":"https://fd15-photos.leclercdrive.fr/image.ashx?id=2771582&use=l&cat=p&typeid=i","cat":284617},{"id":1482,"n":"Dentifrice enfant Dentamyl Fraise - 3-6 ans - 50ml","p":0.85,"u":"17,00 €/L","img":"https://fd15-photos.leclercdrive.fr/image.ashx?id=2075188&use=l&cat=p&typeid=i","cat":288898},{"id":1487,"n":"Pansements Primoplast Multi-usages x40","p":2.19,"img":"https://fd15-photos.leclercdrive.fr/image.ashx?id=2856456&use=l&cat=p&typeid=i","cat":284630},{"id":1488,"n":"Mouchoirs blancs 4 plis Caresse Mouchoirs papier Lotion x12","p":2.57,"u":"0,21 €/P","img":"https://fd15-photos.leclercdrive.fr/image.ashx?id=2572993&use=l&cat=p&typeid=i","cat":284638},{"id":1620,"n":"Gel lavant bébé Mots d'Enfants Corps et cheveux - 250ml","p":2.14,"u":"8,56 €/L","img":"https://fd15-photos.leclercdrive.fr/image.ashx?id=3014149&use=l&cat=p&typeid=i","cat":284740},{"id":1627,"n":"Lingettes bébé Mots d'Enfants Ultra-douces - x72","p":1.79,"u":"0,02 €/P","img":"https://fd15-photos.leclercdrive.fr/image.ashx?id=2856447&use=l&cat=p&typeid=i","cat":284738},{"id":1629,"n":"Lingettes bébé Mots d'Enfants Sensitive - x63","p":1.48,"u":"0,02 €/P","img":"https://fd15-photos.leclercdrive.fr/image.ashx?id=2856462&use=l&cat=p&typeid=i","cat":284738},{"id":1637,"n":"Change + 2 slips maille Chorys Anatomiques - Homme/Femme - x20","p":18.5,"u":"0,93 €/P","img":"https://fd15-photos.leclercdrive.fr/image.ashx?id=2169153&use=l&cat=p&typeid=i","cat":284628},{"id":1640,"n":"Protection incontinence Chorys Rectangulaire - x24","p":3.85,"u":"0,16 €/P","img":"https://fd15-photos.leclercdrive.fr/image.ashx?id=2761980&use=l&cat=p&typeid=i","cat":284628},{"id":1654,"n":"Enveloppes adhésives Esquisse x50 11x22cm 80g","p":2.28,"u":"28,50 €/KG","img":"https://fd15-photos.leclercdrive.fr/image.ashx?id=2943181&use=l&cat=p&typeid=i","cat":284697},{"id":1655,"n":"Enveloppes adhésives Esquisse x100 11x22cm 80g","p":2.75,"img":"https://fd15-photos.leclercdrive.fr/image.ashx?id=2943184&use=l&cat=p&typeid=i","cat":284697},{"id":1658,"n":"Ruban adhésif Esquisse invisible + dévidoir - 25m","p":1.5,"u":"0,06 €/MT","img":"https://fd15-photos.leclercdrive.fr/image.ashx?id=2943199&use=l&cat=p&typeid=i","cat":334133},{"id":1683,"n":"Piles alcalines Foxter AAA/LR3 1,5V - x4","p":1.99,"img":"https://fd15-photos.leclercdrive.fr/image.ashx?id=2162150&use=l&cat=p&typeid=i","cat":300572},{"id":1684,"n":"Piles Foxter C/LR14 1.5V - x2","p":2.25,"img":"https://fd15-photos.leclercdrive.fr/image.ashx?id=2162168&use=l&cat=p&typeid=i","cat":300572},{"id":1685,"n":"Piles alcalines Foxter D/LR20 - x2","p":2.56,"img":"https://fd15-photos.leclercdrive.fr/image.ashx?id=2162171&use=l&cat=p&typeid=i","cat":300572},{"id":1686,"n":"Pile Foxter 9V/6LR61 - x1","p":2.66,"img":"https://fd15-photos.leclercdrive.fr/image.ashx?id=2162159&use=l&cat=p&typeid=i","cat":300572},{"id":1687,"n":"Pile alcaline Foxter 3LR12 4,5V - x1","p":3.59,"img":"https://fd15-photos.leclercdrive.fr/image.ashx?id=2162177&use=l&cat=p&typeid=i","cat":300572},{"id":1729,"n":"Croquettes chiens Lydog poulet Petit chien - Poulet - 1kg","p":3.89,"u":"3,89 €/KG","img":"https://fd15-photos.leclercdrive.fr/image.ashx?id=1928380&use=l&cat=p&typeid=i","cat":294526},{"id":1730,"n":"Barquette chiens Lydog Au Saumon et Truite - 300g","p":1.95,"u":"6,50 €/KG","img":"https://fd15-photos.leclercdrive.fr/image.ashx?id=2042433&use=l&cat=p&typeid=i","cat":284673},{"id":1735,"n":"Croquettes chiens Tous Mes Amis Spécial Forme - 10kg","p":20.09,"u":"2,01 €/KG","img":"https://fd15-photos.leclercdrive.fr/image.ashx?id=1972608&use=l&cat=p&typeid=i","cat":284672},{"id":1751,"n":"Croquettes chat Purina One Adulte - Saumon/Céréales - 450g","p":4.55,"u":"10,11 €/KG","img":"https://fd15-photos.leclercdrive.fr/image.ashx?id=2683220&use=l&cat=p&typeid=i","cat":284680},{"id":1753,"n":"Croquettes chat Purina One Adulte - Saumon/Céréales -1.5kg","p":11.15,"u":"7,43 €/KG","img":"https://fd15-photos.leclercdrive.fr/image.ashx?id=2902268&use=l&cat=p&typeid=i","cat":284680},{"id":1754,"n":"Croquettes chat Purina One Adulte - Poulet/Céréales - 3kg","p":20.5,"u":"6,83 €/KG","img":"https://fd15-photos.leclercdrive.fr/image.ashx?id=2432007&use=l&cat=p&typeid=i","cat":284680},{"id":1755,"n":"Bouchées chiens Lydog Adulte - Boeuf - 4kg","p":10.59,"u":"2,65 €/KG","img":"https://fd15-photos.leclercdrive.fr/image.ashx?id=1936602&use=l&cat=p&typeid=i","cat":284672},{"id":1756,"n":"Emincés en sauce Tous mes amis pour chats -  800g","p":2.85,"u":"3,56 €/KG","img":"https://fd15-photos.leclercdrive.fr/image.ashx?id=2606798&use=l&cat=p&typeid=i","cat":285601},{"id":1761,"n":"Croquettes chat Tous mes amis Saumon thon lég.verts - 400g","p":1.35,"u":"3,38 €/KG","img":"https://fd15-photos.leclercdrive.fr/image.ashx?id=2301382&use=l&cat=p&typeid=i","cat":284680},{"id":1762,"n":"Croquettes chat Tous mes amis Poulet légumes - 4kg","p":10.09,"u":"2,52 €/KG","img":"https://fd15-photos.leclercdrive.fr/image.ashx?id=2301406&use=l&cat=p&typeid=i","cat":284680},{"id":1763,"n":"Croquettes chat Tous mes amis Boeuf Poulet Légumes - 2kg","p":5.55,"u":"2,78 €/KG","img":"https://fd15-photos.leclercdrive.fr/image.ashx?id=2739724&use=l&cat=p&typeid=i","cat":284680},{"id":1764,"n":"Croquettes chat Tous mes amis Poulet dinde canard olive - 2kg","p":5.35,"u":"2,68 €/KG","img":"https://fd15-photos.leclercdrive.fr/image.ashx?id=2301400&use=l&cat=p&typeid=i","cat":284680},{"id":1765,"n":"Croquettes chat Tous mes amis Saumon & Légumes - 2kg","p":4.59,"u":"2,30 €/KG","img":"https://fd15-photos.leclercdrive.fr/image.ashx?id=2301394&use=l&cat=p&typeid=i","cat":284680},{"id":1767,"n":"Barquette chats Tous mes amis au Boeuf - 100g","p":0.59,"u":"5,90 €/KG","img":"https://fd15-photos.leclercdrive.fr/image.ashx?id=2042418&use=l&cat=p&typeid=i","cat":285286},{"id":1768,"n":"Barquette chats Tous mes amis à l'agneau - 100g","p":0.79,"u":"7,90 €/KG","img":"https://fd15-photos.leclercdrive.fr/image.ashx?id=2052760&use=l&cat=p&typeid=i","cat":285286},{"id":1769,"n":"Barquette chats Lycat au Foie et Volaille - 100g","p":0.55,"u":"5,50 €/KG","img":"https://fd15-photos.leclercdrive.fr/image.ashx?id=2042415&use=l&cat=p&typeid=i","cat":285286},{"id":1770,"n":"Barquette chats Tous mes amis au Saumon 100g","p":0.59,"u":"5,90 €/KG","img":"https://fd15-photos.leclercdrive.fr/image.ashx?id=2042412&use=l&cat=p&typeid=i","cat":285286},{"id":1771,"n":"Terrines chats Tous mes amis Délices Multi-viandes - 3x400g","p":4.09,"u":"3,41 €/KG","img":"https://fd15-photos.leclercdrive.fr/image.ashx?id=2042966&use=l&cat=p&typeid=i","cat":285601},{"id":1772,"n":"Sachet repas chat Tous mes amis Poissons en gelée - 12x100g","p":5.09,"u":"4,24 €/KG","img":"https://fd15-photos.leclercdrive.fr/image.ashx?id=2027592&use=l&cat=p&typeid=i","cat":285286},{"id":1775,"n":"Litière minérale Catsan Hygiène plus pour chat - 10L","p":11.45,"u":"1,15 €/L","img":"https://fd15-photos.leclercdrive.fr/image.ashx?id=2692677&use=l&cat=p&typeid=i","cat":284683},{"id":1776,"n":"Litière chats Eco+ 7L","p":1.99,"u":"0,28 €/L","img":"https://fd15-photos.leclercdrive.fr/image.ashx?id=2757509&use=l&cat=p&typeid=i","cat":284683},{"id":1777,"n":"Litière chats Eco+ Parfumée - 7L","p":2.55,"u":"0,36 €/L","img":"https://fd15-photos.leclercdrive.fr/image.ashx?id=2162108&use=l&cat=p&typeid=i","cat":284683},{"id":1786,"n":"Blocs WC Syphon Activ' effect Fraîcheur marine x3","p":1.55,"u":"0,52 €/P","img":"https://fd15-photos.leclercdrive.fr/image.ashx?id=2317294&use=l&cat=p&typeid=i","cat":284662},{"id":1798,"n":"Eponges Multi-usages Mamison grattantes - x3","p":1.59,"u":"0,53 €/P","img":"https://fd15-photos.leclercdrive.fr/image.ashx?id=2202341&use=l&cat=p&typeid=i","cat":284667},{"id":1799,"n":"Haricots verts Notre Jardin Très fins - 3x110g","p":2.35,"u":"7,12 €/KG","img":"https://fd15-photos.leclercdrive.fr/image.ashx?id=2537355&use=l&cat=p&typeid=i","cat":312606},{"id":1800,"n":"Lingettes nettoyantes Clair Muguet x50","p":2.49,"u":"0,05 €/P","img":"https://fd15-photos.leclercdrive.fr/image.ashx?id=2466217&use=l&cat=p&typeid=i","cat":325358},{"id":1801,"n":"Boules inox Mamison x2","p":0.88,"img":"https://fd15-photos.leclercdrive.fr/image.ashx?id=555602&use=l&cat=p&typeid=i","cat":284667},{"id":1802,"n":"Insecticide Insectivor cafards Fourmis araignées 400ml","p":2.11,"u":"5,28 €/L","img":"https://fd15-photos.leclercdrive.fr/image.ashx?id=2843039&use=l&cat=p&typeid=i","cat":298368},{"id":1803,"n":"Spray désodorisant Texil Textile 500ml","p":3.75,"u":"7,50 €/L","img":"https://fd15-photos.leclercdrive.fr/image.ashx?id=2958690&use=l&cat=p&typeid=i","cat":290451},{"id":1804,"n":"Asperges vertes miniatures  Notre Jardin - 100g","p":1.89,"u":"18,90 €/KG","img":"https://fd15-photos.leclercdrive.fr/image.ashx?id=2591515&use=l&cat=p&typeid=i","cat":312611},{"id":1806,"n":"Insecticide Insectivor guêpes Mouches moustiques - 400ml","p":1.99,"u":"4,98 €/L","img":"https://fd15-photos.leclercdrive.fr/image.ashx?id=1875479&use=l&cat=p&typeid=i","cat":298368},{"id":1810,"n":"Gel nettoyant wc Syphon 750ml","p":1.41,"u":"1,88 €/L","img":"https://fd15-photos.leclercdrive.fr/image.ashx?id=2558775&use=l&cat=p&typeid=i","cat":284662},{"id":1812,"n":"Gel nettoyant wc Syphon 750ml","p":1.35,"u":"1,80 €/L","img":"https://fd15-photos.leclercdrive.fr/image.ashx?id=2067935&use=l&cat=p&typeid=i","cat":284662},{"id":1816,"n":"Déboucheur canalisations Syphon Gel 1L","p":2.2,"u":"2,20 €/L","img":"https://fd15-photos.leclercdrive.fr/image.ashx?id=2202347&use=l&cat=p&typeid=i","cat":284908},{"id":1825,"n":"Confiture Bonne Maman Cerises griottes - 370g","p":4.3,"u":"11,62 €/KG","img":"https://fd15-photos.leclercdrive.fr/image.ashx?id=2474981&use=l&cat=p&typeid=i","cat":284480},{"id":1826,"n":"Confiture Douceur du Verger Abricots - Allégée - 340g","p":2.05,"u":"6,03 €/KG","img":"https://fd15-photos.leclercdrive.fr/image.ashx?id=2965437&use=l&cat=p&typeid=i","cat":284480},{"id":1828,"n":"Confiture Bonne Maman Framboises - 370g","p":6.7,"u":"18,11 €/KG","img":"https://fd15-photos.leclercdrive.fr/image.ashx?id=2544807&use=l&cat=p&typeid=i","cat":284480},{"id":1832,"n":"Confiture Bonne Maman Oranges amères 370g","p":2.99,"u":"8,08 €/KG","img":"https://fd15-photos.leclercdrive.fr/image.ashx?id=2559184&use=l&cat=p&typeid=i","cat":284480},{"id":1833,"n":"Confiture Douceur du Verger Fraises - 340g","p":1.85,"u":"5,44 €/KG","img":"https://fd15-photos.leclercdrive.fr/image.ashx?id=2965428&use=l&cat=p&typeid=i","cat":284480},{"id":1845,"n":"Barres de céréales Frosties Kellogg's - 6x25g","p":3.95,"u":"26,33 €/KG","img":"https://fd15-photos.leclercdrive.fr/image.ashx?id=2300062&use=l&cat=p&typeid=i","cat":285869},{"id":1846,"n":"Compote Douceur du Verger Gourdes Pomme Fraise - 4x90g","p":2.45,"u":"6,81 €/KG","img":"https://fd15-photos.leclercdrive.fr/image.ashx?id=2837024&use=l&cat=p&typeid=i","cat":284508},{"id":1847,"n":"Barres céréales Fitness Nestlé Chocolat - 6x23.5g","p":3.13,"u":"22,20 €/KG","img":"https://fd15-photos.leclercdrive.fr/image.ashx?id=2947009&use=l&cat=p&typeid=i","cat":285869},{"id":1848,"n":"Chocolat au lait Tablette d'Or Lait Noisettes - 3x100g","p":4.89,"u":"16,30 €/KG","img":"https://fd15-photos.leclercdrive.fr/image.ashx?id=3014347&use=l&cat=p&typeid=i","cat":284497},{"id":1850,"n":"Chocolat au lait Tablette d'Or Céréales croustillantes 2x100g","p":2.68,"u":"13,40 €/KG","img":"https://fd15-photos.leclercdrive.fr/image.ashx?id=2555952&use=l&cat=p&typeid=i","cat":284497},{"id":1851,"n":"Chocolat au lait Tablette d'Or 3x100g","p":1.95,"u":"6,50 €/KG","img":"https://fd15-photos.leclercdrive.fr/image.ashx?id=2771508&use=l&cat=p&typeid=i","cat":284497},{"id":1861,"n":"Levure chimique Tablier Blanc x6 sachets","p":0.45,"u":"6,82 €/KG","img":"https://fd15-photos.leclercdrive.fr/image.ashx?id=2867892&use=l&cat=p&typeid=i","cat":294686},{"id":1863,"n":"Soja cuisine fluide Bio Bjorg - 25cl","p":2.36,"u":"9,44 €/L","img":"https://fd15-photos.leclercdrive.fr/image.ashx?id=2970921&use=l&cat=p&typeid=i","cat":316069},{"id":1864,"n":"Chocolat Tablette d'Or Noir amandes entières 200g","p":2.79,"u":"13,95 €/KG","img":"https://fd15-photos.leclercdrive.fr/image.ashx?id=2565616&use=l&cat=p&typeid=i","cat":284956},{"id":1865,"n":"Chocolat Tablette d'Or noir Ecorces d'orange 200g","p":3.0,"u":"15,00 €/KG","img":"https://fd15-photos.leclercdrive.fr/image.ashx?id=2654267&use=l&cat=p&typeid=i","cat":284956},{"id":1867,"n":"Chocolat au lait Tablette d'Or Noisettes entières - 200g","p":3.19,"u":"15,95 €/KG","img":"https://fd15-photos.leclercdrive.fr/image.ashx?id=2580889&use=l&cat=p&typeid=i","cat":284497},{"id":1868,"n":"Chocolat blanc Tablette d'Or Noisettes entières - 200g","p":3.55,"u":"17,75 €/KG","img":"https://fd15-photos.leclercdrive.fr/image.ashx?id=2753469&use=l&cat=p&typeid=i","cat":284957},{"id":1870,"n":"Tablette de chocolat Equador Noir 85% cacao - 100g","p":2.15,"u":"21,50 €/KG","img":"https://fd15-photos.leclercdrive.fr/image.ashx?id=2840734&use=l&cat=p&typeid=i","cat":284956},{"id":1871,"n":"Céréales mini-pack Kellogg's Multi-variétés - 215g","p":5.07,"u":"23,58 €/KG","img":"https://fd15-photos.leclercdrive.fr/image.ashx?id=3014467&use=l&cat=p&typeid=i","cat":309513},{"id":1872,"n":"Pâte à tartiner Nustikao Gressins 3x60g","p":3.45,"u":"19,17 €/KG","img":"https://fd15-photos.leclercdrive.fr/image.ashx?id=2440703&use=l&cat=p&typeid=i","cat":284488},{"id":1874,"n":"Chocolat Tablette d'Or Noir noisettes entières 200g","p":3.0,"u":"15,00 €/KG","img":"https://fd15-photos.leclercdrive.fr/image.ashx?id=2582516&use=l&cat=p&typeid=i","cat":284956},{"id":1878,"n":"Compote Douceur du Verger Coupelle pomme pêche - 4x100g","p":1.49,"u":"3,73 €/KG","img":"https://fd15-photos.leclercdrive.fr/image.ashx?id=2663464&use=l&cat=p&typeid=i","cat":284508},{"id":1879,"n":"Compote Douceur du Verger Coupelle pomme poire - 4x100g","p":1.45,"u":"3,63 €/KG","img":"https://fd15-photos.leclercdrive.fr/image.ashx?id=2663470&use=l&cat=p&typeid=i","cat":284508},{"id":1883,"n":"Compote Douceur du Verger Gourdes Pomme Banane - 4x90g","p":2.39,"u":"6,64 €/KG","img":"https://fd15-photos.leclercdrive.fr/image.ashx?id=2837027&use=l&cat=p&typeid=i","cat":284508},{"id":1884,"n":"Compote Douceur du Verger Gourdes Pomme - 4x90g","p":1.75,"u":"4,86 €/KG","img":"https://fd15-photos.leclercdrive.fr/image.ashx?id=2837021&use=l&cat=p&typeid=i","cat":284508},{"id":1885,"n":"Haricots verts Notre Jardin Extra fins - 440g","p":3.59,"u":"8,16 €/KG","img":"https://fd15-photos.leclercdrive.fr/image.ashx?id=3005652&use=l&cat=p&typeid=i","cat":312606},{"id":1886,"n":"Petits pois Notre Jardin A l'étuvée - Extra fins - 560g","p":1.99,"u":"3,55 €/KG","img":"https://fd15-photos.leclercdrive.fr/image.ashx?id=2526267&use=l&cat=p&typeid=i","cat":312607},{"id":1887,"n":"Champignons Paris Notre Jardin Pieds et morceaux - 3x115g","p":2.91,"u":"8,43 €/KG","img":"https://fd15-photos.leclercdrive.fr/image.ashx?id=2724693&use=l&cat=p&typeid=i","cat":312610},{"id":1888,"n":"Flageolets verts Notre Jardin Extra fins - 530g","p":1.95,"u":"3,68 €/KG","img":"https://fd15-photos.leclercdrive.fr/image.ashx?id=2050612&use=l&cat=p&typeid=i","cat":312606},{"id":1889,"n":"Macédoine légumes Notre Jardin 3x130g","p":2.25,"u":"5,77 €/KG","img":"https://fd15-photos.leclercdrive.fr/image.ashx?id=2537349&use=l&cat=p&typeid=i","cat":312612},{"id":1890,"n":"Choux Bruxelles Notre Jardin 265g","p":1.3,"u":"4,91 €/KG","img":"https://fd15-photos.leclercdrive.fr/image.ashx?id=2050609&use=l&cat=p&typeid=i","cat":312612},{"id":1895,"n":"Foie de morue Connétable MSC - Fumé - 121g","p":3.95,"u":"32,64 €/KG","img":"https://fd15-photos.leclercdrive.fr/image.ashx?id=2804454&use=l&cat=p&typeid=i","cat":305147},{"id":1898,"n":"Cassoulet Côté Table 840g","p":3.55,"u":"4,23 €/KG","img":"https://fd15-photos.leclercdrive.fr/image.ashx?id=2977096&use=l&cat=p&typeid=i","cat":284440},{"id":1901,"n":"Taboulé Côté Table Etui 730g","p":2.99,"u":"4,10 €/KG","img":"https://fd15-photos.leclercdrive.fr/image.ashx?id=2977093&use=l&cat=p&typeid=i","cat":325094},{"id":1902,"n":"Chips à l'ancienne Pom'Lisse Nature - 150g","p":1.62,"u":"10,80 €/KG","img":"https://fd15-photos.leclercdrive.fr/image.ashx?id=2724829&use=l&cat=p&typeid=i","cat":284447},{"id":1903,"n":"Saucisses cocktail Tokapi  240g","p":2.8,"u":"11,67 €/KG","img":"https://fd15-photos.leclercdrive.fr/image.ashx?id=2943614&use=l&cat=p&typeid=i","cat":284450},{"id":1909,"n":"Olives vertes Rustica Entières - 200g","p":1.2,"u":"6,00 €/KG","img":"https://fd15-photos.leclercdrive.fr/image.ashx?id=2499073&use=l&cat=p&typeid=i","cat":284458},{"id":1913,"n":"Pâtes Barilla Coquillettes - 500g","p":1.94,"u":"3,88 €/KG","img":"https://fd15-photos.leclercdrive.fr/image.ashx?id=2392218&use=l&cat=p&typeid=i","cat":284427},{"id":1920,"n":"Boisson végétale Bio Bjorg Soja Douceur - 1L","p":3.65,"u":"3,65 €/L","img":"https://fd15-photos.leclercdrive.fr/image.ashx?id=2967052&use=l&cat=p&typeid=i","cat":316067},{"id":1925,"n":"Petits beurre P'tit Déli x24 - 200g","p":1.65,"u":"8,25 €/KG","img":"https://fd15-photos.leclercdrive.fr/image.ashx?id=1898886&use=l&cat=p&typeid=i","cat":284487},{"id":1935,"n":"Café Soluble Nescafé Sélection - 200g","p":10.05,"u":"50,25 €/KG","img":"https://fd15-photos.leclercdrive.fr/image.ashx?id=2968847&use=l&cat=p&typeid=i","cat":284843},{"id":1937,"n":"Filtre à café Plantation n°4 - x80 + 1 détartrant","p":2.9,"u":"0,04 €/P","img":"https://fd15-photos.leclercdrive.fr/image.ashx?id=2756937&use=l&cat=p&typeid=i","cat":284751},{"id":1939,"n":"Infusion Tiséa verveine menthe x25","p":1.35,"u":"33,75 €/KG","img":"https://fd15-photos.leclercdrive.fr/image.ashx?id=2441102&use=l&cat=p&typeid=i","cat":293234},{"id":1942,"n":"Chocolat en poudre Nesquik Boîte 1kg","p":7.89,"u":"7,89 €/KG","img":"https://fd15-photos.leclercdrive.fr/image.ashx?id=2493805&use=l&cat=p&typeid=i","cat":293235},{"id":1944,"n":"Miel Nid d'Abeille A tartiner - 250 g","p":3.15,"u":"12,60 €/KG","img":"https://fd15-photos.leclercdrive.fr/image.ashx?id=2696805&use=l&cat=p&typeid=i","cat":287643},{"id":1953,"n":"Sucre n°4 Saint Louis Morceaux - 1kg","p":2.95,"u":"2,95 €/KG","img":"https://fd15-photos.leclercdrive.fr/image.ashx?id=2624236&use=l&cat=p&typeid=i","cat":284502},{"id":1955,"n":"Farine de blé T45 Tablier Blanc 1kg","p":1.35,"u":"1,35 €/KG","img":"https://fd15-photos.leclercdrive.fr/image.ashx?id=2487419&use=l&cat=p&typeid=i","cat":284503},{"id":1956,"n":"Compote Douceur du Verger Coupelle pomme banane - 4x100g","p":1.38,"u":"3,45 €/KG","img":"https://fd15-photos.leclercdrive.fr/image.ashx?id=2663461&use=l&cat=p&typeid=i","cat":284508},{"id":1961,"n":"Tablette de chocolat Equador Noir 72% cacao 100g","p":1.9,"u":"19,00 €/KG","img":"https://fd15-photos.leclercdrive.fr/image.ashx?id=2822920&use=l&cat=p&typeid=i","cat":284956},{"id":1975,"n":"Sirop Frucci Menthe - 75cl","p":2.99,"u":"3,99 €/L","img":"https://fd15-photos.leclercdrive.fr/image.ashx?id=2842208&use=l&cat=p&typeid=i","cat":295020},{"id":1980,"n":"Pur Jus d'ananas Jafaden Brique élopack 1L","p":3.49,"u":"3,49 €/L","img":"https://fd15-photos.leclercdrive.fr/image.ashx?id=2955683&use=l&cat=p&typeid=i","cat":284916},{"id":1984,"n":"Thé glacé Fresh Tea Pêche - 2L","p":2.99,"u":"1,50 €/L","img":"https://fd15-photos.leclercdrive.fr/image.ashx?id=2715281&use=l&cat=p&typeid=i","cat":295019},{"id":1990,"n":"Scotch Whisky Label 5 40%vol - 70cl","p":17.3,"u":"24,71 €/L","img":"https://fd15-photos.leclercdrive.fr/image.ashx?id=2639468&use=l&cat=p&typeid=i","cat":284547},{"id":1992,"n":"Whisky Famous grouse 40%vol. - 70cl","p":24.49,"u":"34,99 €/L","img":"https://fd15-photos.leclercdrive.fr/image.ashx?id=2745088&use=l&cat=p&typeid=i","cat":284547},{"id":1994,"n":"Whisky J&B Rare 40%vol - 70cl","p":17.5,"u":"25,00 €/L","img":"https://fd15-photos.leclercdrive.fr/image.ashx?id=2301028&use=l&cat=p&typeid=i","cat":284547},{"id":1995,"n":"Whisky Ballantine's Finest Blended Scotch 40% vol - 70cl","p":18.94,"u":"27,06 €/L","img":"https://fd15-photos.leclercdrive.fr/image.ashx?id=2981298&use=l&cat=p&typeid=i","cat":284547},{"id":1997,"n":"Whisky Clan Campbell Blended Scotch 40% vol - 70cl","p":20.15,"u":"28,79 €/L","img":"https://fd15-photos.leclercdrive.fr/image.ashx?id=2868365&use=l&cat=p&typeid=i","cat":284547},{"id":1998,"n":"Whiskey Irlandais Jameson  40% vol - 70cl","p":26.79,"u":"38,27 €/L","img":"https://fd15-photos.leclercdrive.fr/image.ashx?id=2866025&use=l&cat=p&typeid=i","cat":284547},{"id":2000,"n":"Pastis Duval 45%vol - 1L","p":25.13,"u":"25,13 €/L","img":"https://fd15-photos.leclercdrive.fr/image.ashx?id=2659656&use=l&cat=p&typeid=i","cat":284548},{"id":2001,"n":"Pastis Ricard Anisé 45% vol - 1L","p":25.69,"u":"25,69 €/L","img":"https://fd15-photos.leclercdrive.fr/image.ashx?id=2947820&use=l&cat=p&typeid=i","cat":284548},{"id":2002,"n":"Pastis de Marseille Vivalis 45%vol - 1L","p":24.06,"u":"24,06 €/L","img":"https://fd15-photos.leclercdrive.fr/image.ashx?id=2590400&use=l&cat=p&typeid=i","cat":284548},{"id":2006,"n":"Vodka Novotna  Pure grain 37.5%vol - 70cl","p":16.5,"u":"23,57 €/L","img":"https://fd15-photos.leclercdrive.fr/image.ashx?id=1654441&use=l&cat=p&typeid=i","cat":284550},{"id":2007,"n":"Rhum blanc Bacardi Carta Blanca 37,5° - 70cl","p":20.65,"u":"29,50 €/L","img":"https://fd15-photos.leclercdrive.fr/image.ashx?id=2833933&use=l&cat=p&typeid=i","cat":284550},{"id":2015,"n":"Liqueur The Original Baileys Irish Cream 17%vol - 70cl","p":31.1,"u":"44,43 €/L","img":"https://fd15-photos.leclercdrive.fr/image.ashx?id=2536059&use=l&cat=p&typeid=i","cat":286032},{"id":2019,"n":"Sucre de canne Lagoa 70cl","p":2.75,"u":"3,93 €/L","img":"https://fd15-photos.leclercdrive.fr/image.ashx?id=2966472&use=l&cat=p&typeid=i","cat":284551},{"id":2020,"n":"Porto Cruz rouge 19%vol - 75cl","p":15.05,"u":"20,07 €/L","img":"https://fd15-photos.leclercdrive.fr/image.ashx?id=1732966&use=l&cat=p&typeid=i","cat":284913},{"id":2021,"n":"Apéritif Suze L'Originale 15% vol - 1L","p":14.14,"u":"14,14 €/L","img":"https://fd15-photos.leclercdrive.fr/image.ashx?id=2914462&use=l&cat=p&typeid=i","cat":284913},{"id":2023,"n":"Muscat Guillaume d'Arria 15.5%vol - 75cl","p":12.09,"u":"16,12 €/L","img":"https://fd15-photos.leclercdrive.fr/image.ashx?id=2974783&use=l&cat=p&typeid=i","cat":284913},{"id":2024,"n":"Rivesaltes ambré G. d'Arria 16%vol - 75cl","p":7.04,"u":"9,39 €/L","img":"https://fd15-photos.leclercdrive.fr/image.ashx?id=2974735&use=l&cat=p&typeid=i","cat":284913},{"id":2025,"n":"Muscat de Rivesaltes G. d'Arria 15.5%vol - 75cl","p":7.28,"u":"9,71 €/L","img":"https://fd15-photos.leclercdrive.fr/image.ashx?id=2974741&use=l&cat=p&typeid=i","cat":284913},{"id":2028,"n":"AOP Bordeaux rouge Baron de Lestac - 75cl","p":10.79,"u":"14,39 €/L","img":"https://fd15-photos.leclercdrive.fr/image.ashx?id=2471148&use=l&cat=p&typeid=i","cat":289556},{"id":2029,"n":"AOP Bordeaux rouge Malesan - 75 cl","p":9.8,"u":"13,07 €/L","img":"https://fd15-photos.leclercdrive.fr/image.ashx?id=2917432&use=l&cat=p&typeid=i","cat":289556},{"id":2045,"n":"IGP Pays d'Oc vin rouge Vieux Carion 12.5% vol -75 cl","p":3.78,"u":"5,04 €/L","img":"https://fd15-photos.leclercdrive.fr/image.ashx?id=2639258&use=l&cat=p&typeid=i","cat":289556},{"id":2049,"n":"IGP Pays d'Oc Gris vin rosé Rives & Terrasses - 75cl -12,5%","p":6.35,"u":"8,47 €/L","img":"https://fd15-photos.leclercdrive.fr/image.ashx?id=2671396&use=l&cat=p&typeid=i","cat":289558},{"id":2051,"n":"IGP Pays d'Oc Syrah vin rosé Vieux Carion 12.5% vol -75 cl","p":4.01,"u":"5,35 €/L","img":"https://fd15-photos.leclercdrive.fr/image.ashx?id=2892340&use=l&cat=p&typeid=i","cat":289558},{"id":2058,"n":"IGP Pays d'Oc Sauvignon Blanc Vieux Carion 12% vol -75 cl","p":4.39,"u":"5,85 €/L","img":"https://fd15-photos.leclercdrive.fr/image.ashx?id=2639190&use=l&cat=p&typeid=i","cat":289557},{"id":2072,"n":"AOP Champagne Mumm Cordon Rouge Brut 12% vol - 75cl","p":36.9,"u":"49,20 €/L","img":"https://fd15-photos.leclercdrive.fr/image.ashx?id=3011005&use=l&cat=p&typeid=i","cat":284542},{"id":2074,"n":"AOP Champagne demi-sec blanc Pol Carson - 75cl","p":27.34,"u":"36,45 €/L","img":"https://fd15-photos.leclercdrive.fr/image.ashx?id=1468962&use=l&cat=p&typeid=i","cat":284542},{"id":2075,"n":"AOP Champagne brut Pol Carson - 75cl","p":29.99,"u":"39,99 €/L","img":"https://fd15-photos.leclercdrive.fr/image.ashx?id=2909840&use=l&cat=p&typeid=i","cat":284542},{"id":2078,"n":"Pétillant Gibus pomme Sans alcool 75cl","p":3.49,"u":"4,65 €/L","img":"https://fd15-photos.leclercdrive.fr/image.ashx?id=1887586&use=l&cat=p&typeid=i","cat":289460},{"id":2079,"n":"Cidre bouché Les Goelleries Breton doux 2%vol. - 75cl","p":2.44,"u":"3,25 €/L","img":"https://fd15-photos.leclercdrive.fr/image.ashx?id=2842190&use=l&cat=p&typeid=i","cat":334880},{"id":2082,"n":"AOP Crémant d'Alsace brut Rebmann - 75 cl","p":9.35,"u":"12,47 €/L","img":"https://fd15-photos.leclercdrive.fr/image.ashx?id=2585663&use=l&cat=p&typeid=i","cat":284545},{"id":2086,"n":"Mister Cocktail sans alcool Pêche - 75cl","p":6.95,"u":"9,27 €/L","img":"https://fd15-photos.leclercdrive.fr/image.ashx?id=3014464&use=l&cat=p&typeid=i","cat":284549},{"id":2087,"n":"Jus de pomme pétillant Champomy L'Original Pomme - 75cl","p":5.35,"u":"7,13 €/L","img":"https://fd15-photos.leclercdrive.fr/image.ashx?id=2688683&use=l&cat=p&typeid=i","cat":289460},{"id":2090,"n":"Emmental fromage bloc Les Croisés - 500g","p":6.3,"u":"12,60 €/KG","img":"https://fd15-photos.leclercdrive.fr/image.ashx?id=2897769&use=l&cat=p&typeid=i","cat":314034},{"id":2092,"n":"Bûche de chèvre Saint-Maure LEs Croisés 25% MG - 200g","p":3.15,"u":"15,75 €/KG","img":"https://fd15-photos.leclercdrive.fr/image.ashx?id=2894719&use=l&cat=p&typeid=i","cat":314031},{"id":2095,"n":"Emmental Fromage râpé Les Croisés - 3x70g","p":2.39,"u":"11,38 €/KG","img":"https://fd15-photos.leclercdrive.fr/image.ashx?id=2919595&use=l&cat=p&typeid=i","cat":314035},{"id":2104,"n":"Mousse à la liégeoise Délisse Chocolat - 8x80g","p":3.39,"u":"5,30 €/KG","img":"https://fd15-photos.leclercdrive.fr/image.ashx?id=3009490&use=l&cat=p&typeid=i","cat":284417},{"id":2107,"n":"Lait demi-écrémé Délisse Brique UHT -  1L","p":1.79,"u":"1,79 €/L","img":"https://fd15-photos.leclercdrive.fr/image.ashx?id=2981807&use=l&cat=p&typeid=i","cat":284377},{"id":2108,"n":"Lait entier Délisse UHT - Brique : 1L","p":1.9,"u":"1,90 €/L","img":"https://fd15-photos.leclercdrive.fr/image.ashx?id=2981825&use=l&cat=p&typeid=i","cat":285610},{"id":2109,"n":"Matin Léger de Lactel Sans lactose 1.2% mg - 1L","p":2.53,"u":"2,53 €/L","img":"https://fd15-photos.leclercdrive.fr/image.ashx?id=2883122&use=l&cat=p&typeid=i","cat":317169},{"id":2111,"n":"Beurre Extra fin Les Croisés Doux - 82% MG - 250g","p":3.42,"u":"13,68 €/KG","img":"https://fd15-photos.leclercdrive.fr/image.ashx?id=2893265&use=l&cat=p&typeid=i","cat":284379},{"id":2112,"n":"Sauce Béchamel Bridélice 3x20cl","p":4.17,"u":"6,95 €/L","img":"https://fd15-photos.leclercdrive.fr/image.ashx?id=2888458&use=l&cat=p&typeid=i","cat":284382},{"id":2114,"n":"Saucisse sèche Saint Azay Qualité supérieure - 250g","p":4.19,"u":"16,76 €/KG","img":"https://fd15-photos.leclercdrive.fr/image.ashx?id=2859149&use=l&cat=p&typeid=i","cat":316006},{"id":2121,"n":"Carottes râpées Menu Fraîcheur  Assaisonnées - 300g","p":2.4,"u":"8,00 €/KG","img":"https://fd15-photos.leclercdrive.fr/image.ashx?id=2816552&use=l&cat=p&typeid=i","cat":333657},{"id":2125,"n":"Tagliatelle fraîche Turini 350g","p":1.7,"u":"4,86 €/KG","img":"https://fd15-photos.leclercdrive.fr/image.ashx?id=2846514&use=l&cat=p&typeid=i","cat":333682},{"id":2126,"n":"Pâte brisée Tablier Blanc Prête à dérouler - 230g","p":0.95,"u":"4,13 €/KG","img":"https://fd15-photos.leclercdrive.fr/image.ashx?id=2635886&use=l&cat=p&typeid=i","cat":333681},{"id":2128,"n":"Bâtonnets Surimi Pêche Océan MSC - x12 - 200g","p":2.49,"u":"12,45 €/KG","img":"https://fd15-photos.leclercdrive.fr/image.ashx?id=2981837&use=l&cat=p&typeid=i","cat":285189},{"id":2129,"n":"Tarama Ronde des mers  Aux oeufs de cabillaud - 100g","p":2.29,"u":"22,90 €/KG","img":"https://fd15-photos.leclercdrive.fr/image.ashx?id=2824600&use=l&cat=p&typeid=i","cat":315999},{"id":2130,"n":"Filets d'anchois Pêche Océan Huile d'olive - 50g","p":2.1,"u":"42,00 €/KG","img":"https://fd15-photos.leclercdrive.fr/image.ashx?id=2992498&use=l&cat=p&typeid=i","cat":285190},{"id":2139,"n":"Gants jetables Mamison latex T7 x10","p":2.19,"img":"https://fd15-photos.leclercdrive.fr/image.ashx?id=2742688&use=l&cat=p&typeid=i","cat":284668},{"id":2141,"n":"Crème nettoyante Clair 3en1 - 750ml","p":1.9,"u":"2,53 €/L","img":"https://fd15-photos.leclercdrive.fr/image.ashx?id=2868310&use=l&cat=p&typeid=i","cat":325357},{"id":2164,"n":"Enveloppes Esquisse adhésives C6 100x80g","p":2.95,"img":"https://fd15-photos.leclercdrive.fr/image.ashx?id=1928740&use=l&cat=p&typeid=i","cat":284697},{"id":2166,"n":"Piles Foxter AA/LR6 1,5V - x4","p":1.72,"u":"0,43 €/P","img":"https://fd15-photos.leclercdrive.fr/image.ashx?id=2162156&use=l&cat=p&typeid=i","cat":300572},{"id":2175,"n":"Sucre cristal Saint Louis Sachet 1 kg","p":2.65,"u":"2,65 €/KG","img":"https://fd15-photos.leclercdrive.fr/image.ashx?id=2624245&use=l&cat=p&typeid=i","cat":284502},{"id":2179,"n":"Barres céréales Special K  Kellogg's Chocolat - 6x21,5g","p":3.9,"u":"30,23 €/KG","img":"https://fd15-photos.leclercdrive.fr/image.ashx?id=3011113&use=l&cat=p&typeid=i","cat":285869},{"id":2185,"n":"boisson végétale soja  sans sucre bio bjorg nature 1l","p":3.85,"u":"3,85 €/L","img":"https://fd15-photos.leclercdrive.fr/image.ashx?id=2939385&use=l&cat=p&typeid=i","cat":316067},{"id":2187,"n":"Mascarpone Les Croisés - 250g","p":2.09,"u":"8,36 €/KG","img":"https://fd15-photos.leclercdrive.fr/image.ashx?id=2123620&use=l&cat=p&typeid=i","cat":314026},{"id":2192,"n":"Papier aluminium Elembal 50m","p":6.77,"img":"https://fd15-photos.leclercdrive.fr/image.ashx?id=2854201&use=l&cat=p&typeid=i","cat":334134},{"id":2193,"n":"Film étirable Elembal 2en1 20m","p":1.24,"img":"https://fd15-photos.leclercdrive.fr/image.ashx?id=2059962&use=l&cat=p&typeid=i","cat":334134},{"id":2194,"n":"Sacs congélation Elembal Moyen modèle x50","p":1.85,"img":"https://fd15-photos.leclercdrive.fr/image.ashx?id=2257205&use=l&cat=p&typeid=i","cat":334134},{"id":2195,"n":"Sacs poubelle 30L Elembal Poignées coulissantes - x20","p":2.89,"u":"0,14 €/P","img":"https://fd15-photos.leclercdrive.fr/image.ashx?id=2791740&use=l&cat=p&typeid=i","cat":285168},{"id":2198,"n":"Cassoulet La Belle Chaurienne Porc 4/4 840g","p":6.15,"u":"7,32 €/KG","img":"https://fd15-photos.leclercdrive.fr/image.ashx?id=2837355&use=l&cat=p&typeid=i","cat":284440},{"id":2199,"n":"Cassoulet La Belle Chaurienne Canard 4/4 840g","p":6.79,"u":"8,08 €/KG","img":"https://fd15-photos.leclercdrive.fr/image.ashx?id=2837340&use=l&cat=p&typeid=i","cat":284440},{"id":2203,"n":"Palermo rouge Sans alcool - 1L","p":6.95,"u":"6,95 €/L","img":"https://fd15-photos.leclercdrive.fr/image.ashx?id=1866952&use=l&cat=p&typeid=i","cat":284549},{"id":2224,"n":"Boisson lactée Candy'UP Chocolat - 6x20cl","p":4.99,"u":"4,16 €/L","img":"https://fd15-photos.leclercdrive.fr/image.ashx?id=2485635&use=l&cat=p&typeid=i","cat":295246},{"id":2234,"n":"Dentifrice Denivit  Anti-tâches - 50ml","p":3.35,"u":"67,00 €/L","img":"https://fd15-photos.leclercdrive.fr/image.ashx?id=1611578&use=l&cat=p&typeid=i","cat":284612},{"id":2237,"n":"Arôme Fleur d'oranger Vahiné 200ml","p":2.3,"u":"11,50 €/L","img":"https://fd15-photos.leclercdrive.fr/image.ashx?id=2983231&use=l&cat=p&typeid=i","cat":284504},{"id":2239,"n":"Gélatine alimentaire Vahiné 9 feuilles - 17g","p":2.35,"u":"138,24 €/KG","img":"https://fd15-photos.leclercdrive.fr/image.ashx?id=2876305&use=l&cat=p&typeid=i","cat":284504},{"id":2244,"n":"Démaquillant Diadermine Yeux douceur 125 ml","p":4.57,"u":"38,08 €/L","img":"https://fd15-photos.leclercdrive.fr/image.ashx?id=2334935&use=l&cat=p&typeid=i","cat":284603},{"id":2277,"n":"Gel lubrifiant Intimy Classic - 70ml","p":4.39,"u":"62,71 €/L","img":"https://fd15-photos.leclercdrive.fr/image.ashx?id=2927330&use=l&cat=p&typeid=i","cat":285160},{"id":2281,"n":"Pansements Mercurochrome Famille x50","p":4.49,"u":"0,09 €/P","img":"https://fd15-photos.leclercdrive.fr/image.ashx?id=2731471&use=l&cat=p&typeid=i","cat":284630},{"id":2326,"n":"Lait demi-écrémé Lactel Vitamine D Bouteille - 1l","p":1.99,"u":"1,99 €/L","img":"https://fd15-photos.leclercdrive.fr/image.ashx?id=2889421&use=l&cat=p&typeid=i","cat":284377},{"id":2338,"n":"Lotion Après-Rasage Mennen Apaisante - 125ml","p":7.2,"u":"57,60 €/L","img":"https://fd15-photos.leclercdrive.fr/image.ashx?id=2469620&use=l&cat=p&typeid=i","cat":288147},{"id":2356,"n":"Lingettes Demak'up Peaux sèches sensibles x25","p":4.72,"u":"0,19 €/P","img":"https://fd15-photos.leclercdrive.fr/image.ashx?id=3014458&use=l&cat=p&typeid=i","cat":284603},{"id":2373,"n":"Activateur biologique Eparcyl  Liquide fosse septique - 500 ml","p":8.3,"u":"16,60 €/L","img":"https://fd15-photos.leclercdrive.fr/image.ashx?id=2144059&use=l&cat=p&typeid=i","cat":284908},{"id":2470,"n":"Déodorant Homme Spray Brut Antibactérien Oceans 200ml","p":5.4,"u":"27,00 €/L","img":"https://fd15-photos.leclercdrive.fr/image.ashx?id=2804589&use=l&cat=p&typeid=i","cat":284618},{"id":2479,"n":"Après-rasage Brut original 100ml","p":7.69,"u":"76,90 €/L","img":"https://fd15-photos.leclercdrive.fr/image.ashx?id=2061777&use=l&cat=p&typeid=i","cat":288147},{"id":2480,"n":"Dentifrice Signal Protection Caries - 75ml","p":1.2,"u":"16,00 €/L","img":"https://fd15-photos.leclercdrive.fr/image.ashx?id=2813854&use=l&cat=p&typeid=i","cat":284612},{"id":2484,"n":"Dentifrice Signal Haleine Pure 75ml","p":1.58,"u":"21,07 €/L","img":"https://fd15-photos.leclercdrive.fr/image.ashx?id=1984459&use=l&cat=p&typeid=i","cat":284612},{"id":2503,"n":"Biscuit vanille citron Gerlinéa  encas minceur - 156g","p":3.62,"u":"24,13 €/KG","img":"https://fd15-photos.leclercdrive.fr/image.ashx?id=2654779&use=l&cat=p&typeid=i","cat":318651},{"id":2504,"n":"Levure de bière Gerblé à saupoudrer - 150g","p":4.75,"u":"31,67 €/KG","img":"https://fd15-photos.leclercdrive.fr/image.ashx?id=2575036&use=l&cat=p&typeid=i","cat":288382},{"id":2506,"n":"Coupelle crème Gerlinea Vanille caramel -  3x210g","p":7.7,"u":"12,22 €/KG","img":"https://fd15-photos.leclercdrive.fr/image.ashx?id=2653453&use=l&cat=p&typeid=i","cat":318652},{"id":2510,"n":"Biscuits soja figue GERBLE   - 4x4, 270g","p":3.85,"u":"14,26 €/KG","img":"https://fd15-photos.leclercdrive.fr/image.ashx?id=2812720&use=l&cat=p&typeid=i","cat":318651},{"id":2511,"n":"Biscuits diététiques Gerblé Soja Orange - 280g","p":2.82,"u":"10,07 €/KG","img":"https://fd15-photos.leclercdrive.fr/image.ashx?id=2623166&use=l&cat=p&typeid=i","cat":318651},{"id":2521,"n":"Abricots secs Couleurs Vives Moelleux - 250g","p":4.05,"u":"16,20 €/KG","img":"https://fd15-photos.leclercdrive.fr/image.ashx?id=2149670&use=l&cat=p&typeid=i","cat":284357},{"id":2523,"n":"Amandes effilées Couleurs Vives 125g","p":1.95,"u":"15,60 €/KG","img":"https://fd15-photos.leclercdrive.fr/image.ashx?id=2896874&use=l&cat=p&typeid=i","cat":284504},{"id":2524,"n":"Amandes Couleurs Vives En poudre - 125g","p":1.95,"u":"15,60 €/KG","img":"https://fd15-photos.leclercdrive.fr/image.ashx?id=2896871&use=l&cat=p&typeid=i","cat":284504},{"id":2525,"n":"Cerneaux noix Couleurs Vives 125g","p":2.5,"u":"20,83 €/KG","img":"https://fd15-photos.leclercdrive.fr/image.ashx?id=2886436&use=l&cat=p&typeid=i","cat":284357},{"id":2529,"n":"Salade composée Notre Jardin 400g","p":4.49,"u":"11,23 €/KG","img":"https://fd15-photos.leclercdrive.fr/image.ashx?id=2693306&use=l&cat=p&typeid=i","cat":284353},{"id":2530,"n":"Salade Notre Jardin Mâche - 125g","p":2.99,"u":"23,92 €/KG","img":"https://fd15-photos.leclercdrive.fr/image.ashx?id=2739514&use=l&cat=p&typeid=i","cat":284353},{"id":2531,"n":"Salade Notre Jardin Coeurs de laitue - 200g","p":2.89,"u":"14,45 €/KG","img":"https://fd15-photos.leclercdrive.fr/image.ashx?id=2720139&use=l&cat=p&typeid=i","cat":284353},{"id":2532,"n":"Laitue Iceberg Notre Jardin 300g","p":3.49,"u":"11,63 €/KG","img":"https://fd15-photos.leclercdrive.fr/image.ashx?id=2727368&use=l&cat=p&typeid=i","cat":284353},{"id":2576,"n":"Soin anti-âge L'Oréal Paris Age Perfect - 50ml","p":20.5,"u":"410,00 €/L","img":"https://fd15-photos.leclercdrive.fr/image.ashx?id=2867356&use=l&cat=p&typeid=i","cat":325345},{"id":2588,"n":"Eau minérale Thonon 6x1.5L","p":5.5,"u":"0,61 €/L","img":"https://fd15-photos.leclercdrive.fr/image.ashx?id=2915557&use=l&cat=p&typeid=i","cat":284535},{"id":2612,"n":"Lait demi-écrémé UHT Délisse  Brique - 6x1L","p":7.95,"u":"1,33 €/L","img":"https://fd15-photos.leclercdrive.fr/image.ashx?id=2970545&use=l&cat=p&typeid=i","cat":284377},{"id":2613,"n":"Lait demi-écrémé UHT Délisse Bouteille - 6x1L","p":9.5,"u":"1,58 €/L","img":"https://fd15-photos.leclercdrive.fr/image.ashx?id=2970536&use=l&cat=p&typeid=i","cat":284377},{"id":2614,"n":"Lait demi-écrémé Délisse UHT Bouteille -  6x50cl","p":5.59,"u":"1,86 €/L","img":"https://fd15-photos.leclercdrive.fr/image.ashx?id=2970563&use=l&cat=p&typeid=i","cat":284377},{"id":2615,"n":"Lait écrémé Délisse Brique : 6x1L","p":7.44,"u":"1,24 €/L","img":"https://fd15-photos.leclercdrive.fr/image.ashx?id=2976282&use=l&cat=p&typeid=i","cat":284949},{"id":2616,"n":"Lait entier Délisse UHT - Brique : 6x1L","p":8.99,"u":"1,50 €/L","img":"https://fd15-photos.leclercdrive.fr/image.ashx?id=2970554&use=l&cat=p&typeid=i","cat":285610},{"id":2617,"n":"Lait Bio demi-écrémé Lactel UHT Bouteille - 6x50cl","p":8.43,"u":"2,81 €/L","img":"https://fd15-photos.leclercdrive.fr/image.ashx?id=2892766&use=l&cat=p&typeid=i","cat":284377},{"id":2618,"n":"Lait chèvre demi-écrémé Lactel UHT Bouteille - 6x1L","p":15.99,"u":"2,67 €/L","img":"https://fd15-photos.leclercdrive.fr/image.ashx?id=2873961&use=l&cat=p&typeid=i","cat":295251},{"id":2619,"n":"Lait bio Bio Village Bouteille  Demi-écrémé UHT -  6x1L","p":8.9,"u":"1,48 €/L","img":"https://fd15-photos.leclercdrive.fr/image.ashx?id=2971506&use=l&cat=p&typeid=i","cat":284377},{"id":2638,"n":"Eau minérale Courmayeur 6x1.5L","p":7.45,"u":"0,83 €/L","img":"https://fd15-photos.leclercdrive.fr/image.ashx?id=2964105&use=l&cat=p&typeid=i","cat":284535},{"id":2649,"n":"Eau de source de Montagne 6x1.5L","p":4.15,"u":"0,46 €/L","img":"https://fd15-photos.leclercdrive.fr/image.ashx?id=2727617&use=l&cat=p&typeid=i","cat":284535},{"id":2650,"n":"Whisky William Lawson's Finest Blend 40° - 100cl","p":20.28,"pp":19.95,"u":"19,95 €/L","img":"https://fd15-photos.leclercdrive.fr/image.ashx?id=2966134&use=l&cat=p&typeid=i","cat":284547},{"id":2684,"n":"Fromage Camembert NRT AOP  de Normandie - 250g","p":4.49,"u":"17,96 €/KG","img":"https://fd15-photos.leclercdrive.fr/image.ashx?id=2188712&use=l&cat=p&typeid=i","cat":314033},{"id":2722,"n":"Yaourts aromatisés Délisse Vanille - 8x125g","p":3.59,"u":"3,59 €/KG","img":"https://fd15-photos.leclercdrive.fr/image.ashx?id=2758707&use=l&cat=p&typeid=i","cat":286006},{"id":2724,"n":"Crème caramel Délisse 4x100g","p":2.39,"u":"5,98 €/KG","img":"https://fd15-photos.leclercdrive.fr/image.ashx?id=2460482&use=l&cat=p&typeid=i","cat":284419},{"id":2729,"n":"Pistaches grillées à sec Tokapi 300g","p":6.49,"u":"21,63 €/KG","img":"https://fd15-photos.leclercdrive.fr/image.ashx?id=2795541&use=l&cat=p&typeid=i","cat":284448},{"id":2737,"n":"Eau minérale Des Alpes  6x1.5L","p":4.59,"u":"0,51 €/L","img":"https://fd15-photos.leclercdrive.fr/image.ashx?id=2768667&use=l&cat=p&typeid=i","cat":284535},{"id":2742,"n":"Eau gazeuse San Pellegrino Minérale naturelle - 6x1L","p":8.3,"u":"1,38 €/L","img":"https://fd15-photos.leclercdrive.fr/image.ashx?id=2740316&use=l&cat=p&typeid=i","cat":284536},{"id":2746,"n":"Lait demi-écrémé Grandlait Candia Bouteille  - 4x1,5L","p":7.99,"u":"1,33 €/L","img":"https://fd15-photos.leclercdrive.fr/image.ashx?id=2915871&use=l&cat=p&typeid=i","cat":284377},{"id":2747,"n":"Lait Candia Grand lait entier Bouteille - 6x1L","p":11.46,"u":"1,91 €/L","img":"https://fd15-photos.leclercdrive.fr/image.ashx?id=2915868&use=l&cat=p&typeid=i","cat":285610},{"id":2749,"n":"Lait entier Délisse UHT - Bouteille : 6x1L","p":8.69,"u":"1,45 €/L","img":"https://fd15-photos.leclercdrive.fr/image.ashx?id=2970572&use=l&cat=p&typeid=i","cat":285610},{"id":2758,"n":"Lait Matin Léger de Lactel Sans lactose 1.2% mg - 6x50cl","p":6.94,"u":"2,31 €/L","img":"https://fd15-photos.leclercdrive.fr/image.ashx?id=2883564&use=l&cat=p&typeid=i","cat":317169},{"id":2759,"n":"Lait Matin Léger de Lactel Sans lactose 1.2% mg - 6x1L","p":11.7,"u":"1,95 €/L","img":"https://fd15-photos.leclercdrive.fr/image.ashx?id=2883125&use=l&cat=p&typeid=i","cat":317169},{"id":2760,"n":"Lait vitaminé Viva Candia  1%MG Brique - 6x1L","p":7.99,"u":"1,33 €/L","img":"https://fd15-photos.leclercdrive.fr/image.ashx?id=2891511&use=l&cat=p&typeid=i","cat":317169},{"id":2777,"n":"Crème mains protectrice Mixa Anti-dessèchement - 100ml","p":4.65,"u":"46,50 €/L","img":"https://fd15-photos.leclercdrive.fr/image.ashx?id=2299873&use=l&cat=p&typeid=i","cat":325354},{"id":2779,"n":"Whisky William Lawson's Finest Blend 40° - 70cl","p":16.55,"u":"23,64 €/L","img":"https://fd15-photos.leclercdrive.fr/image.ashx?id=2848340&use=l&cat=p&typeid=i","cat":284547},{"id":2799,"n":"Fromage frais Délisse Fruits panachés - 24x50g","p":4.99,"u":"4,16 €/KG","img":"https://fd15-photos.leclercdrive.fr/image.ashx?id=2922494&use=l&cat=p&typeid=i","cat":284414},{"id":2813,"n":"Pizza Chèvre Turini Cuite au feu de bois - 420g","p":4.89,"u":"11,64 €/KG","img":"https://fd15-photos.leclercdrive.fr/image.ashx?id=2815214&use=l&cat=p&typeid=i","cat":284256},{"id":2814,"n":"Pizza 4 fromages Turini Cuite au feu de bois - 420g","p":3.99,"u":"9,50 €/KG","img":"https://fd15-photos.leclercdrive.fr/image.ashx?id=2815211&use=l&cat=p&typeid=i","cat":284256},{"id":2823,"n":"Carottes en lamelles Lunor 500g","p":1.59,"u":"0,32 €/L","img":"https://fd15-photos.leclercdrive.fr/image.ashx?id=2223286&use=l&cat=p&typeid=i","cat":284352},{"id":2845,"n":"Glace Cône Nestlé Extrême Rhum raisins x6 - 426g","p":5.76,"u":"13,52 €/KG","img":"https://fd15-photos.leclercdrive.fr/image.ashx?id=2729848&use=l&cat=p&typeid=i","cat":284264},{"id":2869,"n":"Oignon jaune  1kg","p":1.39,"u":"1,39 €/KG","img":"https://fd15-photos.leclercdrive.fr/image.ashx?id=1632575&use=l&cat=p&typeid=i","cat":284352},{"id":2872,"n":"Poireau Botte 1kg","p":3.99,"u":"3,99 €/KG","img":"https://fd15-photos.leclercdrive.fr/image.ashx?id=1633169&use=l&cat=p&typeid=i","cat":284352},{"id":2896,"n":"Endive Sachet 1kg","p":5.99,"u":"5,99 €/KG","img":"https://fd15-photos.leclercdrive.fr/image.ashx?id=558004&use=l&cat=p&typeid=i","cat":284352},{"id":2902,"n":"Botte de radis rose  1p","p":2.99,"img":"https://fd15-photos.leclercdrive.fr/image.ashx?id=558013&use=l&cat=p&typeid=i","cat":284352},{"id":2921,"n":"Bananes  1kg","p":1.35,"u":"1,35 €/KG","img":"https://fd15-photos.leclercdrive.fr/image.ashx?id=1628560&use=l&cat=p&typeid=i","cat":284356},{"id":2930,"n":"Biscuits pomme noisette GERBLE   4x4 - 230g","p":3.28,"u":"14,26 €/KG","img":"https://fd15-photos.leclercdrive.fr/image.ashx?id=2967753&use=l&cat=p&typeid=i","cat":318651},{"id":2931,"n":"Biscuit chocolat noir Gerblé  - 150g","p":3.49,"u":"23,27 €/KG","img":"https://fd15-photos.leclercdrive.fr/image.ashx?id=2664001&use=l&cat=p&typeid=i","cat":318651},{"id":2932,"n":"Biscuit miel sésame GERBLE  - 6x3,  162g","p":3.07,"u":"18,95 €/KG","img":"https://fd15-photos.leclercdrive.fr/image.ashx?id=2662277&use=l&cat=p&typeid=i","cat":318651},{"id":2935,"n":"Biscuits écorce confite GERBLE   - 4x5,  360g","p":3.4,"u":"9,44 €/KG","img":"https://fd15-photos.leclercdrive.fr/image.ashx?id=2662907&use=l&cat=p&typeid=i","cat":318651},{"id":2938,"n":"Biscuits germe de blé GERBLE   - 5x5, 210g","p":2.75,"u":"13,10 €/KG","img":"https://fd15-photos.leclercdrive.fr/image.ashx?id=2573540&use=l&cat=p&typeid=i","cat":318651},{"id":2950,"n":"Biscuits lait chocolat GERBLE   - 5x4, 230g","p":2.82,"u":"12,26 €/KG","img":"https://fd15-photos.leclercdrive.fr/image.ashx?id=2575030&use=l&cat=p&typeid=i","cat":318651},{"id":2951,"n":"Biscuit chocolat GERLINEA  Encas minceur - 4x4, 200g","p":4.06,"u":"20,30 €/KG","img":"https://fd15-photos.leclercdrive.fr/image.ashx?id=2654770&use=l&cat=p&typeid=i","cat":318652},{"id":2965,"n":"Cereales Country Store Kellogg's - 750g","p":6.45,"u":"8,60 €/KG","img":"https://fd15-photos.leclercdrive.fr/image.ashx?id=2947805&use=l&cat=p&typeid=i","cat":309512},{"id":2968,"n":"Tablette chocolat Milka Chocolat lait/caramel - 2x100g","p":4.14,"u":"20,70 €/KG","img":"https://fd15-photos.leclercdrive.fr/image.ashx?id=3009146&use=l&cat=p&typeid=i","cat":284497},{"id":2969,"n":"Sticks et bretzels Tokapi 300g","p":1.99,"u":"6,63 €/KG","img":"https://fd15-photos.leclercdrive.fr/image.ashx?id=2431104&use=l&cat=p&typeid=i","cat":297000},{"id":2971,"n":"Chips ondulées Pom'Lisse  Nature - 150g","p":1.62,"u":"10,80 €/KG","img":"https://fd15-photos.leclercdrive.fr/image.ashx?id=2657196&use=l&cat=p&typeid=i","cat":284447},{"id":2973,"n":"Chips Pom'Lisse Barbecue - 135g","p":1.57,"u":"11,63 €/KG","img":"https://fd15-photos.leclercdrive.fr/image.ashx?id=2774046&use=l&cat=p&typeid=i","cat":284447},{"id":2975,"n":"Huile arachide Lesieur 1L","p":6.69,"u":"6,69 €/L","img":"https://fd15-photos.leclercdrive.fr/image.ashx?id=2916845&use=l&cat=p&typeid=i","cat":284453},{"id":2994,"n":"Chicorée soluble Leroux Nature - 200g","p":6.39,"u":"31,95 €/KG","img":"https://fd15-photos.leclercdrive.fr/image.ashx?id=2693512&use=l&cat=p&typeid=i","cat":284843},{"id":2998,"n":"Tomato Ketchup Heinz -  570g","p":2.91,"u":"5,11 €/KG","img":"https://fd15-photos.leclercdrive.fr/image.ashx?id=2923417&use=l&cat=p&typeid=i","cat":284455},{"id":3000,"n":"Oeufs frais plein air Bio Bio Village - x6","p":4.5,"u":"0,75 €/P","img":"https://fd15-photos.leclercdrive.fr/image.ashx?id=2724868&use=l&cat=p&typeid=i","cat":284378},{"id":3001,"n":"Boisson soja Sojasun nature 1l","p":3.29,"u":"3,29 €/L","img":"https://fd15-photos.leclercdrive.fr/image.ashx?id=2472867&use=l&cat=p&typeid=i","cat":316067},{"id":3010,"n":"Sauce Mexicaine Tables du Monde Hot - 315g","p":2.38,"u":"7,56 €/KG","img":"https://fd15-photos.leclercdrive.fr/image.ashx?id=2476960&use=l&cat=p&typeid=i","cat":288993},{"id":3011,"n":"Sauce Mexicaine Tables du Monde Medium - 315g","p":1.63,"u":"5,17 €/KG","img":"https://fd15-photos.leclercdrive.fr/image.ashx?id=2476963&use=l&cat=p&typeid=i","cat":288993},{"id":3012,"n":"Sauce Fajitas Tables du Monde 430g","p":2.19,"u":"5,09 €/KG","img":"https://fd15-photos.leclercdrive.fr/image.ashx?id=2470228&use=l&cat=p&typeid=i","cat":288993},{"id":3028,"n":"Brioche tranchée Epi d'Or Pépites de chocolat 500g","p":4.7,"u":"9,40 €/KG","img":"https://fd15-photos.leclercdrive.fr/image.ashx?id=2867901&use=l&cat=p&typeid=i","cat":284478},{"id":3033,"n":"Pâtes fraîches Turini Fettuccini - 350g","p":1.58,"u":"4,51 €/KG","img":"https://fd15-photos.leclercdrive.fr/image.ashx?id=2882313&use=l&cat=p&typeid=i","cat":333682},{"id":3034,"n":"Fromage Parmesan Parmareggio 60g","p":2.31,"u":"38,50 €/KG","img":"https://fd15-photos.leclercdrive.fr/image.ashx?id=2975458&use=l&cat=p&typeid=i","cat":314035},{"id":3040,"n":"Beurre moulé bio Bio Village Doux - 82% MG - 250g","p":3.26,"u":"13,04 €/KG","img":"https://fd15-photos.leclercdrive.fr/image.ashx?id=2437052&use=l&cat=p&typeid=i","cat":284379},{"id":3041,"n":"Beurre moulé bio Bio Village Demi-sel - 80% MG - 250g","p":3.09,"u":"12,36 €/KG","img":"https://fd15-photos.leclercdrive.fr/image.ashx?id=2437055&use=l&cat=p&typeid=i","cat":284379},{"id":3044,"n":"Crème Anglaise Elle&Vire à la Vanille de Bourbon - 33cl","p":2.55,"u":"7,73 €/L","img":"https://fd15-photos.leclercdrive.fr/image.ashx?id=2816895&use=l&cat=p&typeid=i","cat":284382},{"id":3052,"n":"Dentifrice Menthe Fluoryl Gencives Sensibles - 75ml","p":3.18,"u":"42,40 €/L","img":"https://fd15-photos.leclercdrive.fr/image.ashx?id=2473312&use=l&cat=p&typeid=i","cat":284612},{"id":3055,"n":"Gel à raser féminin Siliss Velours abricot - 200ml","p":3.05,"u":"15,25 €/L","img":"https://fd15-photos.leclercdrive.fr/image.ashx?id=2699408&use=l&cat=p&typeid=i","cat":325352},{"id":3064,"n":"Cotons Démaquillants Demak'Up Expert - Disques - x70","p":2.45,"u":"0,04 €/P","img":"https://fd15-photos.leclercdrive.fr/image.ashx?id=2970909&use=l&cat=p&typeid=i","cat":284636},{"id":3066,"n":"Tampons Doulys avec applicateur Normal - x24","p":3.22,"u":"0,13 €/P","img":"https://fd15-photos.leclercdrive.fr/image.ashx?id=2965452&use=l&cat=p&typeid=i","cat":284626},{"id":3070,"n":"Serviette hygiénique Doulys Ultra - Normal+  - x14","p":1.46,"u":"0,10 €/P","img":"https://fd15-photos.leclercdrive.fr/image.ashx?id=2838915&use=l&cat=p&typeid=i","cat":284624},{"id":3072,"n":"Serviette hygiénique Doulys Maxi confort - Super - x16","p":2.15,"u":"0,13 €/P","img":"https://fd15-photos.leclercdrive.fr/image.ashx?id=2838912&use=l&cat=p&typeid=i","cat":284624},{"id":3089,"n":"Sauce Béchamel Elle&Vire au Lait Entier - 33cl","p":2.25,"u":"6,82 €/L","img":"https://fd15-photos.leclercdrive.fr/image.ashx?id=2835992&use=l&cat=p&typeid=i","cat":284382},{"id":3093,"n":"Cake fruits P'tit déli Tranché 300g","p":2.59,"u":"8,63 €/KG","img":"https://fd15-photos.leclercdrive.fr/image.ashx?id=2823078&use=l&cat=p&typeid=i","cat":284493},{"id":3099,"n":"Mini cakes P'tit Déli  aux fruits x10","p":3.59,"u":"11,97 €/KG","img":"https://fd15-photos.leclercdrive.fr/image.ashx?id=2047019&use=l&cat=p&typeid=i","cat":284493},{"id":3101,"n":"Biscuits fourrés Chamonix LU Orange - 250g","p":2.99,"u":"11,96 €/KG","img":"https://fd15-photos.leclercdrive.fr/image.ashx?id=2982982&use=l&cat=p&typeid=i","cat":284489},{"id":3104,"n":"Sablés P'tit Déli Fourrés Figue x16 - 165g","p":1.91,"u":"11,58 €/KG","img":"https://fd15-photos.leclercdrive.fr/image.ashx?id=2753372&use=l&cat=p&typeid=i","cat":284489},{"id":3106,"n":"Biscuits Cookies P'tit Déli Noix coco Chocolat - 200g","p":2.05,"u":"10,25 €/KG","img":"https://fd15-photos.leclercdrive.fr/image.ashx?id=2171539&use=l&cat=p&typeid=i","cat":325066},{"id":3107,"n":"Biscuits petit beurre LU Pocket - 300g","p":4.29,"u":"14,30 €/KG","img":"https://fd15-photos.leclercdrive.fr/image.ashx?id=3001940&use=l&cat=p&typeid=i","cat":284487},{"id":3108,"n":"Biscuits petit déjeuner Prince Céréales - 300g","p":4.3,"u":"14,33 €/KG","img":"https://fd15-photos.leclercdrive.fr/image.ashx?id=2346648&use=l&cat=p&typeid=i","cat":284491},{"id":3123,"n":"Plat bébé Blédina 8 mois  Pomme de terre poulet - 2x200g","p":3.95,"u":"9,88 €/KG","img":"https://fd15-photos.leclercdrive.fr/image.ashx?id=2975056&use=l&cat=p&typeid=i","cat":312236},{"id":3126,"n":"Compote bébé Blédina 4-6 mois Banane - 2x130g","p":2.18,"u":"8,38 €/KG","img":"https://fd15-photos.leclercdrive.fr/image.ashx?id=2951548&use=l&cat=p&typeid=i","cat":312387},{"id":3142,"n":"Café et Chicorée Soluble Ricoré  Original - 100g","p":4.6,"u":"46,00 €/KG","img":"https://fd15-photos.leclercdrive.fr/image.ashx?id=2951542&use=l&cat=p&typeid=i","cat":284843},{"id":3144,"n":"Chocolat Tablette d'Or noir Extra 47% cacao 3x100g","p":3.99,"u":"13,30 €/KG","img":"https://fd15-photos.leclercdrive.fr/image.ashx?id=2132292&use=l&cat=p&typeid=i","cat":284956},{"id":3147,"n":"Madeleines P'tit déli coquilles 500g","p":3.22,"u":"6,44 €/KG","img":"https://fd15-photos.leclercdrive.fr/image.ashx?id=2520301&use=l&cat=p&typeid=i","cat":284492},{"id":3148,"n":"Madeleines longues P'tit déli Marbrées chocolat 250g","p":2.75,"u":"11,00 €/KG","img":"https://fd15-photos.leclercdrive.fr/image.ashx?id=2999490&use=l&cat=p&typeid=i","cat":284492},{"id":3151,"n":"Café moulu Plantation  Tradition - 250g","p":3.89,"u":"15,56 €/KG","img":"https://fd15-photos.leclercdrive.fr/image.ashx?id=2580886&use=l&cat=p&typeid=i","cat":284750},{"id":3152,"n":"Café Plantation  Kenya - 250g","p":6.59,"u":"26,36 €/KG","img":"https://fd15-photos.leclercdrive.fr/image.ashx?id=2607431&use=l&cat=p&typeid=i","cat":284750},{"id":3166,"n":"Dessert fruitier pomme Douceur du Verger 16x100g","p":5.05,"u":"3,16 €/KG","img":"https://fd15-photos.leclercdrive.fr/image.ashx?id=1956829&use=l&cat=p&typeid=i","cat":284416},{"id":3168,"n":"Porc au caramel Riz parfumé Marie à la sauce nuoc-mâm -300g","p":5.45,"u":"18,17 €/KG","img":"https://fd15-photos.leclercdrive.fr/image.ashx?id=2317864&use=l&cat=p&typeid=i","cat":333665},{"id":3169,"n":"Tortellini iTurini Ricotta épinard - 300g","p":2.59,"u":"8,63 €/KG","img":"https://fd15-photos.leclercdrive.fr/image.ashx?id=2846556&use=l&cat=p&typeid=i","cat":333682},{"id":3171,"n":"Tortellini Turini Jambon cru - 250g","p":2.05,"u":"8,20 €/KG","img":"https://fd15-photos.leclercdrive.fr/image.ashx?id=2778039&use=l&cat=p&typeid=i","cat":333682},{"id":3186,"n":"Liquide vaisselle Visior citron 1,5L","p":3.26,"u":"2,17 €/L","img":"https://fd15-photos.leclercdrive.fr/image.ashx?id=2930852&use=l&cat=p&typeid=i","cat":284655},{"id":3192,"n":"Détachant sans javel Textil 2L","p":3.69,"u":"1,85 €/L","img":"https://fd15-photos.leclercdrive.fr/image.ashx?id=2988036&use=l&cat=p&typeid=i","cat":284651},{"id":3195,"n":"Coton Primoplast prédécoupé 100g","p":1.31,"u":"13,10 €/KG","img":"https://fd15-photos.leclercdrive.fr/image.ashx?id=2856453&use=l&cat=p&typeid=i","cat":284630},{"id":3200,"n":"Petits pains grillés Epi d'Or  Froment - 225g","p":1.52,"u":"6,76 €/KG","img":"https://fd15-photos.leclercdrive.fr/image.ashx?id=2496410&use=l&cat=p&typeid=i","cat":284479},{"id":3212,"n":"Farine pour pain Francine Multi-céréales - 1,5kg","p":4.72,"u":"3,15 €/KG","img":"https://fd15-photos.leclercdrive.fr/image.ashx?id=2220611&use=l&cat=p&typeid=i","cat":284503},{"id":3215,"n":"Riz long Comptoir du Grain Etuvé - 1kg","p":2.45,"u":"2,45 €/KG","img":"https://fd15-photos.leclercdrive.fr/image.ashx?id=2076640&use=l&cat=p&typeid=i","cat":284428},{"id":3217,"n":"Riz Basmati Comptoir du Grain Sélection Riz long - 500g","p":2.55,"u":"5,10 €/KG","img":"https://fd15-photos.leclercdrive.fr/image.ashx?id=2076643&use=l&cat=p&typeid=i","cat":284428},{"id":3220,"n":"Céréales Tipiak - Blé Maïs Soja Prêt en 4 min - 400g","p":4.57,"u":"11,43 €/KG","img":"https://fd15-photos.leclercdrive.fr/image.ashx?id=2989144&use=l&cat=p&typeid=i","cat":284429},{"id":3221,"n":"Purée pomme de terre Pom'lisse Nature - 8x125g - 1kg","p":5.65,"u":"5,65 €/KG","img":"https://fd15-photos.leclercdrive.fr/image.ashx?id=2929864&use=l&cat=p&typeid=i","cat":284431},{"id":3223,"n":"Pâtes capellini Panzani 500g","p":1.65,"u":"3,30 €/KG","img":"https://fd15-photos.leclercdrive.fr/image.ashx?id=2876038&use=l&cat=p&typeid=i","cat":284427},{"id":3224,"n":"Pâtes Barilla Spaghetti n°5 - 1kg","p":2.9,"u":"2,90 €/KG","img":"https://fd15-photos.leclercdrive.fr/image.ashx?id=2481182&use=l&cat=p&typeid=i","cat":284427},{"id":3225,"n":"Pâtes Lasagnes Panzani - 500G","p":3.25,"u":"6,50 €/KG","img":"https://fd15-photos.leclercdrive.fr/image.ashx?id=2896105&use=l&cat=p&typeid=i","cat":284427},{"id":3226,"n":"Pâtes cannelloni Panzani  A farcir - 250g","p":2.09,"u":"8,36 €/KG","img":"https://fd15-photos.leclercdrive.fr/image.ashx?id=2896108&use=l&cat=p&typeid=i","cat":284427},{"id":3233,"n":"Haricots verts Notre Jardin Extra fins - 220g","p":1.8,"u":"8,18 €/KG","img":"https://fd15-photos.leclercdrive.fr/image.ashx?id=2988018&use=l&cat=p&typeid=i","cat":312606},{"id":3239,"n":"Biscuit Petit beurre P'tit Déli Tablette chocolat noir - 150g","p":1.99,"u":"13,27 €/KG","img":"https://fd15-photos.leclercdrive.fr/image.ashx?id=2711641&use=l&cat=p&typeid=i","cat":284488},{"id":3240,"n":"Biscuit Petit beurre P'tit Déli Tablette lait noisette - 150g","p":2.09,"u":"13,93 €/KG","img":"https://fd15-photos.leclercdrive.fr/image.ashx?id=2523673&use=l&cat=p&typeid=i","cat":284488},{"id":3253,"n":"Escargots Maître Coquille De Bourgogne x48 - 355g","p":20.95,"u":"59,01 €/KG","img":"https://fd15-photos.leclercdrive.fr/image.ashx?id=1979671&use=l&cat=p&typeid=i","cat":319775},{"id":3255,"n":"Bûche glacée Eskiss Fruits exotiques - 570g","p":4.99,"u":"8,75 €/KG","img":"https://fd15-photos.leclercdrive.fr/image.ashx?id=2791260&use=l&cat=p&typeid=i","cat":284266},{"id":3257,"n":"Bûche glacée Eskiss 3 chocolats - 536g","p":4.99,"u":"9,31 €/KG","img":"https://fd15-photos.leclercdrive.fr/image.ashx?id=2791254&use=l&cat=p&typeid=i","cat":284266},{"id":3258,"n":"Champignons Paris Notre Jardin Pieds et morceaux - 460g","p":2.89,"u":"6,28 €/KG","img":"https://fd15-photos.leclercdrive.fr/image.ashx?id=2553893&use=l&cat=p&typeid=i","cat":312610},{"id":3262,"n":"Carottes Notre Jardin Extra-fines - 530g","p":1.8,"u":"3,40 €/KG","img":"https://fd15-photos.leclercdrive.fr/image.ashx?id=1993550&use=l&cat=p&typeid=i","cat":312607},{"id":3263,"n":"Champignons Paris Notre Jardin Entiers - 460g","p":3.4,"u":"7,39 €/KG","img":"https://fd15-photos.leclercdrive.fr/image.ashx?id=2553887&use=l&cat=p&typeid=i","cat":312610},{"id":3269,"n":"Coeurs de palmiers Notre Jardin Extra tendres - 220g","p":3.49,"u":"15,86 €/KG","img":"https://fd15-photos.leclercdrive.fr/image.ashx?id=2074960&use=l&cat=p&typeid=i","cat":312611},{"id":3270,"n":"Coeurs de palmiers Notre Jardin Extra tendres - 250g","p":3.79,"u":"15,16 €/KG","img":"https://fd15-photos.leclercdrive.fr/image.ashx?id=2599137&use=l&cat=p&typeid=i","cat":312611},{"id":3271,"n":"Maïs Notre Jardin Tendre - 3x140g","p":2.15,"u":"5,12 €/KG","img":"https://fd15-photos.leclercdrive.fr/image.ashx?id=2074653&use=l&cat=p&typeid=i","cat":312611},{"id":3272,"n":"Asperges blanches grosses Notre Jardin - 320g","p":3.95,"u":"12,34 €/KG","img":"https://fd15-photos.leclercdrive.fr/image.ashx?id=2049016&use=l&cat=p&typeid=i","cat":312611},{"id":3277,"n":"Chips à l'ancienne Pom'lisse Nature - 6x30g","p":2.55,"u":"14,17 €/KG","img":"https://fd15-photos.leclercdrive.fr/image.ashx?id=2657193&use=l&cat=p&typeid=i","cat":284447},{"id":3282,"n":"Moutarde Amora Mi-forte - 230g Divers coloris","p":2.77,"u":"12,04 €/KG","img":"https://fd15-photos.leclercdrive.fr/image.ashx?id=2504473&use=l&cat=p&typeid=i","cat":288850},{"id":3285,"n":"Vinaigre balsamique Rustica 50cl","p":2.14,"u":"4,28 €/L","img":"https://fd15-photos.leclercdrive.fr/image.ashx?id=2765701&use=l&cat=p&typeid=i","cat":298543},{"id":3305,"n":"Sauce Provençale Turini 420g","p":1.38,"u":"3,29 €/KG","img":"https://fd15-photos.leclercdrive.fr/image.ashx?id=2047010&use=l&cat=p&typeid=i","cat":287599},{"id":3308,"n":"Pur jus de carotte Jafaden - 1L","p":2.39,"u":"2,39 €/L","img":"https://fd15-photos.leclercdrive.fr/image.ashx?id=2860712&use=l&cat=p&typeid=i","cat":284523},{"id":3309,"n":"Pur jus de pomme Jafaden 1L","p":1.95,"u":"1,95 €/L","img":"https://fd15-photos.leclercdrive.fr/image.ashx?id=2726697&use=l&cat=p&typeid=i","cat":284522},{"id":3316,"n":"Sirop Frucci Grenadine - 1L","p":3.5,"u":"3,50 €/L","img":"https://fd15-photos.leclercdrive.fr/image.ashx?id=2954073&use=l&cat=p&typeid=i","cat":295020},{"id":3322,"n":"Dentifrice Teraxyl 2en1 fraîcheur menthe - 75ml","p":3.09,"u":"41,20 €/L","img":"https://fd15-photos.leclercdrive.fr/image.ashx?id=2298025&use=l&cat=p&typeid=i","cat":284612},{"id":3338,"n":"Protège-slips Doulys Mince - Plié - x30","p":1.65,"u":"0,06 €/P","img":"https://fd15-photos.leclercdrive.fr/image.ashx?id=2824129&use=l&cat=p&typeid=i","cat":284625},{"id":3345,"n":"Nectar Jafaden Poire - 1L","p":2.49,"u":"2,49 €/L","img":"https://fd15-photos.leclercdrive.fr/image.ashx?id=2955695&use=l&cat=p&typeid=i","cat":284915},{"id":3355,"n":"World Mix Haribo Sachet bonbons - 500g","p":7.15,"u":"14,30 €/KG","img":"https://fd15-photos.leclercdrive.fr/image.ashx?id=2805207&use=l&cat=p&typeid=i","cat":304250},{"id":3356,"n":"Banan's Haribo Sachet bonbons - 300g","p":2.63,"u":"8,77 €/KG","img":"https://fd15-photos.leclercdrive.fr/image.ashx?id=1739936&use=l&cat=p&typeid=i","cat":304250},{"id":3359,"n":"Compote Andros Pomme 750g","p":3.99,"u":"5,32 €/KG","img":"https://fd15-photos.leclercdrive.fr/image.ashx?id=2327716&use=l&cat=p&typeid=i","cat":284508},{"id":3361,"n":"Pâtée chats Gourmet gold Mousselines 4x85g","p":3.7,"u":"10,88 €/KG","img":"https://fd15-photos.leclercdrive.fr/image.ashx?id=2711103&use=l&cat=p&typeid=i","cat":285286},{"id":3364,"n":"Huile de douche Manava Bien être oriental 250ml","p":1.79,"u":"7,16 €/L","img":"https://fd15-photos.leclercdrive.fr/image.ashx?id=2809659&use=l&cat=p&typeid=i","cat":284594},{"id":3365,"n":"Gel douche et shampooing Carré Homme Dynamisante - 250ml","p":2.19,"u":"8,76 €/L","img":"https://fd15-photos.leclercdrive.fr/image.ashx?id=1543589&use=l&cat=p&typeid=i","cat":284619},{"id":3371,"n":"Kit Fajitas Tables du Monde 505g","p":4.6,"u":"9,11 €/KG","img":"https://fd15-photos.leclercdrive.fr/image.ashx?id=2679726&use=l&cat=p&typeid=i","cat":288993},{"id":3372,"n":"Terrines Tous Mes Amis Pour chats  3 saveurs - 3x400g","p":4.35,"u":"3,63 €/KG","img":"https://fd15-photos.leclercdrive.fr/image.ashx?id=2865050&use=l&cat=p&typeid=i","cat":285601},{"id":3373,"n":"Tortillas Tables du Monde Galettes de blé x8 320g","p":2.04,"u":"6,38 €/KG","img":"https://fd15-photos.leclercdrive.fr/image.ashx?id=2679729&use=l&cat=p&typeid=i","cat":288993},{"id":3375,"n":"Lingettes bébé Mots d'Enfants Toilettes fruits rouges - x60","p":1.44,"u":"0,02 €/P","img":"https://fd15-photos.leclercdrive.fr/image.ashx?id=2856465&use=l&cat=p&typeid=i","cat":284738},{"id":3376,"n":"Café moulu Bio Village Bio  Pérou - 250g","p":6.89,"u":"27,56 €/KG","img":"https://fd15-photos.leclercdrive.fr/image.ashx?id=2552436&use=l&cat=p&typeid=i","cat":284750},{"id":3387,"n":"Gel à raser Carré Homme Vitaminé protecteur 200ml","p":2.22,"u":"11,10 €/L","img":"https://fd15-photos.leclercdrive.fr/image.ashx?id=2704642&use=l&cat=p&typeid=i","cat":284617},{"id":3401,"n":"Serviette hygiénique Doulys Maxi - Spécial nuit - x12","p":1.99,"u":"0,17 €/P","img":"https://fd15-photos.leclercdrive.fr/image.ashx?id=2838927&use=l&cat=p&typeid=i","cat":284624},{"id":3412,"n":"Soupe de poissons Régal Soupe 1L","p":2.4,"u":"2,40 €/L","img":"https://fd15-photos.leclercdrive.fr/image.ashx?id=2607410&use=l&cat=p&typeid=i","cat":287366},{"id":3413,"n":"Asperges blanches Notre Jardin Pointes - 110g","p":2.49,"u":"22,64 €/KG","img":"https://fd15-photos.leclercdrive.fr/image.ashx?id=2049022&use=l&cat=p&typeid=i","cat":312611},{"id":3414,"n":"Asperges vertes Moyennes Notre Jardin - 185g PNE","p":2.99,"u":"16,16 €/KG","img":"https://fd15-photos.leclercdrive.fr/image.ashx?id=2049025&use=l&cat=p&typeid=i","cat":312611},{"id":3416,"n":"Ratatouille Notre Jardin A la provençale - 750g","p":2.28,"u":"3,04 €/KG","img":"https://fd15-photos.leclercdrive.fr/image.ashx?id=2526291&use=l&cat=p&typeid=i","cat":312612},{"id":3421,"n":"Huile Fruit d'Or végétale 1L","p":5.29,"u":"5,29 €/L","img":"https://fd15-photos.leclercdrive.fr/image.ashx?id=2916854&use=l&cat=p&typeid=i","cat":284453},{"id":3424,"n":"Plat moussaka Côté table 850g","p":7.55,"u":"8,88 €/KG","img":"https://fd15-photos.leclercdrive.fr/image.ashx?id=2045175&use=l&cat=p&typeid=i","cat":284254},{"id":3428,"n":"Feuilletés paniers Côté Table St Jacques Fruits de mer 4x100g","p":5.49,"u":"13,73 €/KG","img":"https://fd15-photos.leclercdrive.fr/image.ashx?id=2549379&use=l&cat=p&typeid=i","cat":319776},{"id":3429,"n":"Lasagnes bolognaises Côté table 1kg","p":5.89,"u":"5,89 €/KG","img":"https://fd15-photos.leclercdrive.fr/image.ashx?id=2545628&use=l&cat=p&typeid=i","cat":284254},{"id":3455,"n":"Saumon et torsades Côté Table  Sauce à l'oseille - 300g","p":3.95,"u":"13,17 €/KG","img":"https://fd15-photos.leclercdrive.fr/image.ashx?id=2499480&use=l&cat=p&typeid=i","cat":284953},{"id":3459,"n":"Petit Pois et Carottes Cassegrain 465g","p":5.3,"u":"11,40 €/KG","img":"https://fd15-photos.leclercdrive.fr/image.ashx?id=2912971&use=l&cat=p&typeid=i","cat":312607},{"id":3461,"n":"Maïs Bonduelle Sans Sucres Ajoutés 285g","p":1.95,"u":"6,84 €/KG","img":"https://fd15-photos.leclercdrive.fr/image.ashx?id=2955303&use=l&cat=p&typeid=i","cat":312611},{"id":3462,"n":"Pain précuit Epi d'Or Demi-baguette x2 - 300g","p":1.45,"u":"4,83 €/KG","img":"https://fd15-photos.leclercdrive.fr/image.ashx?id=2684814&use=l&cat=p&typeid=i","cat":325069},{"id":3517,"n":"Bonbons Haribo Réglisse Carensac - 250g","p":4.05,"u":"16,20 €/KG","img":"https://fd15-photos.leclercdrive.fr/image.ashx?id=2982405&use=l&cat=p&typeid=i","cat":304250},{"id":3525,"n":"Crêpes fourrées P'tit déli Chocolat x8 - 256g","p":3.55,"u":"13,87 €/KG","img":"https://fd15-photos.leclercdrive.fr/image.ashx?id=2656335&use=l&cat=p&typeid=i","cat":284494},{"id":3549,"n":"IGP Pays d'Oc rosé J.P. Chenet 12.5% vol - 75cl","p":5.65,"u":"7,53 €/L","img":"https://fd15-photos.leclercdrive.fr/image.ashx?id=2985108&use=l&cat=p&typeid=i","cat":289558},{"id":3550,"n":"AOP Côtes de Provence rosé Billette Bouquet - 75cl","p":9.39,"u":"12,52 €/L","img":"https://fd15-photos.leclercdrive.fr/image.ashx?id=2625433&use=l&cat=p&typeid=i","cat":289558},{"id":3553,"n":"Whisky Chivas Regal 12 ans Blended Scotch 40% vol - 70cl","p":31.9,"u":"45,57 €/L","img":"https://fd15-photos.leclercdrive.fr/image.ashx?id=2914444&use=l&cat=p&typeid=i","cat":284547},{"id":3558,"n":"IGP Pays d'Oc rouge J-P Chenet Cabernet-Syrah 13% vol - 75 cl","p":5.65,"u":"7,53 €/L","img":"https://fd15-photos.leclercdrive.fr/image.ashx?id=2810864&use=l&cat=p&typeid=i","cat":289556},{"id":3559,"n":"IGP Pays d'Oc rouge J-P Chenet Merlot HVE - 75 cl","p":5.65,"u":"7,53 €/L","img":"https://fd15-photos.leclercdrive.fr/image.ashx?id=2837157&use=l&cat=p&typeid=i","cat":289556},{"id":3560,"n":"AOC Champagne brut blanc Pol Carson - 1,5L","p":62.95,"u":"41,97 €/L","img":"https://fd15-photos.leclercdrive.fr/image.ashx?id=2994788&use=l&cat=p&typeid=i","cat":284542},{"id":3564,"n":"Vin de l'Union Européenne  La Villageoise - 6x25cl","p":9.69,"u":"6,46 €/L","img":"https://fd15-photos.leclercdrive.fr/image.ashx?id=2731651&use=l&cat=p&typeid=i","cat":289557},{"id":3570,"n":"Concentré à diluer Pulco Citron - 70cl","p":4.55,"u":"6,50 €/L","img":"https://fd15-photos.leclercdrive.fr/image.ashx?id=2687845&use=l&cat=p&typeid=i","cat":295020},{"id":3571,"n":"Nectar Jafaden Abricot - 1L","p":2.49,"u":"2,49 €/L","img":"https://fd15-photos.leclercdrive.fr/image.ashx?id=2955713&use=l&cat=p&typeid=i","cat":284915},{"id":3575,"n":"Litière chats Tous mes Amis Végétale - 10L","p":5.99,"u":"0,60 €/L","img":"https://fd15-photos.leclercdrive.fr/image.ashx?id=2055217&use=l&cat=p&typeid=i","cat":284683},{"id":3576,"n":"Litière chats Tous mes Amis Minérale - Hygiénique - 10L","p":6.99,"u":"0,70 €/L","img":"https://fd15-photos.leclercdrive.fr/image.ashx?id=2055211&use=l&cat=p&typeid=i","cat":284683},{"id":3587,"n":"AOP Bordeaux rouge Blaissac - 75cl","p":7.15,"u":"9,53 €/L","img":"https://fd15-photos.leclercdrive.fr/image.ashx?id=2917429&use=l&cat=p&typeid=i","cat":289556},{"id":3588,"n":"IGP Pays d'Oc rouge Roche Mazet Cabernet Sauvignon 12.5% 75cl","p":6.49,"u":"8,65 €/L","img":"https://fd15-photos.leclercdrive.fr/image.ashx?id=2333000&use=l&cat=p&typeid=i","cat":289556},{"id":3589,"n":"IGP Pays d'Oc rouge Roche Mazet Merlot - 75cl","p":6.5,"u":"8,67 €/L","img":"https://fd15-photos.leclercdrive.fr/image.ashx?id=2332997&use=l&cat=p&typeid=i","cat":289556},{"id":3590,"n":"IGP Pays d'Oc rosé Roche Mazet Cinsault Grenache 12% vol 75cl","p":6.6,"u":"8,80 €/L","img":"https://fd15-photos.leclercdrive.fr/image.ashx?id=2341510&use=l&cat=p&typeid=i","cat":289558},{"id":3593,"n":"Vin d'Italie rouge pétillant Vilaveroni Lambrusco- 75cl","p":6.44,"u":"8,59 €/L","img":"https://fd15-photos.leclercdrive.fr/image.ashx?id=2333021&use=l&cat=p&typeid=i","cat":289556},{"id":3599,"n":"IGP Pays d'Oc rosé Listel Grain De gris 12.5% vol - 75cl","p":7.81,"u":"10,41 €/L","img":"https://fd15-photos.leclercdrive.fr/image.ashx?id=2556135&use=l&cat=p&typeid=i","cat":289558},{"id":3600,"n":"Miel Lune de Miel Tartimiel 250g","p":5.05,"u":"20,20 €/KG","img":"https://fd15-photos.leclercdrive.fr/image.ashx?id=2662610&use=l&cat=p&typeid=i","cat":287643},{"id":3604,"n":"Allume-feu Silex cubes x28 200g","p":2.08,"u":"10,40 €/KG","img":"https://fd15-photos.leclercdrive.fr/image.ashx?id=2558781&use=l&cat=p&typeid=i","cat":300578},{"id":3609,"n":"Petit Pois Cassegrain Tendres et Fondants 495g","p":4.99,"u":"10,08 €/KG","img":"https://fd15-photos.leclercdrive.fr/image.ashx?id=2912962&use=l&cat=p&typeid=i","cat":312607},{"id":3610,"n":"Petits pois Notre Jardin A l'étuvée -Extra fins - 3x140g","p":2.4,"u":"5,71 €/KG","img":"https://fd15-photos.leclercdrive.fr/image.ashx?id=2987952&use=l&cat=p&typeid=i","cat":312607},{"id":3617,"n":"Galettes de riz bio Bio Village Complet x17 - 130g","p":1.69,"u":"13,00 €/KG","img":"https://fd15-photos.leclercdrive.fr/image.ashx?id=2816151&use=l&cat=p&typeid=i","cat":318651},{"id":3621,"n":"Pansements Mercurochrome Ampoules x10","p":4.99,"img":"https://fd15-photos.leclercdrive.fr/image.ashx?id=2862143&use=l&cat=p&typeid=i","cat":284630},{"id":3622,"n":"Alcool modifié Mercurochrome 90° - 100ml","p":3.65,"u":"36,50 €/L","img":"https://fd15-photos.leclercdrive.fr/image.ashx?id=2663977&use=l&cat=p&typeid=i","cat":284630},{"id":3630,"n":"Filets colin Alaska Pêche océan 4 tranches - MSC - 400g","p":5.49,"u":"13,73 €/KG","img":"https://fd15-photos.leclercdrive.fr/image.ashx?id=2930087&use=l&cat=p&typeid=i","cat":319786},{"id":3633,"n":"Colin d'Alaska Pêche Océan x10 tranches - MSC - 1kg","p":10.89,"u":"10,89 €/KG","img":"https://fd15-photos.leclercdrive.fr/image.ashx?id=2930096&use=l&cat=p&typeid=i","cat":319786},{"id":3640,"n":"Fromage Apéritif Apérivrais  Saveurs de Provence - 100g","p":3.33,"u":"33,30 €/KG","img":"https://fd15-photos.leclercdrive.fr/image.ashx?id=2885348&use=l&cat=p&typeid=i","cat":314027},{"id":3641,"n":"Fromage Apéritif Apérivrais  Saveurs d'Italie - 100g","p":4.15,"u":"41,50 €/KG","img":"https://fd15-photos.leclercdrive.fr/image.ashx?id=2944705&use=l&cat=p&typeid=i","cat":314027},{"id":3644,"n":"Crème fraîche épaisse Yoplait 30%MG - 50cl","p":4.15,"u":"8,30 €/L","img":"https://fd15-photos.leclercdrive.fr/image.ashx?id=2199554&use=l&cat=p&typeid=i","cat":284381},{"id":3649,"n":"AOP Asti Vilaveroni 75cl","p":12.49,"u":"16,65 €/L","img":"https://fd15-photos.leclercdrive.fr/image.ashx?id=2337558&use=l&cat=p&typeid=i","cat":289461},{"id":3651,"n":"Vin du Portugal rosé Mateus - VSIG - 12% vol 75cl","p":7.9,"u":"10,53 €/L","img":"https://fd15-photos.leclercdrive.fr/image.ashx?id=2794619&use=l&cat=p&typeid=i","cat":289558},{"id":3665,"n":"Beurrier Président Demi-sel - 80% MG - 250g","p":3.99,"u":"15,96 €/KG","img":"https://fd15-photos.leclercdrive.fr/image.ashx?id=2731849&use=l&cat=p&typeid=i","cat":284379},{"id":3681,"n":"Confit canard 4/5 cuisses Nos Régions ont du Talent 745g","p":22.49,"u":"30,19 €/KG","img":"https://fd15-photos.leclercdrive.fr/image.ashx?id=2723210&use=l&cat=p&typeid=i","cat":305149},{"id":3694,"n":"Pâtes Torti Legumes Panzani - 500G","p":2.19,"u":"4,38 €/KG","img":"https://fd15-photos.leclercdrive.fr/image.ashx?id=2876032&use=l&cat=p&typeid=i","cat":284427},{"id":3699,"n":"Café moulu Bio Village Bio Amérique latine - 250g","p":6.95,"u":"27,80 €/KG","img":"https://fd15-photos.leclercdrive.fr/image.ashx?id=2603713&use=l&cat=p&typeid=i","cat":284750},{"id":3710,"n":"Cassoulet La Belle Chaurienne Porc - 420g","p":3.99,"u":"9,50 €/KG","img":"https://fd15-photos.leclercdrive.fr/image.ashx?id=2837358&use=l&cat=p&typeid=i","cat":284440},{"id":3712,"n":"Emincé poulet Côté Table Sauce curry - 300g","p":3.45,"u":"11,50 €/KG","img":"https://fd15-photos.leclercdrive.fr/image.ashx?id=2393857&use=l&cat=p&typeid=i","cat":284953},{"id":3713,"n":"Huile d'olive Rustica Vierge extra - 50cl","p":4.99,"u":"9,98 €/L","img":"https://fd15-photos.leclercdrive.fr/image.ashx?id=2898014&use=l&cat=p&typeid=i","cat":284453},{"id":3714,"n":"Serviette hygiénique Doulys Ultra minces - Normal - x16","p":2.1,"u":"0,13 €/P","img":"https://fd15-photos.leclercdrive.fr/image.ashx?id=2838924&use=l&cat=p&typeid=i","cat":284624},{"id":3716,"n":"Pizza cuite sur pierre Turini Royale - 400g","p":4.29,"u":"10,73 €/KG","img":"https://fd15-photos.leclercdrive.fr/image.ashx?id=2815205&use=l&cat=p&typeid=i","cat":284256},{"id":3736,"n":"Chocolat Pâtissier Menier Tablette Noir - 200g","p":2.65,"u":"13,25 €/KG","img":"https://fd15-photos.leclercdrive.fr/image.ashx?id=2624146&use=l&cat=p&typeid=i","cat":285562},{"id":3741,"n":"Biscottes fourrées Cracotte LU  Fraise - 200g","p":3.25,"u":"16,25 €/KG","img":"https://fd15-photos.leclercdrive.fr/image.ashx?id=3004807&use=l&cat=p&typeid=i","cat":284479},{"id":3743,"n":"Mini brownie Brossard Chocolat pépites x8 - 240g","p":4.49,"u":"18,71 €/KG","img":"https://fd15-photos.leclercdrive.fr/image.ashx?id=2965100&use=l&cat=p&typeid=i","cat":294776},{"id":3748,"n":"Soufflés Grignot' Tokapi  Saveur Fromage - 90g","p":1.0,"u":"11,11 €/KG","img":"https://fd15-photos.leclercdrive.fr/image.ashx?id=1956625&use=l&cat=p&typeid=i","cat":284449},{"id":3754,"n":"Crackers Tuc Bacon - 100g","p":1.69,"u":"16,90 €/KG","img":"https://fd15-photos.leclercdrive.fr/image.ashx?id=3002198&use=l&cat=p&typeid=i","cat":297000},{"id":3755,"n":"Mini-flûtes feuilletées Tokapi Emmental - 100g","p":1.75,"u":"17,50 €/KG","img":"https://fd15-photos.leclercdrive.fr/image.ashx?id=2374652&use=l&cat=p&typeid=i","cat":297000},{"id":3756,"n":"Mélange Exotique Tokapi  Bananes et papaye - 120g","p":1.49,"u":"12,42 €/KG","img":"https://fd15-photos.leclercdrive.fr/image.ashx?id=2793991&use=l&cat=p&typeid=i","cat":284448},{"id":3758,"n":"Sachet repas chats Gourmet 4 variétés de filets - 4x85g","p":3.75,"u":"11,03 €/KG","img":"https://fd15-photos.leclercdrive.fr/image.ashx?id=2902274&use=l&cat=p&typeid=i","cat":285286},{"id":3759,"n":"Sachet repas chats Gourmet Filets en sachet - 4x85g","p":3.7,"u":"10,88 €/KG","img":"https://fd15-photos.leclercdrive.fr/image.ashx?id=2902337&use=l&cat=p&typeid=i","cat":285286},{"id":3773,"n":"Feuilletés paniers Côté Table Jambon fromage - 4x100g","p":4.68,"u":"11,70 €/KG","img":"https://fd15-photos.leclercdrive.fr/image.ashx?id=2549382&use=l&cat=p&typeid=i","cat":319776},{"id":3775,"n":"Feuilletés paniers Côté Table Fromage de chèvre - 4x100g","p":4.69,"u":"11,73 €/KG","img":"https://fd15-photos.leclercdrive.fr/image.ashx?id=2549385&use=l&cat=p&typeid=i","cat":319776},{"id":3777,"n":"Légumes couscous Notre jardin 1kg","p":1.86,"u":"1,86 €/KG","img":"https://fd15-photos.leclercdrive.fr/image.ashx?id=2900031&use=l&cat=p&typeid=i","cat":319823},{"id":3784,"n":"Coquilles poisson Côté Table Et fruits de mer x6 - 660g","p":8.59,"u":"13,02 €/KG","img":"https://fd15-photos.leclercdrive.fr/image.ashx?id=2990092&use=l&cat=p&typeid=i","cat":319775},{"id":3786,"n":"Poisson pané Pêche Océan MSC - x20 - 1kg","p":13.45,"u":"13,45 €/KG","img":"https://fd15-photos.leclercdrive.fr/image.ashx?id=2930105&use=l&cat=p&typeid=i","cat":319788},{"id":3789,"n":"Pavés de saumon Pêche Océan ASC - 2x125g","p":8.95,"u":"35,80 €/KG","img":"https://fd15-photos.leclercdrive.fr/image.ashx?id=2953719&use=l&cat=p&typeid=i","cat":319786},{"id":3794,"n":"Poisson pané Pêche Océan - MSC Colin d'alaska - x8 - 400g","p":4.49,"u":"11,23 €/KG","img":"https://fd15-photos.leclercdrive.fr/image.ashx?id=2930090&use=l&cat=p&typeid=i","cat":319788},{"id":3795,"n":"Poisson pané Pêche Océan Cabillaud - MSC - x8 400g","p":8.69,"u":"21,73 €/KG","img":"https://fd15-photos.leclercdrive.fr/image.ashx?id=2930093&use=l&cat=p&typeid=i","cat":319788},{"id":3796,"n":"Croquettes poisson Pêche Océan MSC - x6 - 300g","p":2.69,"u":"8,97 €/KG","img":"https://fd15-photos.leclercdrive.fr/image.ashx?id=2856157&use=l&cat=p&typeid=i","cat":319788},{"id":3797,"n":"Brandade morue Côté Table 1kg","p":6.39,"u":"6,39 €/KG","img":"https://fd15-photos.leclercdrive.fr/image.ashx?id=2047028&use=l&cat=p&typeid=i","cat":284254},{"id":3810,"n":"Epinards Notre Jardin Branches A la crème fraîche 1kg","p":2.85,"u":"2,85 €/KG","img":"https://fd15-photos.leclercdrive.fr/image.ashx?id=2873081&use=l&cat=p&typeid=i","cat":319805},{"id":3828,"n":"Pansements Mercurochrome Economiques x20","p":2.75,"img":"https://fd15-photos.leclercdrive.fr/image.ashx?id=2748269&use=l&cat=p&typeid=i","cat":284630},{"id":3844,"n":"Sirop érable Maple Joe Du Canada - 250g","p":5.9,"u":"23,60 €/KG","img":"https://fd15-photos.leclercdrive.fr/image.ashx?id=2656559&use=l&cat=p&typeid=i","cat":287643},{"id":3862,"n":"Cacahuètes grillées Tokapi Salées - 500g","p":2.62,"u":"5,24 €/KG","img":"https://fd15-photos.leclercdrive.fr/image.ashx?id=2795532&use=l&cat=p&typeid=i","cat":284448},{"id":3864,"n":"Jus multifruits Jafaden 12 fruits - 1L","p":2.5,"u":"2,50 €/L","img":"https://fd15-photos.leclercdrive.fr/image.ashx?id=2461387&use=l&cat=p&typeid=i","cat":284917},{"id":3871,"n":"Pain grillé Pelletier Blé complet - 500g","p":3.99,"u":"7,98 €/KG","img":"https://fd15-photos.leclercdrive.fr/image.ashx?id=2345376&use=l&cat=p&typeid=i","cat":284479},{"id":3916,"n":"Steak haché 12%mg Bio Charal Viande bovine - 200g","p":8.15,"u":"40,75 €/KG","img":"https://fd15-photos.leclercdrive.fr/image.ashx?id=1912553&use=l&cat=p&typeid=i","cat":284332},{"id":3917,"n":"Viande Bovine Française Charal: Pavé aux 3 poivres x2 - 260g","p":12.35,"u":"47,50 €/KG","img":"https://fd15-photos.leclercdrive.fr/image.ashx?id=2311195&use=l&cat=p&typeid=i","cat":284328},{"id":3918,"n":"Viande Bovine Française Charal Pavé à l'échalote x2 - 260g","p":12.35,"u":"47,50 €/KG","img":"https://fd15-photos.leclercdrive.fr/image.ashx?id=2311198&use=l&cat=p&typeid=i","cat":284328},{"id":3921,"n":"Carpaccio au Parmesan Charal - 230g","p":12.14,"u":"52,78 €/KG","img":"https://fd15-photos.leclercdrive.fr/image.ashx?id=2482174&use=l&cat=p&typeid=i","cat":284328},{"id":3944,"n":"Jus multifruits Jafaden Briquettes - 6x20cl","p":3.59,"u":"2,99 €/L","img":"https://fd15-photos.leclercdrive.fr/image.ashx?id=2751880&use=l&cat=p&typeid=i","cat":284524},{"id":3946,"n":"Pâtes Barilla Spaghettoni n°7 - 500g","p":1.65,"u":"3,30 €/KG","img":"https://fd15-photos.leclercdrive.fr/image.ashx?id=2392221&use=l&cat=p&typeid=i","cat":284427},{"id":3951,"n":"Sucre vanillé Tablier blanc x10 75g","p":1.2,"u":"16,00 €/KG","img":"https://fd15-photos.leclercdrive.fr/image.ashx?id=2487431&use=l&cat=p&typeid=i","cat":294686},{"id":3952,"n":"Sucre Confisuc Saint Louis Spécial confiture - 1kg","p":4.1,"u":"4,10 €/KG","img":"https://fd15-photos.leclercdrive.fr/image.ashx?id=2019969&use=l&cat=p&typeid=i","cat":284502},{"id":3954,"n":"Bonbons La Vosgienne Sève de pin - 125g","p":3.08,"u":"24,64 €/KG","img":"https://fd15-photos.leclercdrive.fr/image.ashx?id=2490419&use=l&cat=p&typeid=i","cat":304256},{"id":3955,"n":"Ravioli pur bœuf  Panzani - 400g","p":2.99,"u":"7,48 €/KG","img":"https://fd15-photos.leclercdrive.fr/image.ashx?id=2876050&use=l&cat=p&typeid=i","cat":284442},{"id":3956,"n":"Confit canard 2 cuisses NRT 425g","p":15.75,"u":"37,06 €/KG","img":"https://fd15-photos.leclercdrive.fr/image.ashx?id=2430145&use=l&cat=p&typeid=i","cat":284440},{"id":3960,"n":"Haricots Mungo  Notre Jardin 3x90g","p":2.89,"u":"10,70 €/KG","img":"https://fd15-photos.leclercdrive.fr/image.ashx?id=2174678&use=l&cat=p&typeid=i","cat":312611},{"id":3962,"n":"Cèpes extra Borde 455g","p":14.99,"u":"32,95 €/KG","img":"https://fd15-photos.leclercdrive.fr/image.ashx?id=2411740&use=l&cat=p&typeid=i","cat":312610},{"id":3980,"n":"Sauce bolognaise Turini 680g","p":3.57,"u":"5,25 €/KG","img":"https://fd15-photos.leclercdrive.fr/image.ashx?id=2634863&use=l&cat=p&typeid=i","cat":287599},{"id":3981,"n":"Petits pois carottes Extra fins Notre Jardin - 3x130g","p":2.49,"u":"6,38 €/KG","img":"https://fd15-photos.leclercdrive.fr/image.ashx?id=2987967&use=l&cat=p&typeid=i","cat":312607},{"id":3983,"n":"Flageolets verts Notre Jardin Extra fins - 3x130g","p":2.65,"u":"6,79 €/KG","img":"https://fd15-photos.leclercdrive.fr/image.ashx?id=2573199&use=l&cat=p&typeid=i","cat":312606},{"id":3989,"n":"Soda Jean's Cola  2L","p":2.89,"u":"1,45 €/L","img":"https://fd15-photos.leclercdrive.fr/image.ashx?id=2699423&use=l&cat=p&typeid=i","cat":284530},{"id":3991,"n":"Tarte aux 3 fromages Côté Table - 400g","p":4.09,"u":"10,23 €/KG","img":"https://fd15-photos.leclercdrive.fr/image.ashx?id=2791707&use=l&cat=p&typeid=i","cat":284257},{"id":3994,"n":"Tourte Côté Table Champignon jambon - 500g","p":5.15,"u":"10,30 €/KG","img":"https://fd15-photos.leclercdrive.fr/image.ashx?id=2361730&use=l&cat=p&typeid=i","cat":284257},{"id":3996,"n":"Hachis parmentier Côté table 600g","p":3.95,"u":"6,58 €/KG","img":"https://fd15-photos.leclercdrive.fr/image.ashx?id=2045181&use=l&cat=p&typeid=i","cat":284254},{"id":3997,"n":"Hachis parmentier Côté table 1kg","p":5.99,"u":"5,99 €/KG","img":"https://fd15-photos.leclercdrive.fr/image.ashx?id=2045172&use=l&cat=p&typeid=i","cat":284254},{"id":3999,"n":"Crêpes Côté Table Champignons x6 - 300g","p":2.69,"u":"8,97 €/KG","img":"https://fd15-photos.leclercdrive.fr/image.ashx?id=2499352&use=l&cat=p&typeid=i","cat":319776},{"id":4000,"n":"Quiche lorraine Côté Table Mini - 8x100g","p":7.99,"u":"9,99 €/KG","img":"https://fd15-photos.leclercdrive.fr/image.ashx?id=2869787&use=l&cat=p&typeid=i","cat":284257},{"id":4001,"n":"Gratin d'aubergines Côté Table 450g","p":4.55,"u":"10,11 €/KG","img":"https://fd15-photos.leclercdrive.fr/image.ashx?id=1983436&use=l&cat=p&typeid=i","cat":319802},{"id":4003,"n":"Coquilles Saint-Jacques NRT baie de St-Brieuc x2 - 200g","p":12.15,"u":"60,75 €/KG","img":"https://fd15-photos.leclercdrive.fr/image.ashx?id=2711091&use=l&cat=p&typeid=i","cat":319775},{"id":4007,"n":"Macédoine légumes Notre jardin 1kg","p":2.2,"u":"2,20 €/KG","img":"https://fd15-photos.leclercdrive.fr/image.ashx?id=2873075&use=l&cat=p&typeid=i","cat":319823},{"id":4008,"n":"Julienne légumes Notre jardin 600g","p":1.66,"u":"2,77 €/KG","img":"https://fd15-photos.leclercdrive.fr/image.ashx?id=2900073&use=l&cat=p&typeid=i","cat":319823},{"id":4009,"n":"Printanière légumes Notre jardin 1kg","p":2.05,"u":"2,05 €/KG","img":"https://fd15-photos.leclercdrive.fr/image.ashx?id=2873030&use=l&cat=p&typeid=i","cat":319823},{"id":4014,"n":"Gratin choux fleurs Côté Table 450g","p":4.1,"u":"9,11 €/KG","img":"https://fd15-photos.leclercdrive.fr/image.ashx?id=1977356&use=l&cat=p&typeid=i","cat":319802},{"id":4022,"n":"Fricassée de poulet Côté table Riz et légumes 900g","p":8.59,"u":"9,54 €/KG","img":"https://fd15-photos.leclercdrive.fr/image.ashx?id=1913123&use=l&cat=p&typeid=i","cat":284254},{"id":4024,"n":"Sauce crudité Rustica Nature - 50cl","p":1.5,"u":"3,00 €/L","img":"https://fd15-photos.leclercdrive.fr/image.ashx?id=1972910&use=l&cat=p&typeid=i","cat":284456},{"id":4025,"n":"Pois chiches Notre Jardin 530g","p":1.55,"u":"2,92 €/KG","img":"https://fd15-photos.leclercdrive.fr/image.ashx?id=2988006&use=l&cat=p&typeid=i","cat":312609},{"id":4026,"n":"Cuisses poulet rôti Le gaulois x2 - 350g","p":7.2,"u":"20,57 €/KG","img":"https://fd15-photos.leclercdrive.fr/image.ashx?id=2277122&use=l&cat=p&typeid=i","cat":284336},{"id":4028,"n":"Filets poulet rôti Le gaulois 230g","p":4.9,"u":"21,30 €/KG","img":"https://fd15-photos.leclercdrive.fr/image.ashx?id=2686879&use=l&cat=p&typeid=i","cat":284336},{"id":4063,"n":"Cidre bouché Les Goelleries Normand doux 2%vol. - 75cl","p":3.17,"u":"4,23 €/L","img":"https://fd15-photos.leclercdrive.fr/image.ashx?id=2842202&use=l&cat=p&typeid=i","cat":334880},{"id":4101,"n":"Pâtes coquillettes Panzani 1kg","p":2.75,"u":"2,75 €/KG","img":"https://fd15-photos.leclercdrive.fr/image.ashx?id=2873823&use=l&cat=p&typeid=i","cat":284427},{"id":4120,"n":"Bouchées chocolatées Mon Chéri Liqueur cerise x16 - 168g","p":6.18,"u":"36,79 €/KG","img":"https://fd15-photos.leclercdrive.fr/image.ashx?id=2964018&use=l&cat=p&typeid=i","cat":327601},{"id":4141,"n":"Infusion Tiséa réglisse menthe x25","p":1.99,"u":"49,75 €/KG","img":"https://fd15-photos.leclercdrive.fr/image.ashx?id=2553908&use=l&cat=p&typeid=i","cat":293234},{"id":4193,"n":"Noix NRT 500g","p":4.2,"u":"8,40 €/KG","img":"https://fd15-photos.leclercdrive.fr/image.ashx?id=2321947&use=l&cat=p&typeid=i","cat":284357},{"id":4196,"n":"Aubergine  1kg","p":2.25,"u":"2,25 €/KG","img":"https://fd15-photos.leclercdrive.fr/image.ashx?id=1631409&use=l&cat=p&typeid=i","cat":284352},{"id":4241,"n":"Tarte Tatin Autour du Dessert 600g","p":6.79,"u":"11,32 €/KG","img":"https://fd15-photos.leclercdrive.fr/image.ashx?id=2062480&use=l&cat=p&typeid=i","cat":284267},{"id":4242,"n":"Vacherin Eskiss Vanille framboise - 535g","p":7.09,"u":"13,25 €/KG","img":"https://fd15-photos.leclercdrive.fr/image.ashx?id=2119121&use=l&cat=p&typeid=i","cat":284266},{"id":4243,"n":"Tarte citron meringuée Trofic 500g","p":5.85,"u":"11,70 €/KG","img":"https://fd15-photos.leclercdrive.fr/image.ashx?id=2062477&use=l&cat=p&typeid=i","cat":284267},{"id":4249,"n":"Crème glacée Eskiss Chocolat noir - 494g","p":3.45,"u":"6,98 €/KG","img":"https://fd15-photos.leclercdrive.fr/image.ashx?id=2698162&use=l&cat=p&typeid=i","cat":284263},{"id":4250,"n":"Crème glacée Eskiss Café - 494g","p":4.29,"u":"8,68 €/KG","img":"https://fd15-photos.leclercdrive.fr/image.ashx?id=2982577&use=l&cat=p&typeid=i","cat":284263},{"id":4255,"n":"Crème glacée Eskiss Rhum raisin - 494g","p":3.95,"u":"8,00 €/KG","img":"https://fd15-photos.leclercdrive.fr/image.ashx?id=2982589&use=l&cat=p&typeid=i","cat":284263},{"id":4257,"n":"Flammekueche d'Alsace surgelé NRT - 2x250g","p":5.49,"u":"10,98 €/KG","img":"https://fd15-photos.leclercdrive.fr/image.ashx?id=2779301&use=l&cat=p&typeid=i","cat":284257},{"id":4258,"n":"Glace Tyrolia Eskiss 320g","p":2.85,"u":"8,91 €/KG","img":"https://fd15-photos.leclercdrive.fr/image.ashx?id=2075663&use=l&cat=p&typeid=i","cat":284266},{"id":4259,"n":"Pâtes spaghetti Panzani 1kg","p":3.17,"u":"3,17 €/KG","img":"https://fd15-photos.leclercdrive.fr/image.ashx?id=2869555&use=l&cat=p&typeid=i","cat":284427},{"id":4260,"n":"Biscuits sablés P'tit Déli Chocolat au lait - 200g","p":1.89,"u":"9,45 €/KG","img":"https://fd15-photos.leclercdrive.fr/image.ashx?id=2768457&use=l&cat=p&typeid=i","cat":284488},{"id":4262,"n":"Thon en tranche  Pêche Océan Naturel - 140g","p":3.25,"u":"23,21 €/KG","img":"https://fd15-photos.leclercdrive.fr/image.ashx?id=2941390&use=l&cat=p&typeid=i","cat":303867},{"id":4288,"n":"Boisson apéritif Voltano Base de vin Bianco 14.4%vol 1L","p":11.9,"u":"11,90 €/L","img":"https://fd15-photos.leclercdrive.fr/image.ashx?id=2843782&use=l&cat=p&typeid=i","cat":284913},{"id":4289,"n":"Boisson apéritif Voltano Base de vin rosso 14.4%vol 1L","p":7.99,"u":"7,99 €/L","img":"https://fd15-photos.leclercdrive.fr/image.ashx?id=2843785&use=l&cat=p&typeid=i","cat":284913},{"id":4346,"n":"Crêpes Côté Table Fromage x6 - 300g","p":2.35,"u":"7,83 €/KG","img":"https://fd15-photos.leclercdrive.fr/image.ashx?id=2932399&use=l&cat=p&typeid=i","cat":319776},{"id":4357,"n":"Glace à l'eau Yéti 5 parfums x24 - 1.160kg","p":4.93,"u":"4,25 €/KG","img":"https://fd15-photos.leclercdrive.fr/image.ashx?id=2733796&use=l&cat=p&typeid=i","cat":285250},{"id":4369,"n":"Gel wc menthe pin Uni Vert 750ml","p":1.99,"u":"2,65 €/L","img":"https://fd15-photos.leclercdrive.fr/image.ashx?id=2965446&use=l&cat=p&typeid=i","cat":284662},{"id":4381,"n":"Safran poudre Rustica 3 doses de 0,1g","p":2.99,"img":"https://fd15-photos.leclercdrive.fr/image.ashx?id=2797769&use=l&cat=p&typeid=i","cat":298297},{"id":4407,"n":"Biscuits duo glacier P'tit Déli 100g","p":1.69,"u":"16,90 €/KG","img":"https://fd15-photos.leclercdrive.fr/image.ashx?id=2874687&use=l&cat=p&typeid=i","cat":284487},{"id":4412,"n":"Boisson énergisante Red Bull 250ml","p":2.1,"u":"8,40 €/L","img":"https://fd15-photos.leclercdrive.fr/image.ashx?id=2340300&use=l&cat=p&typeid=i","cat":284533},{"id":4423,"n":"Sauce béarnaise Charal 120g","p":2.79,"u":"23,25 €/KG","img":"https://fd15-photos.leclercdrive.fr/image.ashx?id=2105011&use=l&cat=p&typeid=i","cat":284382},{"id":4425,"n":"Sauce aux 3 poivres Charal 2 personnes - 120g","p":2.79,"u":"23,25 €/KG","img":"https://fd15-photos.leclercdrive.fr/image.ashx?id=2105014&use=l&cat=p&typeid=i","cat":284382},{"id":4426,"n":"Sauce au Roquefort Charal 2 personnes - 120g","p":2.79,"u":"23,25 €/KG","img":"https://fd15-photos.leclercdrive.fr/image.ashx?id=2881329&use=l&cat=p&typeid=i","cat":284382},{"id":4427,"n":"Sauce Forestière Charal 2 personnes - 120g","p":2.79,"u":"23,25 €/KG","img":"https://fd15-photos.leclercdrive.fr/image.ashx?id=2558957&use=l&cat=p&typeid=i","cat":284382},{"id":4458,"n":"Pâtes cheveux d'anges Panzani 500g","p":1.85,"u":"3,70 €/KG","img":"https://fd15-photos.leclercdrive.fr/image.ashx?id=2896069&use=l&cat=p&typeid=i","cat":284427},{"id":4468,"n":"Boisson énergisante Red Bull 4x250ml","p":7.4,"u":"7,40 €/L","img":"https://fd15-photos.leclercdrive.fr/image.ashx?id=3011977&use=l&cat=p&typeid=i","cat":284533},{"id":4496,"n":"Ruban adhésif Esquisse transparent + dévidoir - 25m","p":1.79,"img":"https://fd15-photos.leclercdrive.fr/image.ashx?id=1928791&use=l&cat=p&typeid=i","cat":334133},{"id":4507,"n":"Enveloppes adhésives Eco+ 11x22cm 70g - x100","p":2.09,"u":"0,02 €/P","img":"https://fd15-photos.leclercdrive.fr/image.ashx?id=1699666&use=l&cat=p&typeid=i","cat":284697},{"id":4511,"n":"Pochettes perforées Eco+ 21x29.7cm - x100","p":1.77,"u":"0,02 €/P","img":"https://fd15-photos.leclercdrive.fr/image.ashx?id=2943124&use=l&cat=p&typeid=i","cat":284745},{"id":4512,"n":"Pur jus orange Jafaden Sans pulpe - 1L","p":3.25,"u":"3,25 €/L","img":"https://fd15-photos.leclercdrive.fr/image.ashx?id=2916668&use=l&cat=p&typeid=i","cat":285435},{"id":4518,"n":"Pomme de terre de consommation N.Jardin entières, épluch. 500g","p":1.55,"u":"3,10 €/KG","img":"https://fd15-photos.leclercdrive.fr/image.ashx?id=2694088&use=l&cat=p&typeid=i","cat":284352},{"id":4519,"n":"Bande à découper Primoplast Multi-usages - 10x6cm","p":1.1,"img":"https://fd15-photos.leclercdrive.fr/image.ashx?id=2885560&use=l&cat=p&typeid=i","cat":284630},{"id":4524,"n":"Filtre café Eco+ N°4 - x100","p":1.9,"u":"0,02 €/P","img":"https://fd15-photos.leclercdrive.fr/image.ashx?id=2756986&use=l&cat=p&typeid=i","cat":284751},{"id":4539,"n":"Eau de toilette Brut original 100ml","p":11.05,"u":"110,50 €/L","img":"https://fd15-photos.leclercdrive.fr/image.ashx?id=2061774&use=l&cat=p&typeid=i","cat":287740},{"id":4543,"n":"Gel Lubrifiant Intime Durex Sensitive base Eau 50ml","p":7.66,"u":"153,20 €/L","img":"https://fd15-photos.leclercdrive.fr/image.ashx?id=2961200&use=l&cat=p&typeid=i","cat":285160},{"id":4554,"n":"Sot l'y laisse Le Gaulois Dinde - 250g","p":5.5,"u":"22,00 €/KG","img":"https://fd15-photos.leclercdrive.fr/image.ashx?id=2732740&use=l&cat=p&typeid=i","cat":284715},{"id":4574,"n":"Haché à la tomate Charal 10x100g - 1kg","p":11.99,"u":"11,99 €/KG","img":"https://fd15-photos.leclercdrive.fr/image.ashx?id=2731744&use=l&cat=p&typeid=i","cat":319778},{"id":4583,"n":"Sucre vanillé Vahiné Madagascar - 5x7,5g","p":1.75,"u":"46,05 €/KG","img":"https://fd15-photos.leclercdrive.fr/image.ashx?id=2489190&use=l&cat=p&typeid=i","cat":294686},{"id":4596,"n":"Poivron doux vert  1kg","p":5.99,"u":"5,99 €/KG","img":"https://fd15-photos.leclercdrive.fr/image.ashx?id=1633079&use=l&cat=p&typeid=i","cat":284352},{"id":4621,"n":"Epis de maïs précuits Lunor 400g","p":2.62,"u":"6,55 €/KG","img":"https://fd15-photos.leclercdrive.fr/image.ashx?id=1876658&use=l&cat=p&typeid=i","cat":284352},{"id":4622,"n":"Betterave Notre Jardin En cubes - 500g","p":1.25,"u":"2,50 €/KG","img":"https://fd15-photos.leclercdrive.fr/image.ashx?id=2551621&use=l&cat=p&typeid=i","cat":284352},{"id":4624,"n":"Dattes Couleurs Vives 500g","p":3.75,"u":"7,50 €/KG","img":"https://fd15-photos.leclercdrive.fr/image.ashx?id=2542926&use=l&cat=p&typeid=i","cat":284357},{"id":4625,"n":"Arachides coques Couleurs Vives Grillées - 500g","p":3.49,"u":"6,98 €/KG","img":"https://fd15-photos.leclercdrive.fr/image.ashx?id=2886439&use=l&cat=p&typeid=i","cat":284448},{"id":4626,"n":"Vinaigrette Rustica Nature - 50cl","p":1.19,"u":"2,38 €/L","img":"https://fd15-photos.leclercdrive.fr/image.ashx?id=1972898&use=l&cat=p&typeid=i","cat":284456},{"id":4627,"n":"Vinaigre de Xérès Rustica 50cl","p":2.48,"u":"4,96 €/L","img":"https://fd15-photos.leclercdrive.fr/image.ashx?id=2603581&use=l&cat=p&typeid=i","cat":298543},{"id":4628,"n":"Moutarde de Dijon Rustica  Fine et forte - 440g","p":1.99,"u":"4,52 €/KG","img":"https://fd15-photos.leclercdrive.fr/image.ashx?id=2954340&use=l&cat=p&typeid=i","cat":288850},{"id":4629,"n":"Moutarde à l'ancienne Rustica Vinaigre - 350g","p":1.66,"u":"4,74 €/KG","img":"https://fd15-photos.leclercdrive.fr/image.ashx?id=2055467&use=l&cat=p&typeid=i","cat":288850},{"id":4631,"n":"Confit foie volaille Côté Table Au porto - 180g","p":2.1,"u":"11,67 €/KG","img":"https://fd15-photos.leclercdrive.fr/image.ashx?id=2476107&use=l&cat=p&typeid=i","cat":305149},{"id":4640,"n":"Petits pois carottes Notre Jard Extra fins - 420g","p":1.99,"u":"4,74 €/KG","img":"https://fd15-photos.leclercdrive.fr/image.ashx?id=2987943&use=l&cat=p&typeid=i","cat":312607},{"id":4641,"n":"Croquettes chaton Purina One Junior - Poulet/Céréales - 450g","p":4.6,"u":"10,22 €/KG","img":"https://fd15-photos.leclercdrive.fr/image.ashx?id=2499883&use=l&cat=p&typeid=i","cat":284680},{"id":4667,"n":"Yaourts Mamie Nova Ananas passion - 2x150g","p":1.99,"u":"6,63 €/KG","img":"https://fd15-photos.leclercdrive.fr/image.ashx?id=2886960&use=l&cat=p&typeid=i","cat":284410},{"id":4679,"n":"Gel WC nettoyant Syphon Javel eucalyptus - 750ml","p":1.25,"u":"1,67 €/L","img":"https://fd15-photos.leclercdrive.fr/image.ashx?id=2663359&use=l&cat=p&typeid=i","cat":284662},{"id":4682,"n":"Petits pois Notre Jardin A l'étuvée - Extra fins - 445g","p":1.99,"u":"4,47 €/KG","img":"https://fd15-photos.leclercdrive.fr/image.ashx?id=2987940&use=l&cat=p&typeid=i","cat":312607},{"id":4688,"n":"Pâtes Blé complet Barilla Penne Rigate Integrale - 500g","p":2.19,"u":"4,38 €/KG","img":"https://fd15-photos.leclercdrive.fr/image.ashx?id=2986954&use=l&cat=p&typeid=i","cat":284427},{"id":4706,"n":"Persil plat la botte  1 p","p":2.0,"img":"https://fd15-photos.leclercdrive.fr/image.ashx?id=563967&use=l&cat=p&typeid=i","cat":293607},{"id":4727,"n":"Chocolat au lait Tablette d'Or Raisins secs & Noisettes - 200g","p":3.11,"u":"15,55 €/KG","img":"https://fd15-photos.leclercdrive.fr/image.ashx?id=2578629&use=l&cat=p&typeid=i","cat":284497},{"id":4863,"n":"Tampons Doulys Digitaux Normal - x24","p":2.63,"u":"0,11 €/P","img":"https://fd15-photos.leclercdrive.fr/image.ashx?id=2965398&use=l&cat=p&typeid=i","cat":284626},{"id":4876,"n":"Petits pots bébé NATURNES Carottes 4M+ - 2x130g","p":1.75,"u":"6,73 €/KG","img":"https://fd15-photos.leclercdrive.fr/image.ashx?id=2522398&use=l&cat=p&typeid=i","cat":312234},{"id":4877,"n":"Petits pots bébé NATURNES Haricots Verts 4M+ - 2x130g","p":1.5,"u":"5,77 €/KG","img":"https://fd15-photos.leclercdrive.fr/image.ashx?id=2522401&use=l&cat=p&typeid=i","cat":312234},{"id":4878,"n":"Petits pots bébé NATURNES Petits Pois 4M+ - 2x130g","p":1.5,"u":"5,77 €/KG","img":"https://fd15-photos.leclercdrive.fr/image.ashx?id=2536182&use=l&cat=p&typeid=i","cat":312234},{"id":4879,"n":"Petits pots bébé NATURNES Courgettes 4M+ - 2x130g","p":1.75,"u":"6,73 €/KG","img":"https://fd15-photos.leclercdrive.fr/image.ashx?id=2532249&use=l&cat=p&typeid=i","cat":312234},{"id":4880,"n":"Petits pots bébé NATURNES Epinards 4M+ - 2x130g","p":2.3,"u":"8,85 €/KG","img":"https://fd15-photos.leclercdrive.fr/image.ashx?id=2736973&use=l&cat=p&typeid=i","cat":312234},{"id":4881,"n":"Petits pots bébé NATURNES Potiron 4M+ - 2x130g","p":1.85,"u":"7,12 €/KG","img":"https://fd15-photos.leclercdrive.fr/image.ashx?id=2532252&use=l&cat=p&typeid=i","cat":312234},{"id":4902,"n":"Purée de fruit NATURNES Pomme coing 4M+ - 4x130g","p":3.65,"u":"7,02 €/KG","img":"https://fd15-photos.leclercdrive.fr/image.ashx?id=2478375&use=l&cat=p&typeid=i","cat":312387},{"id":4903,"n":"Purée de fruit NATURNES Pommes Pruneaux 4M+ - 4x130g","p":3.34,"u":"6,42 €/KG","img":"https://fd15-photos.leclercdrive.fr/image.ashx?id=2571770&use=l&cat=p&typeid=i","cat":312387},{"id":4905,"n":"Purée de fruit NATURNES Pomme banane 4M+ - 4x130g","p":3.29,"u":"6,33 €/KG","img":"https://fd15-photos.leclercdrive.fr/image.ashx?id=2599937&use=l&cat=p&typeid=i","cat":312387},{"id":4906,"n":"Purée de fruit NATURNES Pommes Poires 4M+ - 4x130g","p":3.61,"u":"6,94 €/KG","img":"https://fd15-photos.leclercdrive.fr/image.ashx?id=2672551&use=l&cat=p&typeid=i","cat":312387},{"id":4909,"n":"Purée de fruit NATURNES Fruits du soleil 8M+ - 4x130g","p":3.34,"u":"6,42 €/KG","img":"https://fd15-photos.leclercdrive.fr/image.ashx?id=2629647&use=l&cat=p&typeid=i","cat":312388},{"id":4910,"n":"Purée de fruit NATURNES 6M+ Pomme Fraise Myrtilles - 4x130g","p":4.96,"u":"9,54 €/KG","img":"https://fd15-photos.leclercdrive.fr/image.ashx?id=2478399&use=l&cat=p&typeid=i","cat":312388},{"id":4913,"n":"Dentifrice Signal Protection caries - 75ml","p":1.26,"u":"16,80 €/L","img":"https://fd15-photos.leclercdrive.fr/image.ashx?id=2287191&use=l&cat=p&typeid=i","cat":284612},{"id":4922,"n":"Cracotte Lu Craquinette Choco noisette - 216g","p":3.55,"u":"16,44 €/KG","img":"https://fd15-photos.leclercdrive.fr/image.ashx?id=2474206&use=l&cat=p&typeid=i","cat":284479},{"id":4936,"n":"Coussinet d'allaitement Tigex Ultra-absorbants x36","p":11.9,"img":"https://fd15-photos.leclercdrive.fr/image.ashx?id=2355533&use=l&cat=p&typeid=i","cat":289435},{"id":4950,"n":"Brosse & peigne Tigex x2","p":8.9,"img":"https://fd15-photos.leclercdrive.fr/image.ashx?id=2983198&use=l&cat=p&typeid=i","cat":289435},{"id":4957,"n":"Cuillère douce silicone Tigex Vert taille unique - 1 pièce","p":8.9,"img":"https://fd15-photos.leclercdrive.fr/image.ashx?id=1971299&use=l&cat=p&typeid=i","cat":289435},{"id":5015,"n":"Yaourts Les Zaros Délisse Fruits panachés - 16x125g","p":4.29,"u":"2,15 €/KG","img":"https://fd15-photos.leclercdrive.fr/image.ashx?id=2970444&use=l&cat=p&typeid=i","cat":284414},{"id":5016,"n":"Yaourts nature Déli'light 0% MG - 12x125g","p":3.69,"u":"2,46 €/KG","img":"https://fd15-photos.leclercdrive.fr/image.ashx?id=2922482&use=l&cat=p&typeid=i","cat":315000},{"id":5017,"n":"Betterave rouge Notre Jardin Entière cuite sous vide - 500g","p":1.67,"u":"3,34 €/KG","img":"https://fd15-photos.leclercdrive.fr/image.ashx?id=2885122&use=l&cat=p&typeid=i","cat":284352},{"id":5018,"n":"Yaourts Délisse Nature - 4x125g","p":1.35,"u":"2,70 €/KG","img":"https://fd15-photos.leclercdrive.fr/image.ashx?id=2922488&use=l&cat=p&typeid=i","cat":284409},{"id":5021,"n":"Crottin de chèvre Les Croisés 23%mg - 2x60g","p":2.62,"u":"21,83 €/KG","img":"https://fd15-photos.leclercdrive.fr/image.ashx?id=2891878&use=l&cat=p&typeid=i","cat":314031},{"id":5022,"n":"Graisse à frire Rustica végétale - 1kg","p":6.9,"u":"6,90 €/KG","img":"https://fd15-photos.leclercdrive.fr/image.ashx?id=2903941&use=l&cat=p&typeid=i","cat":315229},{"id":5023,"n":"Salade composée Notre Jardin Mélée gourmande - 200g","p":3.29,"u":"16,45 €/KG","img":"https://fd15-photos.leclercdrive.fr/image.ashx?id=2680827&use=l&cat=p&typeid=i","cat":284353},{"id":5024,"n":"Viande des grisons Saint Azay 10 tranches - 80g","p":5.39,"u":"67,38 €/KG","img":"https://fd15-photos.leclercdrive.fr/image.ashx?id=2848490&use=l&cat=p&typeid=i","cat":316007},{"id":5025,"n":"Salade Notre Jardin Jeunes pousses - 125g","p":3.49,"u":"27,92 €/KG","img":"https://fd15-photos.leclercdrive.fr/image.ashx?id=2720154&use=l&cat=p&typeid=i","cat":284353},{"id":5026,"n":"Ravioli Turini Boeuf aux oignons - 300g","p":2.49,"u":"8,30 €/KG","img":"https://fd15-photos.leclercdrive.fr/image.ashx?id=2778036&use=l&cat=p&typeid=i","cat":333682},{"id":5027,"n":"Crème fraiche épaisse Yoplait 30%mg - 20cl","p":1.99,"u":"9,95 €/L","img":"https://fd15-photos.leclercdrive.fr/image.ashx?id=2199551&use=l&cat=p&typeid=i","cat":284381},{"id":5031,"n":"Petits chèvres doux Les Croisés 200g","p":2.99,"u":"14,95 €/KG","img":"https://fd15-photos.leclercdrive.fr/image.ashx?id=2927179&use=l&cat=p&typeid=i","cat":314031},{"id":5039,"n":"Crème caramel Délisse 8x100g","p":6.49,"u":"8,11 €/KG","img":"https://fd15-photos.leclercdrive.fr/image.ashx?id=2466069&use=l&cat=p&typeid=i","cat":284419},{"id":5041,"n":"Fromage blanc Déli'light Nature 0% MG - 1kg","p":2.77,"u":"2,77 €/KG","img":"https://fd15-photos.leclercdrive.fr/image.ashx?id=2905213&use=l&cat=p&typeid=i","cat":315000},{"id":5042,"n":"Fromage raclette Les Croisés 3 variétés - 26%mg - 700g","p":13.19,"u":"18,84 €/KG","img":"https://fd15-photos.leclercdrive.fr/image.ashx?id=2791755&use=l&cat=p&typeid=i","cat":314037},{"id":5044,"n":"Fromage à tartiner Les Croisés  Ail et fines herbes 25%mg 150g","p":1.6,"u":"10,67 €/KG","img":"https://fd15-photos.leclercdrive.fr/image.ashx?id=2476122&use=l&cat=p&typeid=i","cat":314029},{"id":5046,"n":"Roquefort NRT AOP  Fromage de brebis -150g","p":3.95,"u":"26,33 €/KG","img":"https://fd15-photos.leclercdrive.fr/image.ashx?id=2771046&use=l&cat=p&typeid=i","cat":314032},{"id":5050,"n":"Sucre de canne Canadou 70cl","p":4.75,"u":"6,79 €/L","img":"https://fd15-photos.leclercdrive.fr/image.ashx?id=2534587&use=l&cat=p&typeid=i","cat":284551},{"id":5066,"n":"Amandes décortiquées Sun Apéro 500g","p":6.99,"u":"13,98 €/KG","img":"https://fd15-photos.leclercdrive.fr/image.ashx?id=2692164&use=l&cat=p&typeid=i","cat":284357},{"id":5078,"n":"Sucres morceaux Béghin Say n°4 1kg","p":3.25,"u":"3,25 €/KG","img":"https://fd15-photos.leclercdrive.fr/image.ashx?id=2860172&use=l&cat=p&typeid=i","cat":284502},{"id":5079,"n":"Sucre cristal Béghin Say 1kg","p":2.99,"u":"2,99 €/KG","img":"https://fd15-photos.leclercdrive.fr/image.ashx?id=2866343&use=l&cat=p&typeid=i","cat":284502},{"id":5080,"n":"Sucre poudre Béghin Say Etui 1kg","p":3.39,"u":"3,39 €/KG","img":"https://fd15-photos.leclercdrive.fr/image.ashx?id=2866346&use=l&cat=p&typeid=i","cat":284502},{"id":5081,"n":"Sucre poudre Béghin Say 1kg","p":3.49,"u":"3,49 €/KG","img":"https://fd15-photos.leclercdrive.fr/image.ashx?id=2866349&use=l&cat=p&typeid=i","cat":284502},{"id":5082,"n":"Sucre blanc Beghin Say Spécial confiture - 1kg","p":2.85,"u":"2,85 €/KG","img":"https://fd15-photos.leclercdrive.fr/image.ashx?id=2666761&use=l&cat=p&typeid=i","cat":284502},{"id":5083,"n":"Sucre canne Blonvilliers Béghin Say morceaux 1kg","p":4.0,"u":"4,00 €/KG","img":"https://fd15-photos.leclercdrive.fr/image.ashx?id=2962281&use=l&cat=p&typeid=i","cat":284502},{"id":5090,"n":"Pepites de chocolat noir Vahiné - 100g","p":3.6,"u":"36,00 €/KG","img":"https://fd15-photos.leclercdrive.fr/image.ashx?id=2529282&use=l&cat=p&typeid=i","cat":284504},{"id":5102,"n":"Cacahuètes Maître Prunille Chouchou sucrées - 500g","p":8.25,"u":"16,50 €/KG","img":"https://fd15-photos.leclercdrive.fr/image.ashx?id=2234018&use=l&cat=p&typeid=i","cat":284357},{"id":5103,"n":"Biscuits Maître Prunille Japonais - 250g","p":5.39,"u":"21,56 €/KG","img":"https://fd15-photos.leclercdrive.fr/image.ashx?id=2234021&use=l&cat=p&typeid=i","cat":316002},{"id":5107,"n":"Huile d'arachide Rustica  1L","p":4.88,"u":"4,88 €/L","img":"https://fd15-photos.leclercdrive.fr/image.ashx?id=2512475&use=l&cat=p&typeid=i","cat":284453},{"id":5110,"n":"Pâtes Coquillettes Turini  1kg","p":2.01,"u":"2,01 €/KG","img":"https://fd15-photos.leclercdrive.fr/image.ashx?id=2980441&use=l&cat=p&typeid=i","cat":284427},{"id":5111,"n":"Couscous Comptoir du grain Grain fin - 500g","p":1.31,"u":"2,62 €/KG","img":"https://fd15-photos.leclercdrive.fr/image.ashx?id=3012806&use=l&cat=p&typeid=i","cat":284429},{"id":5114,"n":"Filet de harengs Pêche Océan MSC - Au naturel - 200g","p":2.99,"u":"14,95 €/KG","img":"https://fd15-photos.leclercdrive.fr/image.ashx?id=2694212&use=l&cat=p&typeid=i","cat":285190},{"id":5115,"n":"Biscuits Croustillants Tokapi Bacon-  85g","p":1.65,"u":"19,41 €/KG","img":"https://fd15-photos.leclercdrive.fr/image.ashx?id=2632837&use=l&cat=p&typeid=i","cat":297000},{"id":5116,"n":"Crème de pêche Auguste Muniot 15%vol. - 50cl","p":5.75,"u":"11,50 €/L","img":"https://fd15-photos.leclercdrive.fr/image.ashx?id=794886&use=l&cat=p&typeid=i","cat":286032},{"id":5117,"n":"Café soluble Plantation Qualité filtre - 200g","p":7.39,"u":"36,95 €/KG","img":"https://fd15-photos.leclercdrive.fr/image.ashx?id=2834269&use=l&cat=p&typeid=i","cat":284843},{"id":5122,"n":"Saucisse sèche Saint Azay Label rouge - 250g","p":4.69,"u":"18,76 €/KG","img":"https://fd15-photos.leclercdrive.fr/image.ashx?id=2837015&use=l&cat=p&typeid=i","cat":316006},{"id":5125,"n":"Farine de blé bio T65 Bio Village - 1kg","p":2.09,"u":"2,09 €/KG","img":"https://fd15-photos.leclercdrive.fr/image.ashx?id=2448418&use=l&cat=p&typeid=i","cat":284503},{"id":5126,"n":"Riz long Comptoir du Grain Cuisson rapide 10min - 1kg","p":2.99,"u":"2,99 €/KG","img":"https://fd15-photos.leclercdrive.fr/image.ashx?id=2764137&use=l&cat=p&typeid=i","cat":284428},{"id":5128,"n":"Chips Pom'lisse Bolognaise - 135g","p":1.42,"u":"10,52 €/KG","img":"https://fd15-photos.leclercdrive.fr/image.ashx?id=2919604&use=l&cat=p&typeid=i","cat":284447},{"id":5132,"n":"Croûtons Epi d'Or Nature - 2x90g","p":1.99,"u":"11,06 €/KG","img":"https://fd15-photos.leclercdrive.fr/image.ashx?id=2606037&use=l&cat=p&typeid=i","cat":284464},{"id":5143,"n":"Chemises carton Esquisse A4 - lot de 3","p":2.4,"img":"https://fd15-photos.leclercdrive.fr/image.ashx?id=2943154&use=l&cat=p&typeid=i","cat":284745},{"id":5158,"n":"Déodorant Bille Femme Nivea Dry Confort 72H - 50ml","p":5.2,"u":"104,00 €/L","img":"https://fd15-photos.leclercdrive.fr/image.ashx?id=2871058&use=l&cat=p&typeid=i","cat":284595},{"id":5166,"n":"Sucettes Chupa Chups The Best x16 192g","p":3.66,"u":"19,06 €/KG","img":"https://fd15-photos.leclercdrive.fr/image.ashx?id=2647654&use=l&cat=p&typeid=i","cat":304250},{"id":5176,"n":"Pâtes Alphabet Panzani 500g","p":1.91,"u":"3,82 €/KG","img":"https://fd15-photos.leclercdrive.fr/image.ashx?id=2896063&use=l&cat=p&typeid=i","cat":284427},{"id":5227,"n":"Pâtes Lustucru coquillettes Oeufs frais - 250g","p":1.93,"u":"7,72 €/KG","img":"https://fd15-photos.leclercdrive.fr/image.ashx?id=2519474&use=l&cat=p&typeid=i","cat":284427},{"id":5228,"n":"Pâtes Lustucru spaghetti courts Oeufs frais - 250g","p":1.3,"u":"5,20 €/KG","img":"https://fd15-photos.leclercdrive.fr/image.ashx?id=2519477&use=l&cat=p&typeid=i","cat":284427},{"id":5229,"n":"Torsades Lustucru  Aux œufs - 250g","p":2.08,"u":"8,32 €/KG","img":"https://fd15-photos.leclercdrive.fr/image.ashx?id=2503945&use=l&cat=p&typeid=i","cat":284427},{"id":5248,"n":"Yaourts aux fruits Délisse Panaché de fruits - 12x125g","p":5.89,"u":"3,93 €/KG","img":"https://fd15-photos.leclercdrive.fr/image.ashx?id=2658575&use=l&cat=p&typeid=i","cat":284410},{"id":5249,"n":"Spécialité laitière Délisse 0% Morceaux - 6 saveurs - 8x125g","p":3.4,"u":"3,40 €/KG","img":"https://fd15-photos.leclercdrive.fr/image.ashx?id=2375574&use=l&cat=p&typeid=i","cat":315000},{"id":5250,"n":"Crème glacée Eskiss Pistache avec éclats - 494g","p":4.15,"u":"8,40 €/KG","img":"https://fd15-photos.leclercdrive.fr/image.ashx?id=2982586&use=l&cat=p&typeid=i","cat":284263},{"id":5252,"n":"Pansements Primoplast Spécial articulations 10 bandes","p":2.49,"img":"https://fd15-photos.leclercdrive.fr/image.ashx?id=2856420&use=l&cat=p&typeid=i","cat":284630},{"id":5253,"n":"Pansements Primoplast Spécial Articulations x30","p":2.19,"img":"https://fd15-photos.leclercdrive.fr/image.ashx?id=2832912&use=l&cat=p&typeid=i","cat":284630},{"id":5256,"n":"Bonbons Copains Copines Assortiment - 750g","p":6.75,"u":"9,00 €/KG","img":"https://fd15-photos.leclercdrive.fr/image.ashx?id=2934652&use=l&cat=p&typeid=i","cat":304250},{"id":5261,"n":"Fromage blanc Délisse Nature 7.8% MG - 8x100g","p":3.2,"u":"4,00 €/KG","img":"https://fd15-photos.leclercdrive.fr/image.ashx?id=3012812&use=l&cat=p&typeid=i","cat":284409},{"id":5264,"n":"Crème glacée Eskiss Fraise avec morceaux - 494g","p":3.85,"u":"7,79 €/KG","img":"https://fd15-photos.leclercdrive.fr/image.ashx?id=2982598&use=l&cat=p&typeid=i","cat":284263},{"id":5273,"n":"Pilons de poulet Côté Croc à l'Indienne - 250g","p":5.69,"u":"22,76 €/KG","img":"https://fd15-photos.leclercdrive.fr/image.ashx?id=2560473&use=l&cat=p&typeid=i","cat":333685},{"id":5275,"n":"Taboulé Menu Fraîcheur Aux crevettes - 300g","p":3.59,"u":"11,97 €/KG","img":"https://fd15-photos.leclercdrive.fr/image.ashx?id=2645888&use=l&cat=p&typeid=i","cat":333657},{"id":5279,"n":"Actifidus Delisse Nature - 4x125g","p":1.59,"u":"3,18 €/KG","img":"https://fd15-photos.leclercdrive.fr/image.ashx?id=2431107&use=l&cat=p&typeid=i","cat":315000},{"id":5288,"n":"Crème dessert Petits Délis Chocolat et lait - 6x70g","p":2.05,"u":"4,88 €/KG","img":"https://fd15-photos.leclercdrive.fr/image.ashx?id=2572061&use=l&cat=p&typeid=i","cat":285041},{"id":5293,"n":"Biscuits apéritifs Tokapi 3 saveurs - 100g","p":1.45,"u":"14,50 €/KG","img":"https://fd15-photos.leclercdrive.fr/image.ashx?id=2588926&use=l&cat=p&typeid=i","cat":284449},{"id":5296,"n":"Crème dessert Délisse Chocolat blanc - 4x125g","p":1.79,"u":"3,58 €/KG","img":"https://fd15-photos.leclercdrive.fr/image.ashx?id=2753475&use=l&cat=p&typeid=i","cat":285041},{"id":5308,"n":"Biscuits Mini Rollos Pépito Chocolat au lait - 225g","p":3.75,"u":"16,67 €/KG","img":"https://fd15-photos.leclercdrive.fr/image.ashx?id=3014407&use=l&cat=p&typeid=i","cat":284488},{"id":5310,"n":"Petits pois d'aucy  Extra-fins - 560g","p":2.5,"u":"4,46 €/KG","img":"https://fd15-photos.leclercdrive.fr/image.ashx?id=2426361&use=l&cat=p&typeid=i","cat":312607},{"id":5311,"n":"Petits pois carottes d'Aucy A l'étuvée - Extra fins - 530g","p":2.65,"u":"5,00 €/KG","img":"https://fd15-photos.leclercdrive.fr/image.ashx?id=2426364&use=l&cat=p&typeid=i","cat":312607},{"id":5314,"n":"Haricots verts d'aucy  Extra-fins - 1/2","p":1.64,"u":"7,45 €/KG","img":"https://fd15-photos.leclercdrive.fr/image.ashx?id=2512728&use=l&cat=p&typeid=i","cat":312606},{"id":5317,"n":"Lentilles cuisinées Raynal Et Roquelaure - 410g","p":2.35,"u":"5,73 €/KG","img":"https://fd15-photos.leclercdrive.fr/image.ashx?id=2928396&use=l&cat=p&typeid=i","cat":312609},{"id":5318,"n":"Biscuits galettes St Michel 130g","p":1.89,"u":"14,54 €/KG","img":"https://fd15-photos.leclercdrive.fr/image.ashx?id=2986149&use=l&cat=p&typeid=i","cat":284487},{"id":5321,"n":"Chocolat poudre Benco 400g","p":3.3,"u":"8,25 €/KG","img":"https://fd15-photos.leclercdrive.fr/image.ashx?id=2871805&use=l&cat=p&typeid=i","cat":293235},{"id":5325,"n":"Confiture Bonne Maman Fraise - 370g","p":3.95,"u":"10,68 €/KG","img":"https://fd15-photos.leclercdrive.fr/image.ashx?id=2474984&use=l&cat=p&typeid=i","cat":284480},{"id":5329,"n":"Saucisses aux lentilles William Saurin - 420g","p":3.23,"u":"7,69 €/KG","img":"https://fd15-photos.leclercdrive.fr/image.ashx?id=2890067&use=l&cat=p&typeid=i","cat":284441},{"id":5339,"n":"Fruits au sirop St Mamet Cocktail - 500g","p":4.75,"u":"9,50 €/KG","img":"https://fd15-photos.leclercdrive.fr/image.ashx?id=2412435&use=l&cat=p&typeid=i","cat":284507},{"id":5362,"n":"Vin mousseux Charles Volner Brut - 12%vol. - 75cl","p":11.35,"u":"15,13 €/L","img":"https://fd15-photos.leclercdrive.fr/image.ashx?id=1592052&use=l&cat=p&typeid=i","cat":284544},{"id":5363,"n":"Salsifis Notre Jardin 250g","p":1.69,"u":"6,76 €/KG","img":"https://fd15-photos.leclercdrive.fr/image.ashx?id=2468804&use=l&cat=p&typeid=i","cat":312612},{"id":5364,"n":"Fromage blanc Délisse Nature 7% MG - 1kg","p":4.29,"u":"4,29 €/KG","img":"https://fd15-photos.leclercdrive.fr/image.ashx?id=2834999&use=l&cat=p&typeid=i","cat":284409},{"id":5366,"n":"Cire Dépilatoire Siliss Méthode orientale - 250ml","p":6.39,"u":"25,56 €/L","img":"https://fd15-photos.leclercdrive.fr/image.ashx?id=2699396&use=l&cat=p&typeid=i","cat":325351},{"id":5367,"n":"Biscuits tuiles P'tit Déli 100g","p":1.49,"u":"14,90 €/KG","img":"https://fd15-photos.leclercdrive.fr/image.ashx?id=1898889&use=l&cat=p&typeid=i","cat":284487},{"id":5368,"n":"Biscuits Croustillants Tokapi Gouda - 85g","p":1.75,"u":"20,59 €/KG","img":"https://fd15-photos.leclercdrive.fr/image.ashx?id=2507685&use=l&cat=p&typeid=i","cat":297000},{"id":5369,"n":"Légumes couscous Notre Jardin 800g","p":1.79,"u":"2,24 €/KG","img":"https://fd15-photos.leclercdrive.fr/image.ashx?id=2399153&use=l&cat=p&typeid=i","cat":312612},{"id":5381,"n":"Dentifrice Dentamyl Haleine fraîche 75ml","p":1.32,"u":"17,60 €/L","img":"https://fd15-photos.leclercdrive.fr/image.ashx?id=2613828&use=l&cat=p&typeid=i","cat":284612},{"id":5385,"n":"Lait coco Tables du Monde 200ml","p":1.3,"u":"6,50 €/L","img":"https://fd15-photos.leclercdrive.fr/image.ashx?id=2920172&use=l&cat=p&typeid=i","cat":288992},{"id":5386,"n":"Biscuit Petit beurre P'tit Déli Tablette chocolat lait - 150g","p":1.89,"u":"12,60 €/KG","img":"https://fd15-photos.leclercdrive.fr/image.ashx?id=2711644&use=l&cat=p&typeid=i","cat":284488},{"id":5387,"n":"Boisson soja Calcium Végé 1L Végé - 200g","p":1.99,"u":"1,99 €/L","img":"https://fd15-photos.leclercdrive.fr/image.ashx?id=2859155&use=l&cat=p&typeid=i","cat":316067},{"id":5390,"n":"Crème anglaise Délisse 50cl","p":1.7,"u":"3,40 €/L","img":"https://fd15-photos.leclercdrive.fr/image.ashx?id=3002569&use=l&cat=p&typeid=i","cat":284382},{"id":5396,"n":"Bain de bouche Dentamyl Multi Protection - 500ml","p":2.11,"u":"4,22 €/L","img":"https://fd15-photos.leclercdrive.fr/image.ashx?id=2500806&use=l&cat=p&typeid=i","cat":284613},{"id":5399,"n":"Pur jus d'orange Bio Village Bio sans pulpe - 1L","p":4.29,"u":"4,29 €/L","img":"https://fd15-photos.leclercdrive.fr/image.ashx?id=2901521&use=l&cat=p&typeid=i","cat":284521},{"id":5400,"n":"Nouilles bouclées d'Alsace NRT 250g","p":1.91,"u":"7,64 €/KG","img":"https://fd15-photos.leclercdrive.fr/image.ashx?id=2839965&use=l&cat=p&typeid=i","cat":284427},{"id":5403,"n":"Plumes d'Alsace NRT 250g","p":1.69,"u":"6,76 €/KG","img":"https://fd15-photos.leclercdrive.fr/image.ashx?id=2839971&use=l&cat=p&typeid=i","cat":284427},{"id":5404,"n":"IGP Coquilles d'Alsace NRT 250g","p":1.86,"u":"7,44 €/KG","img":"https://fd15-photos.leclercdrive.fr/image.ashx?id=2839974&use=l&cat=p&typeid=i","cat":284427},{"id":5405,"n":"Saucisse sèche d'Auvergne  NRT - 300g","p":5.98,"u":"19,93 €/KG","img":"https://fd15-photos.leclercdrive.fr/image.ashx?id=2991473&use=l&cat=p&typeid=i","cat":316006},{"id":5406,"n":"Saucisson sec d'Auvergne IGP Nos Régions ont du Talent 300g","p":5.55,"u":"18,50 €/KG","img":"https://fd15-photos.leclercdrive.fr/image.ashx?id=2991476&use=l&cat=p&typeid=i","cat":316006},{"id":5407,"n":"Coquillettes d'Alsace NRT 250g","p":1.52,"u":"6,08 €/KG","img":"https://fd15-photos.leclercdrive.fr/image.ashx?id=2839977&use=l&cat=p&typeid=i","cat":284427},{"id":5467,"n":"Papier toilette Parfumé Mimosa Instant zen - x6","p":2.72,"u":"0,45 €/P","img":"https://fd15-photos.leclercdrive.fr/image.ashx?id=2897925&use=l&cat=p&typeid=i","cat":284634},{"id":5468,"n":"Papier toilette Parfumé Mimosa Soleil d'été - x6","p":3.92,"u":"0,65 €/P","img":"https://fd15-photos.leclercdrive.fr/image.ashx?id=2837244&use=l&cat=p&typeid=i","cat":284634},{"id":5472,"n":"Biscuits barquettes P'tit Déli Fraise - 2x120g","p":2.99,"u":"12,46 €/KG","img":"https://fd15-photos.leclercdrive.fr/image.ashx?id=2691168&use=l&cat=p&typeid=i","cat":284489},{"id":5480,"n":"Biscuits Dejeuner REM 3x255g","p":5.19,"u":"6,78 €/KG","img":"https://fd15-photos.leclercdrive.fr/image.ashx?id=3002201&use=l&cat=p&typeid=i","cat":284491},{"id":5496,"n":"Pineau des Charentes rosé Jules Gautret 17%vol. 75cl","p":24.39,"u":"32,52 €/L","img":"https://fd15-photos.leclercdrive.fr/image.ashx?id=1933212&use=l&cat=p&typeid=i","cat":284913},{"id":5498,"n":"Comté des terroirs Entremont 200g","p":5.76,"u":"28,80 €/KG","img":"https://fd15-photos.leclercdrive.fr/image.ashx?id=2474245&use=l&cat=p&typeid=i","cat":314034},{"id":5509,"n":"Pâtes Torsades Turini 1kg","p":2.21,"u":"2,21 €/KG","img":"https://fd15-photos.leclercdrive.fr/image.ashx?id=2980767&use=l&cat=p&typeid=i","cat":284427},{"id":5511,"n":"Sparadrap Primoplast Peaux délicates 5mx2.5cm","p":1.62,"img":"https://fd15-photos.leclercdrive.fr/image.ashx?id=2856426&use=l&cat=p&typeid=i","cat":284630},{"id":5514,"n":"Bande strapping Primoplast Adhésive 2.5mx6cm","p":4.38,"img":"https://fd15-photos.leclercdrive.fr/image.ashx?id=2856441&use=l&cat=p&typeid=i","cat":284630},{"id":5517,"n":"Canapés toasts Epi d'Or Nature - 280g","p":2.09,"u":"7,46 €/KG","img":"https://fd15-photos.leclercdrive.fr/image.ashx?id=1859140&use=l&cat=p&typeid=i","cat":285454},{"id":5526,"n":"Fromage Bleu d'Auvergne NRT  AOP - 125g","p":1.8,"u":"14,40 €/KG","img":"https://fd15-photos.leclercdrive.fr/image.ashx?id=2771040&use=l&cat=p&typeid=i","cat":314032},{"id":5529,"n":"Croquettes petits chiens Ultima  Poulet - Yorkshire - 800g","p":6.58,"u":"8,23 €/KG","img":"https://fd15-photos.leclercdrive.fr/image.ashx?id=2922224&use=l&cat=p&typeid=i","cat":294526},{"id":5536,"n":"Biscuits Pockitos Pépito Chocolat au lait - 295g","p":6.25,"u":"21,19 €/KG","img":"https://fd15-photos.leclercdrive.fr/image.ashx?id=3001955&use=l&cat=p&typeid=i","cat":284488},{"id":5542,"n":"Quenelles Petitjean veau Naturel - 255g","p":2.45,"u":"9,61 €/KG","img":"https://fd15-photos.leclercdrive.fr/image.ashx?id=2676573&use=l&cat=p&typeid=i","cat":284441},{"id":5543,"n":"Petites quenelles Petitjean De volaille au naturel - 255g","p":2.5,"u":"9,80 €/KG","img":"https://fd15-photos.leclercdrive.fr/image.ashx?id=2677225&use=l&cat=p&typeid=i","cat":284441},{"id":5545,"n":"Garniture Bouchées à la reine Petit Jean - 400g","p":3.99,"u":"9,98 €/KG","img":"https://fd15-photos.leclercdrive.fr/image.ashx?id=2677240&use=l&cat=p&typeid=i","cat":284441},{"id":5549,"n":"Lait Régilait nuage de lait 10x7.5g","p":0.94,"u":"12,53 €/KG","img":"https://fd15-photos.leclercdrive.fr/image.ashx?id=2018637&use=l&cat=p&typeid=i","cat":299162},{"id":5560,"n":"Tampons Doulys Digitaux Mini - x24","p":2.09,"u":"0,09 €/P","img":"https://fd15-photos.leclercdrive.fr/image.ashx?id=2965407&use=l&cat=p&typeid=i","cat":284626},{"id":5561,"n":"Tampons Doulys Digitaux Super - x24","p":2.83,"u":"0,12 €/P","img":"https://fd15-photos.leclercdrive.fr/image.ashx?id=2965413&use=l&cat=p&typeid=i","cat":284626},{"id":5563,"n":"Biscuits P'tit Déli Délimousse 175g","p":2.45,"u":"14,00 €/KG","img":"https://fd15-photos.leclercdrive.fr/image.ashx?id=2540936&use=l&cat=p&typeid=i","cat":284495},{"id":5573,"n":"Quenelles Côté Table volaille Sauce champignons 400g","p":2.79,"u":"6,98 €/KG","img":"https://fd15-photos.leclercdrive.fr/image.ashx?id=2977135&use=l&cat=p&typeid=i","cat":284441},{"id":5574,"n":"Quenelles Côté Table saumon Sauce crevette 400g","p":2.89,"u":"7,23 €/KG","img":"https://fd15-photos.leclercdrive.fr/image.ashx?id=2977138&use=l&cat=p&typeid=i","cat":284441},{"id":5575,"n":"Compote Douceur du Verger Gourdes Pomme - 12x90g","p":4.79,"u":"4,44 €/KG","img":"https://fd15-photos.leclercdrive.fr/image.ashx?id=2837030&use=l&cat=p&typeid=i","cat":284508},{"id":5576,"n":"Biscuits choco barre P'tit Déli Chocolat lait 295g","p":4.05,"u":"13,73 €/KG","img":"https://fd15-photos.leclercdrive.fr/image.ashx?id=2618229&use=l&cat=p&typeid=i","cat":284488},{"id":5578,"n":"Cuillers à pâtisserie  P'tit Déli 300g","p":3.57,"u":"11,90 €/KG","img":"https://fd15-photos.leclercdrive.fr/image.ashx?id=2046352&use=l&cat=p&typeid=i","cat":284487},{"id":5600,"n":"Pâté Hénaff 78g","p":2.4,"u":"30,77 €/KG","img":"https://fd15-photos.leclercdrive.fr/image.ashx?id=2280516&use=l&cat=p&typeid=i","cat":305149},{"id":5619,"n":"Oeufs de lompe Ronde des Mers Rouge - MSC - 100g","p":2.95,"u":"29,50 €/KG","img":"https://fd15-photos.leclercdrive.fr/image.ashx?id=2822720&use=l&cat=p&typeid=i","cat":285191},{"id":5622,"n":"Croquettes chiens Lydog Spécial Forme - Volaille - 4kg","p":8.19,"u":"2,05 €/KG","img":"https://fd15-photos.leclercdrive.fr/image.ashx?id=2191117&use=l&cat=p&typeid=i","cat":284672},{"id":5624,"n":"Croquettes chiens Lydog Junior - Volaille - 4kg","p":13.95,"u":"3,49 €/KG","img":"https://fd15-photos.leclercdrive.fr/image.ashx?id=1937477&use=l&cat=p&typeid=i","cat":284672},{"id":5626,"n":"Bonbons Copains Copines Frites acides - 275 g","p":2.3,"u":"8,36 €/KG","img":"https://fd15-photos.leclercdrive.fr/image.ashx?id=2558374&use=l&cat=p&typeid=i","cat":304250},{"id":5627,"n":"Lasagnes bolognaise Côté Table 1kg","p":7.25,"u":"7,25 €/KG","img":"https://fd15-photos.leclercdrive.fr/image.ashx?id=2570915&use=l&cat=p&typeid=i","cat":333666},{"id":5630,"n":"Papier toilette blanc Mimosa Ultra doux maxi rouleau - x12","p":8.56,"u":"0,71 €/P","img":"https://fd15-photos.leclercdrive.fr/image.ashx?id=2794862&use=l&cat=p&typeid=i","cat":284634},{"id":5633,"n":"Soufflés Grignot' Tokapi Cacahuète - 90g","p":0.97,"u":"10,78 €/KG","img":"https://fd15-photos.leclercdrive.fr/image.ashx?id=2049223&use=l&cat=p&typeid=i","cat":284449},{"id":5635,"n":"Rosette de Lyon NRT 400g","p":6.0,"u":"15,00 €/KG","img":"https://fd15-photos.leclercdrive.fr/image.ashx?id=2991491&use=l&cat=p&typeid=i","cat":316006},{"id":5671,"n":"Acide chlorhydrique Phébus Détartrant puissant 1L","p":3.59,"u":"3,59 €/L","img":"https://fd15-photos.leclercdrive.fr/image.ashx?id=2962065&use=l&cat=p&typeid=i","cat":300576},{"id":5674,"n":"White Spirit Phébus 1L","p":4.59,"u":"4,59 €/L","img":"https://fd15-photos.leclercdrive.fr/image.ashx?id=2019012&use=l&cat=p&typeid=i","cat":300576},{"id":5718,"n":"Tampons Doulys avec applicateur Super - x24","p":4.25,"u":"0,18 €/P","img":"https://fd15-photos.leclercdrive.fr/image.ashx?id=2965455&use=l&cat=p&typeid=i","cat":284626},{"id":5740,"n":"Raisin de table blanc  1kg","p":6.99,"u":"6,99 €/KG","img":"https://fd15-photos.leclercdrive.fr/image.ashx?id=1636338&use=l&cat=p&typeid=i","cat":284356},{"id":5742,"n":"Raisin de table noir  1kg","p":6.99,"u":"6,99 €/KG","img":"https://fd15-photos.leclercdrive.fr/image.ashx?id=1636344&use=l&cat=p&typeid=i","cat":284356},{"id":5772,"n":"Biscuits tartelette Bonne Maman Citron 125g","p":2.39,"u":"19,12 €/KG","img":"https://fd15-photos.leclercdrive.fr/image.ashx?id=2962296&use=l&cat=p&typeid=i","cat":284489},{"id":5816,"n":"Rillettes de thon Cap Océan MSC 150g","p":4.05,"u":"27,00 €/KG","img":"https://fd15-photos.leclercdrive.fr/image.ashx?id=2668440&use=l&cat=p&typeid=i","cat":285191},{"id":5817,"n":"Rillettes de saumon Cap ocean 150g","p":3.45,"u":"23,00 €/KG","img":"https://fd15-photos.leclercdrive.fr/image.ashx?id=2985147&use=l&cat=p&typeid=i","cat":285191},{"id":5820,"n":"Blinis fins Blinis x4 - 200g","p":2.79,"u":"13,95 €/KG","img":"https://fd15-photos.leclercdrive.fr/image.ashx?id=2975272&use=l&cat=p&typeid=i","cat":285191},{"id":5831,"n":"Ketchup Rustica Epicé - 560g","p":2.15,"u":"3,84 €/KG","img":"https://fd15-photos.leclercdrive.fr/image.ashx?id=3005667&use=l&cat=p&typeid=i","cat":284455},{"id":5833,"n":"Biscuits Cuillers P'tit Déli Dégustation x20 - 200g","p":3.42,"u":"17,10 €/KG","img":"https://fd15-photos.leclercdrive.fr/image.ashx?id=1856164&use=l&cat=p&typeid=i","cat":284487},{"id":5838,"n":"Petit salé Côté Table lentilles A l'auvergnate 420g","p":2.39,"u":"5,69 €/KG","img":"https://fd15-photos.leclercdrive.fr/image.ashx?id=2977123&use=l&cat=p&typeid=i","cat":284441},{"id":5839,"n":"Tarama Rondes des mers Au saumon fumé - 100g","p":2.79,"u":"27,90 €/P","img":"https://fd15-photos.leclercdrive.fr/image.ashx?id=2824609&use=l&cat=p&typeid=i","cat":315999},{"id":5840,"n":"Filets anchois Rondes des mers 105g","p":2.99,"u":"28,48 €/KG","img":"https://fd15-photos.leclercdrive.fr/image.ashx?id=2046038&use=l&cat=p&typeid=i","cat":285190},{"id":5842,"n":"Mélange exotique Couleurs Vives 250g","p":3.15,"u":"12,60 €/KG","img":"https://fd15-photos.leclercdrive.fr/image.ashx?id=2691102&use=l&cat=p&typeid=i","cat":284448},{"id":5846,"n":"Saumon fumé Ronde des Mers Ecosse x8T - 300g","p":22.95,"u":"76,50 €/KG","img":"https://fd15-photos.leclercdrive.fr/image.ashx?id=2449978&use=l&cat=p&typeid=i","cat":285188},{"id":5850,"n":"Couscous Côté Table Poulet merguez 450g","p":4.39,"u":"9,76 €/KG","img":"https://fd15-photos.leclercdrive.fr/image.ashx?id=1936608&use=l&cat=p&typeid=i","cat":333665},{"id":5854,"n":"Oeufs fermiers De Nos Régions Plein Air - Label rouge - x6","p":2.6,"u":"0,43 €/P","img":"https://fd15-photos.leclercdrive.fr/image.ashx?id=2969701&use=l&cat=p&typeid=i","cat":284378},{"id":5856,"n":"Préparation pour crème brûlée Délisse 4x100g","p":4.39,"u":"10,98 €/KG","img":"https://fd15-photos.leclercdrive.fr/image.ashx?id=2842465&use=l&cat=p&typeid=i","cat":284419},{"id":5859,"n":"Guacamole Tables du Monde 200g","p":4.29,"u":"24,51 €/KG","img":"https://fd15-photos.leclercdrive.fr/image.ashx?id=2872252&use=l&cat=p&typeid=i","cat":315999},{"id":5860,"n":"Petit pot de crème Délisse Pistache - 4x100g","p":3.95,"u":"9,88 €/KG","img":"https://fd15-photos.leclercdrive.fr/image.ashx?id=2550378&use=l&cat=p&typeid=i","cat":285041},{"id":5865,"n":"Actifidus Délisse Noix de coco - 4x125g","p":2.29,"u":"4,58 €/KG","img":"https://fd15-photos.leclercdrive.fr/image.ashx?id=2421039&use=l&cat=p&typeid=i","cat":315000},{"id":5868,"n":"Spécialité au soja Nat & Vie Vanille - 4x100g","p":2.39,"u":"5,98 €/KG","img":"https://fd15-photos.leclercdrive.fr/image.ashx?id=2901434&use=l&cat=p&typeid=i","cat":316071},{"id":5869,"n":"Spécialité au soja Nat & Vie Chocolat - 4x100g","p":2.55,"u":"6,38 €/KG","img":"https://fd15-photos.leclercdrive.fr/image.ashx?id=2901437&use=l&cat=p&typeid=i","cat":316071},{"id":5870,"n":"Boisson soja nature Végé 1L Végé - 200g","p":1.99,"u":"1,99 €/L","img":"https://fd15-photos.leclercdrive.fr/image.ashx?id=2861413&use=l&cat=p&typeid=i","cat":316067},{"id":5871,"n":"Yaourts à boire DéliUp' Délisse Fraise - 10x100g","p":4.57,"u":"4,57 €/KG","img":"https://fd15-photos.leclercdrive.fr/image.ashx?id=1871092&use=l&cat=p&typeid=i","cat":284415},{"id":5876,"n":"Court-bouillon Rustica 150g","p":1.7,"u":"11,33 €/KG","img":"https://fd15-photos.leclercdrive.fr/image.ashx?id=1743584&use=l&cat=p&typeid=i","cat":288379},{"id":5877,"n":"Petit pot de crème Délisse Chocolat - 8x100g","p":5.55,"u":"6,94 €/KG","img":"https://fd15-photos.leclercdrive.fr/image.ashx?id=2544970&use=l&cat=p&typeid=i","cat":285041},{"id":5878,"n":"Jus 3 agrumes Jafaden 1L","p":4.45,"u":"4,45 €/L","img":"https://fd15-photos.leclercdrive.fr/image.ashx?id=2916665&use=l&cat=p&typeid=i","cat":285435},{"id":5880,"n":"Yaourts mousse Petits Délis Fruits - 6x74g","p":2.99,"u":"6,73 €/KG","img":"https://fd15-photos.leclercdrive.fr/image.ashx?id=2907057&use=l&cat=p&typeid=i","cat":284414},{"id":5884,"n":"Gratin dauphinois Côté Table 280g","p":3.46,"u":"12,36 €/KG","img":"https://fd15-photos.leclercdrive.fr/image.ashx?id=2807285&use=l&cat=p&typeid=i","cat":333665},{"id":5891,"n":"Tzatziki Tables du Monde 200g","p":2.65,"u":"13,25 €/KG","img":"https://fd15-photos.leclercdrive.fr/image.ashx?id=2872255&use=l&cat=p&typeid=i","cat":315999},{"id":5895,"n":"Tripes mode de caen NRT 600g","p":6.2,"u":"10,33 €/KG","img":"https://fd15-photos.leclercdrive.fr/image.ashx?id=2723198&use=l&cat=p&typeid=i","cat":284441},{"id":5901,"n":"Filtre à café Melitta 1x4 Original - x40","p":2.9,"u":"0,07 €/P","img":"https://fd15-photos.leclercdrive.fr/image.ashx?id=2882053&use=l&cat=p&typeid=i","cat":284751},{"id":5905,"n":"Carotte  1kg","p":2.35,"u":"2,35 €/KG","img":"https://fd15-photos.leclercdrive.fr/image.ashx?id=1631913&use=l&cat=p&typeid=i","cat":284352},{"id":5907,"n":"Haricots beurre d'aucy Extra-fins - 440g","p":3.09,"u":"7,02 €/KG","img":"https://fd15-photos.leclercdrive.fr/image.ashx?id=2431536&use=l&cat=p&typeid=i","cat":312606},{"id":5908,"n":"Tourteau fromagé du Poitou NRT 250g","p":3.8,"u":"15,20 €/KG","img":"https://fd15-photos.leclercdrive.fr/image.ashx?id=2040347&use=l&cat=p&typeid=i","cat":284419},{"id":5909,"n":"Mini gâches briochettes NRT Pur beurre x8 - 360g","p":3.85,"u":"10,69 €/KG","img":"https://fd15-photos.leclercdrive.fr/image.ashx?id=2670416&use=l&cat=p&typeid=i","cat":284478},{"id":5910,"n":"Ketchup Amora 280g","p":1.76,"u":"6,29 €/KG","img":"https://fd15-photos.leclercdrive.fr/image.ashx?id=2766667&use=l&cat=p&typeid=i","cat":284455},{"id":5951,"n":"Ravioli bolognaise   Panzani - 800g","p":5.59,"u":"6,99 €/KG","img":"https://fd15-photos.leclercdrive.fr/image.ashx?id=2876062&use=l&cat=p&typeid=i","cat":284442},{"id":6035,"n":"Sauce tomate bio Jardin Bio' Provençale - 200g","p":2.5,"u":"12,50 €/KG","img":"https://fd15-photos.leclercdrive.fr/image.ashx?id=3014494&use=l&cat=p&typeid=i","cat":287599},{"id":6037,"n":"Ratatouille Jardin Bio' A la provençale bio - 650g","p":5.5,"u":"8,46 €/KG","img":"https://fd15-photos.leclercdrive.fr/image.ashx?id=2903230&use=l&cat=p&typeid=i","cat":312612},{"id":6039,"n":"Vinaigre de cidre Jardin Bio Bio - 75cl","p":4.0,"u":"5,33 €/L","img":"https://fd15-photos.leclercdrive.fr/image.ashx?id=2918295&use=l&cat=p&typeid=i","cat":298543},{"id":6049,"n":"Ravioli Jardin Bio Bio légumes - 675g","p":6.3,"u":"9,33 €/KG","img":"https://fd15-photos.leclercdrive.fr/image.ashx?id=2534878&use=l&cat=p&typeid=i","cat":284442},{"id":6054,"n":"Sauce tomate Jardin Bio Bio spaghetti - 200g","p":3.73,"u":"18,65 €/KG","img":"https://fd15-photos.leclercdrive.fr/image.ashx?id=3000192&use=l&cat=p&typeid=i","cat":287599},{"id":6058,"n":"Spaguetti Jardin Bio Bio quinoa tomate - 500g","p":3.7,"u":"7,40 €/KG","img":"https://fd15-photos.leclercdrive.fr/image.ashx?id=3002108&use=l&cat=p&typeid=i","cat":284427},{"id":6063,"n":"Ketchup Jardin Bio' Bio - 560g","p":4.06,"u":"7,25 €/KG","img":"https://fd15-photos.leclercdrive.fr/image.ashx?id=2918316&use=l&cat=p&typeid=i","cat":284455},{"id":6067,"n":"Huile d'olive Bio Village Bio Vierge extra - 75cl","p":11.99,"u":"15,99 €/L","img":"https://fd15-photos.leclercdrive.fr/image.ashx?id=3005697&use=l&cat=p&typeid=i","cat":284453},{"id":6070,"n":"Pâtes tagliatelles Bio Village Bio - 250g","p":2.14,"u":"8,56 €/KG","img":"https://fd15-photos.leclercdrive.fr/image.ashx?id=1986832&use=l&cat=p&typeid=i","cat":284427},{"id":6073,"n":"Crème fraîche bio Bio village Epaisse - 30% MG - 20cl","p":1.75,"u":"8,75 €/L","img":"https://fd15-photos.leclercdrive.fr/image.ashx?id=1975047&use=l&cat=p&typeid=i","cat":284381},{"id":6075,"n":"Quinoa Bio Village Bio - 500g","p":5.35,"u":"10,70 €/KG","img":"https://fd15-photos.leclercdrive.fr/image.ashx?id=2245755&use=l&cat=p&typeid=i","cat":284429},{"id":6076,"n":"Cookies chocolat Bio Village Bio 200g","p":2.59,"u":"12,95 €/KG","img":"https://fd15-photos.leclercdrive.fr/image.ashx?id=2400523&use=l&cat=p&typeid=i","cat":325066},{"id":6077,"n":"Biscuits sésame Bio Village Bio - 230g","p":2.99,"u":"13,00 €/KG","img":"https://fd15-photos.leclercdrive.fr/image.ashx?id=2363808&use=l&cat=p&typeid=i","cat":284487},{"id":6078,"n":"Yaourts lait brebis nature Bio Bio village - 2x125g","p":1.74,"u":"6,96 €/KG","img":"https://fd15-photos.leclercdrive.fr/image.ashx?id=2841959&use=l&cat=p&typeid=i","cat":314998},{"id":6085,"n":"Jus de fruits Tropicana Multivitamines - 1,5L","p":7.7,"u":"5,13 €/L","img":"https://fd15-photos.leclercdrive.fr/image.ashx?id=2605818&use=l&cat=p&typeid=i","cat":284917},{"id":6089,"n":"Pâtes Blé complet Barilla Spaghetti Integrale - 500g","p":1.92,"u":"3,84 €/KG","img":"https://fd15-photos.leclercdrive.fr/image.ashx?id=2986951&use=l&cat=p&typeid=i","cat":284427},{"id":6105,"n":"Biscuits apéritif Lay's 3D's Goût Nature Sel - 85g","p":1.99,"u":"23,41 €/KG","img":"https://fd15-photos.leclercdrive.fr/image.ashx?id=2917417&use=l&cat=p&typeid=i","cat":284449},{"id":6106,"n":"Biscuits apéritif Lay's 3D's Goût Fromage - 85g","p":1.95,"u":"22,94 €/KG","img":"https://fd15-photos.leclercdrive.fr/image.ashx?id=2923672&use=l&cat=p&typeid=i","cat":284449},{"id":6145,"n":"Biscuits Goûters REM Chocolat - 3x125g","p":3.84,"u":"10,24 €/KG","img":"https://fd15-photos.leclercdrive.fr/image.ashx?id=2841193&use=l&cat=p&typeid=i","cat":284488},{"id":6147,"n":"Biscuits barres Pockitos Pépito Chocolat au lait - 162g","p":3.6,"u":"22,22 €/KG","img":"https://fd15-photos.leclercdrive.fr/image.ashx?id=3001964&use=l&cat=p&typeid=i","cat":284488},{"id":6151,"n":"Pâtes Coudes rayés Panzani 500g","p":1.89,"u":"3,78 €/KG","img":"https://fd15-photos.leclercdrive.fr/image.ashx?id=2876008&use=l&cat=p&typeid=i","cat":284427},{"id":6152,"n":"Pâtes gansettes Panzani 500g","p":1.78,"u":"3,56 €/KG","img":"https://fd15-photos.leclercdrive.fr/image.ashx?id=2876017&use=l&cat=p&typeid=i","cat":284427},{"id":6153,"n":"Pâtes Macaroni Panzani 1kg","p":2.75,"u":"2,75 €/KG","img":"https://fd15-photos.leclercdrive.fr/image.ashx?id=2876026&use=l&cat=p&typeid=i","cat":284427},{"id":6154,"n":"Pâtes farfalle Panzani 500g","p":1.62,"u":"3,24 €/KG","img":"https://fd15-photos.leclercdrive.fr/image.ashx?id=2884300&use=l&cat=p&typeid=i","cat":284427},{"id":6155,"n":"Pâtes Torti Panzani 3 Minutes - 500G","p":1.89,"u":"3,78 €/KG","img":"https://fd15-photos.leclercdrive.fr/image.ashx?id=2896084&use=l&cat=p&typeid=i","cat":284427},{"id":6165,"n":"Coquillettes Lustucru  3min - 500g","p":2.1,"u":"4,20 €/KG","img":"https://fd15-photos.leclercdrive.fr/image.ashx?id=2345697&use=l&cat=p&typeid=i","cat":284427},{"id":6169,"n":"Fromage apéritif Apéricube Nature 24 cubes","p":1.99,"u":"15,92 €/KG","img":"https://fd15-photos.leclercdrive.fr/image.ashx?id=2883447&use=l&cat=p&typeid=i","cat":314027},{"id":6185,"n":"Sucre glace Béghin Say 500g","p":3.03,"u":"6,06 €/KG","img":"https://fd15-photos.leclercdrive.fr/image.ashx?id=2593608&use=l&cat=p&typeid=i","cat":284502},{"id":6188,"n":"Boisson lactée Candy'UP Fraise - 6x20cl","p":5.38,"u":"4,48 €/L","img":"https://fd15-photos.leclercdrive.fr/image.ashx?id=2485629&use=l&cat=p&typeid=i","cat":295246},{"id":6191,"n":"Gel douche Fa men speedster 250ml","p":2.75,"u":"11,00 €/L","img":"https://fd15-photos.leclercdrive.fr/image.ashx?id=2995088&use=l&cat=p&typeid=i","cat":284619},{"id":6192,"n":"Rôti de dinde cuit Maître Coq 500g","p":6.55,"u":"13,10 €/KG","img":"https://fd15-photos.leclercdrive.fr/image.ashx?id=2340159&use=l&cat=p&typeid=i","cat":284337},{"id":6218,"n":"Fromage blanc Déli'light aux Fruits - 0% mg - 8x100g","p":3.79,"u":"4,74 €/KG","img":"https://fd15-photos.leclercdrive.fr/image.ashx?id=1693640&use=l&cat=p&typeid=i","cat":315000},{"id":6222,"n":"Fromage à tartiner Les Croisés Noix - 25%mg - 125g","p":1.69,"u":"13,52 €/KG","img":"https://fd15-photos.leclercdrive.fr/image.ashx?id=2482621&use=l&cat=p&typeid=i","cat":314029},{"id":6223,"n":"Fromage Maroilles AOP  Nos Régions ont du Talent 200g","p":3.5,"u":"17,50 €/KG","img":"https://fd15-photos.leclercdrive.fr/image.ashx?id=2411892&use=l&cat=p&typeid=i","cat":329558},{"id":6242,"n":"Café soluble Plantation Qualité filtre - 100g","p":4.25,"u":"42,50 €/KG","img":"https://fd15-photos.leclercdrive.fr/image.ashx?id=2834272&use=l&cat=p&typeid=i","cat":284843},{"id":6256,"n":"Pizza Turini Jambon champignons - 450g","p":8.79,"u":"19,53 €/KG","img":"https://fd15-photos.leclercdrive.fr/image.ashx?id=2590433&use=l&cat=p&typeid=i","cat":333679},{"id":6268,"n":"Camembert Président 250g","p":3.89,"u":"15,56 €/KG","img":"https://fd15-photos.leclercdrive.fr/image.ashx?id=2229548&use=l&cat=p&typeid=i","cat":314033},{"id":6291,"n":"Semoule fine Panzani 500g","p":2.35,"u":"4,70 €/KG","img":"https://fd15-photos.leclercdrive.fr/image.ashx?id=2745559&use=l&cat=p&typeid=i","cat":284429},{"id":6340,"n":"Goûters fourrés P'tit Déli Chocolat x16 - 300g","p":2.2,"u":"7,33 €/KG","img":"https://fd15-photos.leclercdrive.fr/image.ashx?id=2100548&use=l&cat=p&typeid=i","cat":284488},{"id":6344,"n":"Boules soufflées Tokapi  Fromage - 50g","p":0.75,"u":"15,00 €/KG","img":"https://fd15-photos.leclercdrive.fr/image.ashx?id=2885762&use=l&cat=p&typeid=i","cat":284449},{"id":6345,"n":"Couscous Comptoir du Monde Grain moyen - 500g","p":1.39,"u":"2,78 €/KG","img":"https://fd15-photos.leclercdrive.fr/image.ashx?id=3012800&use=l&cat=p&typeid=i","cat":284429},{"id":6346,"n":"Madeleines longues P'tit Déli  Pur beurre 250g","p":3.89,"u":"15,56 €/KG","img":"https://fd15-photos.leclercdrive.fr/image.ashx?id=2999487&use=l&cat=p&typeid=i","cat":284492},{"id":6347,"n":"Beurre  Les Croisés 80% MG  Demi-sel Extra fin - 250g","p":3.16,"u":"12,64 €/KG","img":"https://fd15-photos.leclercdrive.fr/image.ashx?id=2839877&use=l&cat=p&typeid=i","cat":284379},{"id":6348,"n":"Tarama Ronde des Mers Oeufs de cabillaud - 250g","p":4.35,"u":"17,40 €/KG","img":"https://fd15-photos.leclercdrive.fr/image.ashx?id=2831571&use=l&cat=p&typeid=i","cat":315999},{"id":6349,"n":"Filets anchois Ronde des Mers Câpres huile d'olive - 50g","p":2.5,"u":"50,00 €/KG","img":"https://fd15-photos.leclercdrive.fr/image.ashx?id=2992501&use=l&cat=p&typeid=i","cat":285190},{"id":6350,"n":"Eponges Mamison couleur Super absorbantes x3","p":1.58,"u":"0,53 €/P","img":"https://fd15-photos.leclercdrive.fr/image.ashx?id=2458049&use=l&cat=p&typeid=i","cat":284667},{"id":6353,"n":"Pancetta italienne Saint Azay 10 tranches - 100g","p":2.69,"u":"26,90 €/KG","img":"https://fd15-photos.leclercdrive.fr/image.ashx?id=2665847&use=l&cat=p&typeid=i","cat":316007},{"id":6355,"n":"AOC Clairette de Die doux Rives et Terrasses - 75cl","p":8.25,"u":"11,00 €/L","img":"https://fd15-photos.leclercdrive.fr/image.ashx?id=2753369&use=l&cat=p&typeid=i","cat":284544},{"id":6358,"n":"Gel nettoyant wc javel Syphon Agrumes 750ml","p":1.29,"u":"1,72 €/L","img":"https://fd15-photos.leclercdrive.fr/image.ashx?id=2669696&use=l&cat=p&typeid=i","cat":284662},{"id":6359,"n":"Croûtons Epi d'Or Fromage - 90g","p":1.39,"u":"15,44 €/KG","img":"https://fd15-photos.leclercdrive.fr/image.ashx?id=2651783&use=l&cat=p&typeid=i","cat":284464},{"id":6360,"n":"Croûtons Epi d'Or  Oignon - 90g","p":1.39,"u":"15,44 €/KG","img":"https://fd15-photos.leclercdrive.fr/image.ashx?id=2640986&use=l&cat=p&typeid=i","cat":284464},{"id":6361,"n":"Crème Dépilatoire Siliss Tous types de peaux - 200ml","p":2.97,"u":"14,85 €/L","img":"https://fd15-photos.leclercdrive.fr/image.ashx?id=2699678&use=l&cat=p&typeid=i","cat":325351},{"id":6362,"n":"Mélange Gourmand Tokapi  Graines et raisins - 120g","p":2.15,"u":"17,92 €/KG","img":"https://fd15-photos.leclercdrive.fr/image.ashx?id=2795547&use=l&cat=p&typeid=i","cat":284448},{"id":6364,"n":"Fromage Reblochon de Savoie NRT AOP - 450g","p":8.59,"u":"19,09 €/KG","img":"https://fd15-photos.leclercdrive.fr/image.ashx?id=2403285&use=l&cat=p&typeid=i","cat":314037},{"id":6365,"n":"Galettes sarrasin NRT de Bretagne 230g","p":4.2,"u":"18,26 €/KG","img":"https://fd15-photos.leclercdrive.fr/image.ashx?id=2770259&use=l&cat=p&typeid=i","cat":333672},{"id":6371,"n":"Gâteau de riz Yabon Nappage caramel - 4x125g","p":5.39,"u":"10,78 €/KG","img":"https://fd15-photos.leclercdrive.fr/image.ashx?id=2644286&use=l&cat=p&typeid=i","cat":284506},{"id":6388,"n":"Confiture Bonne Maman Mirabelle 370g","p":3.9,"u":"10,54 €/KG","img":"https://fd15-photos.leclercdrive.fr/image.ashx?id=2991891&use=l&cat=p&typeid=i","cat":284480},{"id":6390,"n":"Compotes Andros Pomme banane 750g","p":3.75,"u":"5,00 €/KG","img":"https://fd15-photos.leclercdrive.fr/image.ashx?id=2396114&use=l&cat=p&typeid=i","cat":284508},{"id":6391,"n":"Compotes Andros Pomme poire 750g","p":4.25,"u":"5,67 €/KG","img":"https://fd15-photos.leclercdrive.fr/image.ashx?id=2396117&use=l&cat=p&typeid=i","cat":284508},{"id":6392,"n":"Compotes Andros Pomme vanille 750g","p":3.95,"u":"5,27 €/KG","img":"https://fd15-photos.leclercdrive.fr/image.ashx?id=2396120&use=l&cat=p&typeid=i","cat":284508},{"id":6397,"n":"Fruits au sirop St Mamet Cocktail avec son jus - 250g","p":3.59,"u":"14,36 €/KG","img":"https://fd15-photos.leclercdrive.fr/image.ashx?id=2412432&use=l&cat=p&typeid=i","cat":284507},{"id":6451,"n":"Pavé au poivre Saint Azay 8 tranches - 150g","p":2.75,"u":"18,33 €/KG","img":"https://fd15-photos.leclercdrive.fr/image.ashx?id=2931766&use=l&cat=p&typeid=i","cat":316007},{"id":6455,"n":"Soufflés Snacks Tokapi Bacon - 60g","p":0.99,"u":"16,50 €/KG","img":"https://fd15-photos.leclercdrive.fr/image.ashx?id=2625062&use=l&cat=p&typeid=i","cat":284449},{"id":6456,"n":"Haricots beurre d'aucy Extra-fins - 220g","p":1.59,"u":"7,23 €/KG","img":"https://fd15-photos.leclercdrive.fr/image.ashx?id=2438123&use=l&cat=p&typeid=i","cat":312606},{"id":6458,"n":"Haricots verts D'aucy  Extra-fins - 3x110g","p":3.61,"u":"10,94 €/KG","img":"https://fd15-photos.leclercdrive.fr/image.ashx?id=2503428&use=l&cat=p&typeid=i","cat":312606},{"id":6460,"n":"Cassoulet Toulousain   Raynal Et Roquelaure - 420g","p":4.2,"u":"10,00 €/KG","img":"https://fd15-photos.leclercdrive.fr/image.ashx?id=2928390&use=l&cat=p&typeid=i","cat":284440},{"id":6461,"n":"Crème dessert Mont Blanc Riz au lait Vanille - 4x125g","p":5.85,"u":"11,70 €/KG","img":"https://fd15-photos.leclercdrive.fr/image.ashx?id=2979614&use=l&cat=p&typeid=i","cat":284506},{"id":6467,"n":"Pâtes Macaroni Turini 1kg","p":2.05,"u":"2,05 €/KG","img":"https://fd15-photos.leclercdrive.fr/image.ashx?id=2980435&use=l&cat=p&typeid=i","cat":284427},{"id":6471,"n":"Lingettes Individuelles Hygiène Intime Hamamélis Intima x16","p":6.36,"u":"0,40 €/P","img":"https://fd15-photos.leclercdrive.fr/image.ashx?id=2959859&use=l&cat=p&typeid=i","cat":284627},{"id":6472,"n":"Miel L'Apiculteur crémeux  et onctueux- 500g","p":13.7,"u":"27,40 €/KG","img":"https://fd15-photos.leclercdrive.fr/image.ashx?id=2854387&use=l&cat=p&typeid=i","cat":287643},{"id":6486,"n":"Biscuits apéritif Lay's 3D's Goût Bacon - 85g","p":2.04,"u":"24,00 €/KG","img":"https://fd15-photos.leclercdrive.fr/image.ashx?id=2917414&use=l&cat=p&typeid=i","cat":284449},{"id":6496,"n":"Sauce au Beurre Blan KNORR Échalote - Brique 30cl","p":2.74,"u":"9,13 €/L","img":"https://fd15-photos.leclercdrive.fr/image.ashx?id=2915991&use=l&cat=p&typeid=i","cat":288381},{"id":6500,"n":"Huile d'olive Lesieur Vierge extra - 1L","p":16.41,"u":"16,41 €/L","img":"https://fd15-photos.leclercdrive.fr/image.ashx?id=2190993&use=l&cat=p&typeid=i","cat":284453},{"id":6511,"n":"Pâtes Spaghetti Turini 1kg","p":2.18,"u":"2,18 €/KG","img":"https://fd15-photos.leclercdrive.fr/image.ashx?id=2980450&use=l&cat=p&typeid=i","cat":284427},{"id":6512,"n":"Riz long Comptoir du Grain Sachet cuisson rapide x4 - 500g","p":1.89,"u":"3,78 €/KG","img":"https://fd15-photos.leclercdrive.fr/image.ashx?id=2118454&use=l&cat=p&typeid=i","cat":284428},{"id":6513,"n":"Vinaigre de vin Rustica Aromatisé à l'échalote - 75cl","p":1.75,"u":"2,33 €/L","img":"https://fd15-photos.leclercdrive.fr/image.ashx?id=1659936&use=l&cat=p&typeid=i","cat":298543},{"id":6514,"n":"Margarine Nat & vie Idéal cuisson - 500g","p":1.89,"u":"3,78 €/KG","img":"https://fd15-photos.leclercdrive.fr/image.ashx?id=2881223&use=l&cat=p&typeid=i","cat":315229},{"id":6516,"n":"Gâteaux P'tit Déli Pépites au chocolat 5x30g","p":2.19,"u":"14,60 €/KG","img":"https://fd15-photos.leclercdrive.fr/image.ashx?id=1986647&use=l&cat=p&typeid=i","cat":284495},{"id":6519,"n":"Soufflés Frites Tokapi Salé - 80g","p":1.11,"u":"13,88 €/KG","img":"https://fd15-photos.leclercdrive.fr/image.ashx?id=2486074&use=l&cat=p&typeid=i","cat":284449},{"id":6521,"n":"Pâtes chinoises Tables du Monde 250g","p":1.64,"u":"6,56 €/KG","img":"https://fd15-photos.leclercdrive.fr/image.ashx?id=2572058&use=l&cat=p&typeid=i","cat":288992},{"id":6523,"n":"Champignons Paris Notre Jardin Emincés - 2x115g","p":2.45,"u":"10,65 €/KG","img":"https://fd15-photos.leclercdrive.fr/image.ashx?id=2724696&use=l&cat=p&typeid=i","cat":312610},{"id":6524,"n":"Dessert fruitier pomme Douceur du Verger 8x100g","p":2.68,"u":"3,35 €/KG","img":"https://fd15-photos.leclercdrive.fr/image.ashx?id=2042442&use=l&cat=p&typeid=i","cat":284416},{"id":6525,"n":"Serviette hygiénique Doulys Ultra - Super+ - x12","p":2.09,"u":"0,17 €/P","img":"https://fd15-photos.leclercdrive.fr/image.ashx?id=2838918&use=l&cat=p&typeid=i","cat":284624},{"id":6526,"n":"Serviette hygiénique Doulys Ultra - Spécial nuit - x10","p":1.89,"u":"0,19 €/P","img":"https://fd15-photos.leclercdrive.fr/image.ashx?id=2838921&use=l&cat=p&typeid=i","cat":284624},{"id":6579,"n":"Vinaigre d'alcool coloré Eco+ 1L","p":0.55,"u":"0,55 €/L","img":"https://fd15-photos.leclercdrive.fr/image.ashx?id=2831553&use=l&cat=p&typeid=i","cat":298543},{"id":6580,"n":"Fromage de chévre Les Croisés 150g","p":2.0,"u":"13,33 €/KG","img":"https://fd15-photos.leclercdrive.fr/image.ashx?id=2978510&use=l&cat=p&typeid=i","cat":314031},{"id":6581,"n":"Fromage : Le carrou Les croisés Authentique - 27% mg - 220g","p":2.95,"u":"13,41 €/KG","img":"https://fd15-photos.leclercdrive.fr/image.ashx?id=2856272&use=l&cat=p&typeid=i","cat":314033},{"id":6582,"n":"Coulommiers De pays  Les Croisés - 21% mg - 350g","p":3.5,"u":"10,00 €/KG","img":"https://fd15-photos.leclercdrive.fr/image.ashx?id=2463465&use=l&cat=p&typeid=i","cat":314033},{"id":6589,"n":"Fromage Chaource NRT AOP  250g","p":5.75,"u":"23,00 €/KG","img":"https://fd15-photos.leclercdrive.fr/image.ashx?id=2874768&use=l&cat=p&typeid=i","cat":329558},{"id":6630,"n":"Pâtes torsettes Turini Les 3 min - 500g","p":1.12,"u":"2,24 €/KG","img":"https://fd15-photos.leclercdrive.fr/image.ashx?id=2607467&use=l&cat=p&typeid=i","cat":284427},{"id":6648,"n":"Boîte chocolats Ferrero Rocher x28 pralines - 350g","p":15.25,"u":"43,57 €/KG","img":"https://fd15-photos.leclercdrive.fr/image.ashx?id=2952884&use=l&cat=p&typeid=i","cat":327600},{"id":6681,"n":"Persil frisé la botte  1p","p":3.49,"img":"https://fd15-photos.leclercdrive.fr/image.ashx?id=578632&use=l&cat=p&typeid=i","cat":293607},{"id":6687,"n":"Chou chinois 1p","p":4.99,"img":"https://fd15-photos.leclercdrive.fr/image.ashx?id=578704&use=l&cat=p&typeid=i","cat":284352},{"id":6711,"n":"Spray nettoyant vitres Clair Recharge 750ml","p":1.63,"u":"2,17 €/L","img":"https://fd15-photos.leclercdrive.fr/image.ashx?id=1647691&use=l&cat=p&typeid=i","cat":325363},{"id":6712,"n":"Spray nettoyant vitres Clair 750ml","p":1.95,"u":"2,60 €/L","img":"https://fd15-photos.leclercdrive.fr/image.ashx?id=2943623&use=l&cat=p&typeid=i","cat":325363},{"id":6714,"n":"Fromage raclette Entremont Saveur d'Antan 350g","p":5.67,"u":"16,20 €/KG","img":"https://fd15-photos.leclercdrive.fr/image.ashx?id=2984985&use=l&cat=p&typeid=i","cat":314037},{"id":6715,"n":"Assiette charcuterie Saint Azay 200g","p":3.9,"u":"19,50 €/KG","img":"https://fd15-photos.leclercdrive.fr/image.ashx?id=2417734&use=l&cat=p&typeid=i","cat":316007},{"id":6779,"n":"Sauce Olives Basilic Panzani 400g","p":2.39,"u":"5,98 €/KG","img":"https://fd15-photos.leclercdrive.fr/image.ashx?id=2880679&use=l&cat=p&typeid=i","cat":288384},{"id":6780,"n":"Ail semoule Ducros 60g","p":2.21,"u":"36,83 €/KG","img":"https://fd15-photos.leclercdrive.fr/image.ashx?id=2498672&use=l&cat=p&typeid=i","cat":298297},{"id":6782,"n":"Cannelle en bâton Ducros 10g","p":2.15,"u":"215,00 €/KG","img":"https://fd15-photos.leclercdrive.fr/image.ashx?id=1748573&use=l&cat=p&typeid=i","cat":298297},{"id":6788,"n":"Herbes de provence Ducros 18g","p":1.9,"u":"105,56 €/KG","img":"https://fd15-photos.leclercdrive.fr/image.ashx?id=2486533&use=l&cat=p&typeid=i","cat":298297},{"id":6797,"n":"Herbes de Provence Ducros 120g","p":4.85,"u":"40,42 €/KG","img":"https://fd15-photos.leclercdrive.fr/image.ashx?id=2383571&use=l&cat=p&typeid=i","cat":298297},{"id":6798,"n":"Safran en poudre Ducros 3 doses de 0.1g","p":4.1,"img":"https://fd15-photos.leclercdrive.fr/image.ashx?id=2490488&use=l&cat=p&typeid=i","cat":298297},{"id":6799,"n":"Poivre gris moulu et sel Ducros 2x34g","p":1.7,"u":"25,00 €/KG","img":"https://fd15-photos.leclercdrive.fr/image.ashx?id=2759457&use=l&cat=p&typeid=i","cat":284457},{"id":6800,"n":"Baies roses entières Ducros 20g","p":2.95,"u":"147,50 €/KG","img":"https://fd15-photos.leclercdrive.fr/image.ashx?id=2486575&use=l&cat=p&typeid=i","cat":284457},{"id":6803,"n":"Pralin Vahiné 100g","p":3.1,"u":"31,00 €/KG","img":"https://fd15-photos.leclercdrive.fr/image.ashx?id=2559775&use=l&cat=p&typeid=i","cat":284504},{"id":6804,"n":"Décor pour gateaux Vahiné Vermicelles Arc-en-ciel - 65g","p":1.75,"u":"26,92 €/KG","img":"https://fd15-photos.leclercdrive.fr/image.ashx?id=2524311&use=l&cat=p&typeid=i","cat":284504},{"id":6806,"n":"Bougies d'anniversaire Vahiné Couleur divers - 16 pièces","p":2.0,"u":"0,13 €/P","img":"https://fd15-photos.leclercdrive.fr/image.ashx?id=1865903&use=l&cat=p&typeid=i","cat":284504},{"id":6810,"n":"Nappage chocolat Vahiné 350g","p":3.75,"u":"10,71 €/KG","img":"https://fd15-photos.leclercdrive.fr/image.ashx?id=2938656&use=l&cat=p&typeid=i","cat":284504},{"id":6829,"n":"Sucre Daddy n°4 Morceaux - 1kg","p":3.65,"u":"3,65 €/KG","img":"https://fd15-photos.leclercdrive.fr/image.ashx?id=2936056&use=l&cat=p&typeid=i","cat":284502},{"id":6830,"n":"Sucre Cristal Daddy 1kg","p":3.39,"u":"3,39 €/KG","img":"https://fd15-photos.leclercdrive.fr/image.ashx?id=2975855&use=l&cat=p&typeid=i","cat":284502},{"id":6831,"n":"Sucre en poudre Daddy 1kg","p":2.79,"u":"2,79 €/KG","img":"https://fd15-photos.leclercdrive.fr/image.ashx?id=2936062&use=l&cat=p&typeid=i","cat":284502},{"id":6834,"n":"Soufflés l'Original Curly Cacahuète - 60g","p":1.4,"u":"23,33 €/KG","img":"https://fd15-photos.leclercdrive.fr/image.ashx?id=2971035&use=l&cat=p&typeid=i","cat":284449},{"id":6847,"n":"Canapés toasts Epi d'Or Briochés - 250g","p":1.99,"u":"7,96 €/KG","img":"https://fd15-photos.leclercdrive.fr/image.ashx?id=2564488&use=l&cat=p&typeid=i","cat":285454},{"id":6873,"n":"Saucisson cuit à l'ail Herta 300g","p":3.05,"u":"10,17 €/KG","img":"https://fd15-photos.leclercdrive.fr/image.ashx?id=2731342&use=l&cat=p&typeid=i","cat":316006},{"id":6879,"n":"Fromage Gouda Les Croisés En tranche - 200g","p":2.3,"u":"11,50 €/KG","img":"https://fd15-photos.leclercdrive.fr/image.ashx?id=2028173&use=l&cat=p&typeid=i","cat":314028},{"id":6880,"n":"Fromage Mimolette Les Croisés En tranche x8 - 200g","p":2.3,"u":"11,50 €/KG","img":"https://fd15-photos.leclercdrive.fr/image.ashx?id=2028176&use=l&cat=p&typeid=i","cat":314028},{"id":6881,"n":"Fromage Maasdam Les Croisés En tranche x8 - 200g","p":2.49,"u":"12,45 €/KG","img":"https://fd15-photos.leclercdrive.fr/image.ashx?id=1990673&use=l&cat=p&typeid=i","cat":314028},{"id":6913,"n":"Comprimés de stérilisation Mots d'enfants x30","p":5.9,"img":"https://fd15-photos.leclercdrive.fr/image.ashx?id=581487&use=l&cat=p&typeid=i","cat":289435},{"id":6915,"n":"Bloc bureau Esquisse - 80 pages 14.8x21cm","p":1.78,"img":"https://fd15-photos.leclercdrive.fr/image.ashx?id=1928752&use=l&cat=p&typeid=i","cat":284697},{"id":6928,"n":"Préparation pour fondue Les Croisés 18%mg 400g","p":4.5,"u":"11,25 €/KG","img":"https://fd15-photos.leclercdrive.fr/image.ashx?id=2791761&use=l&cat=p&typeid=i","cat":314037},{"id":6982,"n":"Lait frais Ribot Bridel entier 1L","p":3.38,"u":"3,38 €/L","img":"https://fd15-photos.leclercdrive.fr/image.ashx?id=2651906&use=l&cat=p&typeid=i","cat":285610},{"id":7001,"n":"Céréales Babybio - Dès 8 mois Bio Cacao  - 220g","p":5.6,"u":"25,45 €/KG","img":"https://fd15-photos.leclercdrive.fr/image.ashx?id=2837751&use=l&cat=p&typeid=i","cat":312225},{"id":7005,"n":"Petits pots Babybio - 4 mois Bio Légumes verts - 2x130g","p":2.65,"u":"10,19 €/KG","img":"https://fd15-photos.leclercdrive.fr/image.ashx?id=2733271&use=l&cat=p&typeid=i","cat":312234},{"id":7006,"n":"Repas bébé Bio Babybio - 4 mois Carotte & Potimarron - 2x130g","p":2.95,"u":"11,35 €/KG","img":"https://fd15-photos.leclercdrive.fr/image.ashx?id=2837757&use=l&cat=p&typeid=i","cat":312234},{"id":7011,"n":"Compote bébé bio Babybio Pomme - 4 mois - 2x130g","p":3.89,"u":"14,96 €/KG","img":"https://fd15-photos.leclercdrive.fr/image.ashx?id=2838317&use=l&cat=p&typeid=i","cat":312387},{"id":7012,"n":"Compote bébé Babybio - 4 mois Bio Poire williams - 2x130g","p":3.5,"u":"13,46 €/KG","img":"https://fd15-photos.leclercdrive.fr/image.ashx?id=2834515&use=l&cat=p&typeid=i","cat":312387},{"id":7013,"n":"Compote bébé Babybio Bio 4 mois Pomme / Pêche - 2x130g","p":2.99,"u":"11,50 €/KG","img":"https://fd15-photos.leclercdrive.fr/image.ashx?id=2859362&use=l&cat=p&typeid=i","cat":312387},{"id":7014,"n":"Compote bébé bio Babybio Pomme abricot - 4 mois - 2x130g","p":2.85,"u":"10,96 €/KG","img":"https://fd15-photos.leclercdrive.fr/image.ashx?id=2838320&use=l&cat=p&typeid=i","cat":312387},{"id":7015,"n":"Compote bébé bio Babybio Pomme coing - 4 mois - 2x130g","p":2.99,"u":"11,50 €/KG","img":"https://fd15-photos.leclercdrive.fr/image.ashx?id=2838323&use=l&cat=p&typeid=i","cat":312387},{"id":7017,"n":"Compote bébé Babybio Bio 4 mois Pomme / Banane - 2x130g","p":2.99,"u":"11,50 €/KG","img":"https://fd15-photos.leclercdrive.fr/image.ashx?id=2832011&use=l&cat=p&typeid=i","cat":312387},{"id":7019,"n":"Compote Cool Fruits bio Vitabio Pomme Pêche Abricot - 4x90g","p":4.79,"u":"13,31 €/KG","img":"https://fd15-photos.leclercdrive.fr/image.ashx?id=2621414&use=l&cat=p&typeid=i","cat":284508},{"id":7025,"n":"Pizza Cuite sur pierre Turini Jambon fromage - 400g","p":2.99,"u":"7,48 €/KG","img":"https://fd15-photos.leclercdrive.fr/image.ashx?id=2815223&use=l&cat=p&typeid=i","cat":284256},{"id":7029,"n":"Velouté de carotte Régal A la Crème fraîche - 1L","p":1.95,"u":"1,95 €/L","img":"https://fd15-photos.leclercdrive.fr/image.ashx?id=2905889&use=l&cat=p&typeid=i","cat":284462},{"id":7030,"n":"Sauce Tomate cuisinée Turini Aux petits légumes - 180g","p":1.19,"u":"6,61 €/KG","img":"https://fd15-photos.leclercdrive.fr/image.ashx?id=2490034&use=l&cat=p&typeid=i","cat":288384},{"id":7059,"n":"Compote Cool Fruits bio Vitabio Pomme Fraise Myrtille - 4x90g","p":4.79,"u":"13,31 €/KG","img":"https://fd15-photos.leclercdrive.fr/image.ashx?id=2830303&use=l&cat=p&typeid=i","cat":284508},{"id":7071,"n":"Petits Boudoirs Babybio Bio - Orange Douce - 120g","p":4.39,"u":"36,58 €/KG","img":"https://fd15-photos.leclercdrive.fr/image.ashx?id=2733262&use=l&cat=p&typeid=i","cat":312227},{"id":7085,"n":"Vin mousseux d'Union Européenne  Demi-sec -75cl","p":3.94,"u":"5,25 €/L","img":"https://fd15-photos.leclercdrive.fr/image.ashx?id=1951019&use=l&cat=p&typeid=i","cat":284544},{"id":7088,"n":"AOC Crémant de Bourgogne brut rosé Antoine Barrier - 75cl","p":10.69,"u":"14,25 €/L","img":"https://fd15-photos.leclercdrive.fr/image.ashx?id=2667571&use=l&cat=p&typeid=i","cat":284545},{"id":7095,"n":"Compote Cool Fruits bio Vitabio Pomme Banane - 4x90g","p":4.79,"u":"13,31 €/KG","img":"https://fd15-photos.leclercdrive.fr/image.ashx?id=2733346&use=l&cat=p&typeid=i","cat":284508},{"id":7127,"n":"Sauce soja Jardin Bio' Bio - 125ml","p":3.45,"u":"27,60 €/L","img":"https://fd15-photos.leclercdrive.fr/image.ashx?id=2740118&use=l&cat=p&typeid=i","cat":288992},{"id":7128,"n":"Porc au caramel Tables du Monde Riz thaï 300g","p":4.49,"u":"14,97 €/KG","img":"https://fd15-photos.leclercdrive.fr/image.ashx?id=2700957&use=l&cat=p&typeid=i","cat":333665},{"id":7190,"n":"Lait coco Kara - Brique 500ml","p":5.95,"u":"11,90 €/KG","img":"https://fd15-photos.leclercdrive.fr/image.ashx?id=2906898&use=l&cat=p&typeid=i","cat":288992},{"id":7191,"n":"Nouilles chinoises Tanoshi blé tendre - 250g","p":2.41,"u":"9,64 €/KG","img":"https://fd15-photos.leclercdrive.fr/image.ashx?id=2850892&use=l&cat=p&typeid=i","cat":288992},{"id":7199,"n":"Crème noix coco Kara - brique de 200ml","p":3.07,"u":"15,35 €/KG","img":"https://fd15-photos.leclercdrive.fr/image.ashx?id=2906892&use=l&cat=p&typeid=i","cat":288992},{"id":7216,"n":"Talc bébé Mots d'Enfants 250g","p":3.05,"u":"12,20 €/KG","img":"https://fd15-photos.leclercdrive.fr/image.ashx?id=3015033&use=l&cat=p&typeid=i","cat":284741},{"id":7264,"n":"Secret de mousse La laitière Café - 4x59g","p":2.96,"u":"12,54 €/KG","img":"https://fd15-photos.leclercdrive.fr/image.ashx?id=2651378&use=l&cat=p&typeid=i","cat":284417},{"id":7282,"n":"Compote Douceur du Verger  Pomme Poire - 4x100g","p":1.59,"u":"3,98 €/KG","img":"https://fd15-photos.leclercdrive.fr/image.ashx?id=1910598&use=l&cat=p&typeid=i","cat":284416},{"id":7283,"n":"Compote Douceur du Verger Pomme banane - 4x100g","p":1.39,"u":"3,48 €/KG","img":"https://fd15-photos.leclercdrive.fr/image.ashx?id=1910601&use=l&cat=p&typeid=i","cat":284416},{"id":7284,"n":"Compote Douceur du Verger Pomme Fraise - 4x100g","p":1.49,"u":"3,73 €/KG","img":"https://fd15-photos.leclercdrive.fr/image.ashx?id=1910604&use=l&cat=p&typeid=i","cat":284416},{"id":7289,"n":"Crème Dépilatoire Siliss Peaux sensibles - 200ml","p":2.5,"u":"12,50 €/L","img":"https://fd15-photos.leclercdrive.fr/image.ashx?id=2699675&use=l&cat=p&typeid=i","cat":325351},{"id":7291,"n":"Jus d'orange sanguine Jafaden 1L","p":4.45,"u":"4,45 €/L","img":"https://fd15-photos.leclercdrive.fr/image.ashx?id=2420388&use=l&cat=p&typeid=i","cat":285435},{"id":7294,"n":"Huile de tournesol Bio Village Bio - 75cl","p":4.05,"u":"5,40 €/L","img":"https://fd15-photos.leclercdrive.fr/image.ashx?id=2814447&use=l&cat=p&typeid=i","cat":284453},{"id":7315,"n":"Concentré de tomates Eco+ 2x140g","p":1.77,"u":"6,32 €/KG","img":"https://fd15-photos.leclercdrive.fr/image.ashx?id=2683511&use=l&cat=p&typeid=i","cat":288384},{"id":7316,"n":"Concentré de tomates Eco+ 3x70g","p":1.73,"u":"8,24 €/KG","img":"https://fd15-photos.leclercdrive.fr/image.ashx?id=2681571&use=l&cat=p&typeid=i","cat":288384},{"id":7343,"n":"Pâtes Panzani Penne rigate - 500g","p":1.65,"u":"3,30 €/KG","img":"https://fd15-photos.leclercdrive.fr/image.ashx?id=2876011&use=l&cat=p&typeid=i","cat":284427},{"id":7344,"n":"Pâtes petits paniers Panzani 500g","p":1.82,"u":"3,64 €/KG","img":"https://fd15-photos.leclercdrive.fr/image.ashx?id=2876014&use=l&cat=p&typeid=i","cat":284427},{"id":7345,"n":"Pâtes serpentini Panzani 500g","p":1.65,"u":"3,30 €/KG","img":"https://fd15-photos.leclercdrive.fr/image.ashx?id=2876044&use=l&cat=p&typeid=i","cat":284427},{"id":7349,"n":"Croquettes chat One Purina Stérilisé - Boeuf/Blé - 450g","p":4.55,"u":"10,11 €/KG","img":"https://fd15-photos.leclercdrive.fr/image.ashx?id=2681044&use=l&cat=p&typeid=i","cat":284680},{"id":7350,"n":"Couscous à la Marocaine  Garbit - 285g","p":4.25,"u":"14,91 €/KG","img":"https://fd15-photos.leclercdrive.fr/image.ashx?id=2672128&use=l&cat=p&typeid=i","cat":284953},{"id":7359,"n":"Gorgonzola AOP Les Croisés -150g","p":2.39,"u":"15,93 €/KG","img":"https://fd15-photos.leclercdrive.fr/image.ashx?id=2796037&use=l&cat=p&typeid=i","cat":314032},{"id":7360,"n":"Mortadelle Italienne Saint Azay 12 tranches 150g","p":3.19,"u":"21,27 €/KG","img":"https://fd15-photos.leclercdrive.fr/image.ashx?id=2704481&use=l&cat=p&typeid=i","cat":316009},{"id":7361,"n":"Fromage Edam Les Croisés En tranche x8 - 200g","p":2.3,"u":"11,50 €/KG","img":"https://fd15-photos.leclercdrive.fr/image.ashx?id=2041351&use=l&cat=p&typeid=i","cat":314028},{"id":7362,"n":"Riz Basmati Comptoir du Grain Express 2 min - 250g","p":1.49,"u":"5,96 €/KG","img":"https://fd15-photos.leclercdrive.fr/image.ashx?id=2441192&use=l&cat=p&typeid=i","cat":287600},{"id":7363,"n":"Riz Express Comptoir du Grain A la méditerranéenne - 250g","p":1.45,"u":"5,80 €/KG","img":"https://fd15-photos.leclercdrive.fr/image.ashx?id=2856474&use=l&cat=p&typeid=i","cat":287600},{"id":7364,"n":"Sauce au poivre vert Rustica 30g","p":0.68,"u":"22,67 €/KG","img":"https://fd15-photos.leclercdrive.fr/image.ashx?id=2965422&use=l&cat=p&typeid=i","cat":288381},{"id":7366,"n":"Sauce Champignons Rustica 27g","p":0.99,"u":"36,67 €/KG","img":"https://fd15-photos.leclercdrive.fr/image.ashx?id=2188829&use=l&cat=p&typeid=i","cat":288381},{"id":7368,"n":"Chiffonnade de jambon sec Saint Azay affiné 7 mois - 100g","p":2.89,"u":"28,90 €/KG","img":"https://fd15-photos.leclercdrive.fr/image.ashx?id=2462254&use=l&cat=p&typeid=i","cat":316007},{"id":7369,"n":"Chiffonades de rosette Saint Azay - 100g","p":2.65,"u":"26,50 €/KG","img":"https://fd15-photos.leclercdrive.fr/image.ashx?id=2401891&use=l&cat=p&typeid=i","cat":316007},{"id":7375,"n":"Lunettes de Romans NRT Fraise - 350g","p":4.73,"u":"13,51 €/KG","img":"https://fd15-photos.leclercdrive.fr/image.ashx?id=2622293&use=l&cat=p&typeid=i","cat":284489},{"id":7378,"n":"Jambon d'Auvergne IGP NRT x4 - 100g","p":2.97,"u":"29,70 €/KG","img":"https://fd15-photos.leclercdrive.fr/image.ashx?id=2670419&use=l&cat=p&typeid=i","cat":316007},{"id":7379,"n":"Jambon de Savoie NRT x6 - 90g","p":3.19,"u":"35,44 €/KG","img":"https://fd15-photos.leclercdrive.fr/image.ashx?id=2670422&use=l&cat=p&typeid=i","cat":316007},{"id":7381,"n":"Sachet repas chats Gourmet 4 variétés poissons - 4x85g","p":3.7,"u":"10,88 €/KG","img":"https://fd15-photos.leclercdrive.fr/image.ashx?id=2867788&use=l&cat=p&typeid=i","cat":285286},{"id":7427,"n":"Huile d'olive Puget Vierge extra - 50cl","p":9.99,"u":"19,98 €/L","img":"https://fd15-photos.leclercdrive.fr/image.ashx?id=2915877&use=l&cat=p&typeid=i","cat":284453},{"id":7431,"n":"Huile de friture Frial Lesieur 1l","p":4.36,"u":"4,36 €/L","img":"https://fd15-photos.leclercdrive.fr/image.ashx?id=2916851&use=l&cat=p&typeid=i","cat":284453},{"id":7432,"n":"Huile de friture Frial Lesieur 2L","p":7.13,"u":"3,57 €/L","img":"https://fd15-photos.leclercdrive.fr/image.ashx?id=2916857&use=l&cat=p&typeid=i","cat":284453},{"id":7433,"n":"Vinaigrette Rustica Fines herbes - 50cl","p":1.38,"u":"2,76 €/L","img":"https://fd15-photos.leclercdrive.fr/image.ashx?id=1964912&use=l&cat=p&typeid=i","cat":284456},{"id":7437,"n":"Pâte brisée Tablier Blanc Au beurre - 230g","p":1.72,"u":"7,48 €/KG","img":"https://fd15-photos.leclercdrive.fr/image.ashx?id=2635892&use=l&cat=p&typeid=i","cat":333681},{"id":7439,"n":"Vinaigrette Rustica Nature - 1L","p":2.25,"u":"2,25 €/L","img":"https://fd15-photos.leclercdrive.fr/image.ashx?id=1972904&use=l&cat=p&typeid=i","cat":284456},{"id":7441,"n":"Huile de friture Rustica 1L","p":3.2,"u":"3,20 €/L","img":"https://fd15-photos.leclercdrive.fr/image.ashx?id=2900331&use=l&cat=p&typeid=i","cat":284453},{"id":7443,"n":"Dessert fruitier pomme poire Douceur du Verger s/sucre 4x97g","p":2.15,"u":"5,54 €/KG","img":"https://fd15-photos.leclercdrive.fr/image.ashx?id=1957066&use=l&cat=p&typeid=i","cat":284416},{"id":7444,"n":"Dessert fruitier pomme Douceur du Verger s/sucre 4x97g","p":1.8,"u":"4,64 €/KG","img":"https://fd15-photos.leclercdrive.fr/image.ashx?id=1957069&use=l&cat=p&typeid=i","cat":284416},{"id":7448,"n":"Compote Douceur du Verger Coupelle pomme pruneau - 4x100g","p":1.79,"u":"4,48 €/KG","img":"https://fd15-photos.leclercdrive.fr/image.ashx?id=2878705&use=l&cat=p&typeid=i","cat":284508},{"id":7450,"n":"Gâteaux fourrés P'tit Déli Fraise x7 - 196g","p":3.45,"u":"17,60 €/KG","img":"https://fd15-photos.leclercdrive.fr/image.ashx?id=2659777&use=l&cat=p&typeid=i","cat":284495},{"id":7451,"n":"Biscuits P'tit Déli Goûters Fourrés au chocolat 2x300g","p":4.25,"u":"7,08 €/KG","img":"https://fd15-photos.leclercdrive.fr/image.ashx?id=2116182&use=l&cat=p&typeid=i","cat":284488},{"id":7452,"n":"Tubes Fromage blanc Délisse 3 parfums - 12 x40g","p":3.39,"u":"7,06 €/KG","img":"https://fd15-photos.leclercdrive.fr/image.ashx?id=2884231&use=l&cat=p&typeid=i","cat":284415},{"id":7455,"n":"Fromage Bleu des Causses NRT  AOP - 125g","p":2.85,"u":"22,80 €/KG","img":"https://fd15-photos.leclercdrive.fr/image.ashx?id=2771043&use=l&cat=p&typeid=i","cat":314032},{"id":7459,"n":"Pâtes Barilla Spaghetti n°5 - 500g","p":1.6,"u":"3,20 €/KG","img":"https://fd15-photos.leclercdrive.fr/image.ashx?id=2392200&use=l&cat=p&typeid=i","cat":284427},{"id":7465,"n":"Actifidus Délisse Citron - 4x125g","p":2.0,"u":"4,00 €/KG","img":"https://fd15-photos.leclercdrive.fr/image.ashx?id=2501673&use=l&cat=p&typeid=i","cat":315000},{"id":7466,"n":"Pain grillé Epi d'or Brioché x26 - 300g","p":3.39,"u":"11,30 €/KG","img":"https://fd15-photos.leclercdrive.fr/image.ashx?id=2532835&use=l&cat=p&typeid=i","cat":284479},{"id":7508,"n":"Glace Tyrolia Eskiss Cappuccino - 340g","p":3.39,"u":"9,97 €/KG","img":"https://fd15-photos.leclercdrive.fr/image.ashx?id=2085218&use=l&cat=p&typeid=i","cat":284266},{"id":7529,"n":"Fromage Comté Entremont 200g","p":4.75,"u":"23,75 €/KG","img":"https://fd15-photos.leclercdrive.fr/image.ashx?id=2983144&use=l&cat=p&typeid=i","cat":314034},{"id":7530,"n":"Crème fraîche épaisse Bridélice 15%mg 20cl","p":1.52,"u":"7,60 €/L","img":"https://fd15-photos.leclercdrive.fr/image.ashx?id=2970873&use=l&cat=p&typeid=i","cat":284381},{"id":7540,"n":"Barquette chiens Lydog Au Poulet et Rognons - 300g","p":1.59,"u":"5,30 €/KG","img":"https://fd15-photos.leclercdrive.fr/image.ashx?id=2042427&use=l&cat=p&typeid=i","cat":284673},{"id":7541,"n":"Barquette chiens Lydog Au Boeuf et Coeur - 300g","p":1.89,"u":"6,30 €/KG","img":"https://fd15-photos.leclercdrive.fr/image.ashx?id=2042430&use=l&cat=p&typeid=i","cat":284673},{"id":7542,"n":"Barquette chien Lydog au Foie et Volailles - 300g","p":1.49,"u":"4,97 €/KG","img":"https://fd15-photos.leclercdrive.fr/image.ashx?id=2042436&use=l&cat=p&typeid=i","cat":284673},{"id":7548,"n":"Ail Rustica 100g","p":2.41,"u":"24,10 €/KG","img":"https://fd15-photos.leclercdrive.fr/image.ashx?id=2365451&use=l&cat=p&typeid=i","cat":319804},{"id":7549,"n":"Persil Rustica 50g","p":1.04,"u":"20,80 €/KG","img":"https://fd15-photos.leclercdrive.fr/image.ashx?id=2365454&use=l&cat=p&typeid=i","cat":319804},{"id":7556,"n":"Olives fromage Pause Fraîcheur 150g","p":2.78,"u":"18,53 €/KG","img":"https://fd15-photos.leclercdrive.fr/image.ashx?id=2601286&use=l&cat=p&typeid=i","cat":316002},{"id":7560,"n":"Barquettes chats Tous mes amis Mousselines 4 variétés - 4x85g","p":2.95,"u":"8,68 €/KG","img":"https://fd15-photos.leclercdrive.fr/image.ashx?id=2520023&use=l&cat=p&typeid=i","cat":285286},{"id":7573,"n":"Infusion Bio Jardin Bio' Draineur - x20 sachets - 30g","p":3.85,"u":"128,33 €/KG","img":"https://fd15-photos.leclercdrive.fr/image.ashx?id=2792525&use=l&cat=p&typeid=i","cat":293234},{"id":7574,"n":"Infusion bio Jardin Bio' Aide minceur - 30g","p":3.9,"u":"130,00 €/KG","img":"https://fd15-photos.leclercdrive.fr/image.ashx?id=2971110&use=l&cat=p&typeid=i","cat":293234},{"id":7585,"n":"Echalote Rustica 100g","p":1.79,"u":"17,90 €/KG","img":"https://fd15-photos.leclercdrive.fr/image.ashx?id=2365457&use=l&cat=p&typeid=i","cat":319804},{"id":7586,"n":"Fond de veau Rustica 110g","p":2.25,"u":"20,45 €/KG","img":"https://fd15-photos.leclercdrive.fr/image.ashx?id=2188679&use=l&cat=p&typeid=i","cat":288379},{"id":7589,"n":"Biscuits Mikado LU Chocolat au lait - 3x39g","p":4.5,"u":"38,46 €/KG","img":"https://fd15-photos.leclercdrive.fr/image.ashx?id=3001970&use=l&cat=p&typeid=i","cat":284488},{"id":7598,"n":"Ravioli de volaille Jardin Bio' Bio - 700g","p":7.4,"u":"10,57 €/KG","img":"https://fd15-photos.leclercdrive.fr/image.ashx?id=2950183&use=l&cat=p&typeid=i","cat":284442},{"id":7599,"n":"Haricots verts Jardin Bio' Bio extra fin coupés - 360g","p":4.25,"u":"11,81 €/KG","img":"https://fd15-photos.leclercdrive.fr/image.ashx?id=2967151&use=l&cat=p&typeid=i","cat":312606},{"id":7601,"n":"Dessert fruitier Jardin Bio' bio Pomme vanille bourbon 680g","p":5.2,"u":"7,65 €/KG","img":"https://fd15-photos.leclercdrive.fr/image.ashx?id=2967786&use=l&cat=p&typeid=i","cat":284508},{"id":7646,"n":"Spaghetti Jardin Bio Bio quinoa persil ail - 500g","p":3.7,"u":"7,40 €/KG","img":"https://fd15-photos.leclercdrive.fr/image.ashx?id=3014542&use=l&cat=p&typeid=i","cat":284427},{"id":7649,"n":"Dessert fruitier Andros Pomme Cassis - 4x100g","p":2.4,"u":"6,00 €/KG","img":"https://fd15-photos.leclercdrive.fr/image.ashx?id=2883928&use=l&cat=p&typeid=i","cat":284416},{"id":7652,"n":"Compotes Pomme Pruneau Andros 4x100g","p":3.35,"u":"8,38 €/KG","img":"https://fd15-photos.leclercdrive.fr/image.ashx?id=2935789&use=l&cat=p&typeid=i","cat":284416},{"id":7665,"n":"Camembert Lanquetot Moulé à la louche - 250g","p":4.99,"u":"19,96 €/KG","img":"https://fd15-photos.leclercdrive.fr/image.ashx?id=2945484&use=l&cat=p&typeid=i","cat":314033},{"id":7666,"n":"Camembert Lepetit  250g","p":4.45,"u":"17,80 €/KG","img":"https://fd15-photos.leclercdrive.fr/image.ashx?id=2504350&use=l&cat=p&typeid=i","cat":314033},{"id":7674,"n":"Gésiers de volaille le Gaulois 2x300g","p":6.9,"u":"11,50 €/KG","img":"https://fd15-photos.leclercdrive.fr/image.ashx?id=2759283&use=l&cat=p&typeid=i","cat":284715},{"id":7693,"n":"Magret de canard Sud Ouest NRT Séché - 90g","p":4.99,"u":"55,44 €/KG","img":"https://fd15-photos.leclercdrive.fr/image.ashx?id=2966842&use=l&cat=p&typeid=i","cat":316007},{"id":7694,"n":"Magret de canard Sud Ouest NRT Fumé - 90g","p":4.99,"u":"55,44 €/KG","img":"https://fd15-photos.leclercdrive.fr/image.ashx?id=2958380&use=l&cat=p&typeid=i","cat":316007},{"id":7696,"n":"Camembert Bons Mayennais Lait pasteurisé 22%mg - 250g","p":4.49,"u":"17,96 €/KG","img":"https://fd15-photos.leclercdrive.fr/image.ashx?id=2966689&use=l&cat=p&typeid=i","cat":314033},{"id":7713,"n":"Dessert fruitier pomme pruneaux Douceur du Verger s/sucre4x100g","p":1.79,"u":"4,48 €/KG","img":"https://fd15-photos.leclercdrive.fr/image.ashx?id=1962960&use=l&cat=p&typeid=i","cat":284416},{"id":7716,"n":"Papier toilette Mimosa Décoré - Ultra Confort - x6","p":4.6,"u":"0,77 €/P","img":"https://fd15-photos.leclercdrive.fr/image.ashx?id=2809187&use=l&cat=p&typeid=i","cat":284634},{"id":7717,"n":"Papier toilette Mimosa Décoré - Ultra doux - x6","p":3.64,"u":"0,61 €/P","img":"https://fd15-photos.leclercdrive.fr/image.ashx?id=2816112&use=l&cat=p&typeid=i","cat":284634},{"id":7761,"n":"Galette Croq'Soja Céréal Bio  Bio provençale x2 200g","p":5.13,"u":"25,65 €/KG","img":"https://fd15-photos.leclercdrive.fr/image.ashx?id=2574296&use=l&cat=p&typeid=i","cat":284953},{"id":7772,"n":"Galette bio Céréal Bio  Millet champignons x2 - 200g","p":5.49,"u":"27,45 €/KG","img":"https://fd15-photos.leclercdrive.fr/image.ashx?id=2573543&use=l&cat=p&typeid=i","cat":284953},{"id":7857,"n":"Croquettes chiens Fido Au boeuf 1kg","p":5.15,"u":"5,15 €/KG","img":"https://fd15-photos.leclercdrive.fr/image.ashx?id=2972964&use=l&cat=p&typeid=i","cat":294526},{"id":7862,"n":"Petit pot de crème Délisse Café - 4x100g","p":2.59,"u":"6,48 €/KG","img":"https://fd15-photos.leclercdrive.fr/image.ashx?id=2550372&use=l&cat=p&typeid=i","cat":285041},{"id":7864,"n":"Yaourts sucrés Délisse Nature  - 4x125g","p":1.59,"u":"3,18 €/KG","img":"https://fd15-photos.leclercdrive.fr/image.ashx?id=2590415&use=l&cat=p&typeid=i","cat":284409},{"id":7866,"n":"Beurre Tendre Les Croisés Demi-sel - 80% MG - 250g","p":3.64,"u":"14,56 €/KG","img":"https://fd15-photos.leclercdrive.fr/image.ashx?id=2956221&use=l&cat=p&typeid=i","cat":284379},{"id":7881,"n":"Camembert Les Croisés 8 portions - 22% mg - 8x30g","p":2.99,"u":"12,46 €/KG","img":"https://fd15-photos.leclercdrive.fr/image.ashx?id=2974798&use=l&cat=p&typeid=i","cat":314033},{"id":7885,"n":"Chabichou du Poitou NRT Fromage de chèvre - 150g","p":5.29,"u":"35,27 €/KG","img":"https://fd15-photos.leclercdrive.fr/image.ashx?id=2449577&use=l&cat=p&typeid=i","cat":314031},{"id":7886,"n":"Diots fumés de Savoie NRT 4x90g","p":5.06,"u":"14,06 €/KG","img":"https://fd15-photos.leclercdrive.fr/image.ashx?id=2991467&use=l&cat=p&typeid=i","cat":316012},{"id":7887,"n":"Selles-sur-Cher NRT AOP  Fromage de chèvre - 150g","p":5.05,"u":"33,67 €/KG","img":"https://fd15-photos.leclercdrive.fr/image.ashx?id=2586031&use=l&cat=p&typeid=i","cat":314031},{"id":7889,"n":"Fromage Reblochon NRT AOP 240g","p":4.95,"u":"20,63 €/KG","img":"https://fd15-photos.leclercdrive.fr/image.ashx?id=2933337&use=l&cat=p&typeid=i","cat":314037},{"id":7895,"n":"Gâteau de riz La Laitiere 500g","p":4.93,"u":"9,86 €/KG","img":"https://fd15-photos.leclercdrive.fr/image.ashx?id=3010972&use=l&cat=p&typeid=i","cat":284418},{"id":7962,"n":"Vieux Pané   150g","p":3.51,"u":"23,40 €/KG","img":"https://fd15-photos.leclercdrive.fr/image.ashx?id=2843358&use=l&cat=p&typeid=i","cat":329558},{"id":7965,"n":"Matière grasse Bridelight à tartiner 15% MG - 250g","p":2.85,"u":"11,40 €/KG","img":"https://fd15-photos.leclercdrive.fr/image.ashx?id=2643884&use=l&cat=p&typeid=i","cat":284379},{"id":7975,"n":"Fromage Tartiflette Ermitage 50%mg - 250g","p":5.25,"u":"21,00 €/KG","img":"https://fd15-photos.leclercdrive.fr/image.ashx?id=2998955&use=l&cat=p&typeid=i","cat":314037},{"id":7991,"n":"Filets Harengs Ronde des Mers Fumés - 500g","p":5.15,"u":"10,30 €/KG","img":"https://fd15-photos.leclercdrive.fr/image.ashx?id=2791239&use=l&cat=p&typeid=i","cat":285190},{"id":7993,"n":"Beurre d'escargot Rustica Ail et persil - 250g","p":3.95,"u":"15,80 €/KG","img":"https://fd15-photos.leclercdrive.fr/image.ashx?id=1915569&use=l&cat=p&typeid=i","cat":319775},{"id":7996,"n":"Poireaux Notre Jardin En rondelles 1kg","p":1.94,"u":"1,94 €/KG","img":"https://fd15-photos.leclercdrive.fr/image.ashx?id=2873123&use=l&cat=p&typeid=i","cat":319805},{"id":7997,"n":"Mascarpone Galbani 250g","p":3.45,"u":"13,80 €/KG","img":"https://fd15-photos.leclercdrive.fr/image.ashx?id=3009173&use=l&cat=p&typeid=i","cat":314026},{"id":8003,"n":"Fromage Enfant Kiri Goûter 5 portions barquettes - 175g","p":2.49,"u":"14,23 €/KG","img":"https://fd15-photos.leclercdrive.fr/image.ashx?id=2972883&use=l&cat=p&typeid=i","cat":314030},{"id":8007,"n":"Fromage fondu allégé Bridelight saveur emmental - 3% mg - 200g","p":3.62,"u":"18,10 €/KG","img":"https://fd15-photos.leclercdrive.fr/image.ashx?id=1559290&use=l&cat=p&typeid=i","cat":314029},{"id":8008,"n":"Pizza Cuite sur pierre Turini Fruits de Mer - 400g","p":4.29,"u":"10,73 €/KG","img":"https://fd15-photos.leclercdrive.fr/image.ashx?id=2815202&use=l&cat=p&typeid=i","cat":284256},{"id":8011,"n":"Crème glacée Menthe Eskiss Copeaux de Chocolat - 494g","p":3.95,"u":"8,00 €/KG","img":"https://fd15-photos.leclercdrive.fr/image.ashx?id=3002548&use=l&cat=p&typeid=i","cat":284263},{"id":8012,"n":"Friandises pour chien Lydog Biscuits fourrés Viande - 500g","p":2.19,"u":"4,38 €/KG","img":"https://fd15-photos.leclercdrive.fr/image.ashx?id=2191114&use=l&cat=p&typeid=i","cat":294527},{"id":8013,"n":"Friandises pour chien Lydog Biscuits croquants - 500g","p":2.45,"u":"4,90 €/KG","img":"https://fd15-photos.leclercdrive.fr/image.ashx?id=1954353&use=l&cat=p&typeid=i","cat":294527},{"id":8017,"n":"Pâtes Penne Regate Turini 500g","p":1.19,"u":"2,38 €/KG","img":"https://fd15-photos.leclercdrive.fr/image.ashx?id=2980776&use=l&cat=p&typeid=i","cat":284427},{"id":8023,"n":"Paëla Royale Côté Table 400g","p":4.79,"u":"11,98 €/KG","img":"https://fd15-photos.leclercdrive.fr/image.ashx?id=2499355&use=l&cat=p&typeid=i","cat":333665},{"id":8024,"n":"Barquette chiens Lydog 3 saveurs - 3x300g","p":5.19,"u":"5,77 €/KG","img":"https://fd15-photos.leclercdrive.fr/image.ashx?id=2050639&use=l&cat=p&typeid=i","cat":284673},{"id":8025,"n":"Barquette chiens Lydog 3 saveurs - 3x300g","p":3.45,"u":"3,83 €/KG","img":"https://fd15-photos.leclercdrive.fr/image.ashx?id=2050642&use=l&cat=p&typeid=i","cat":284673},{"id":8026,"n":"Soupe Velouté Régal Soupe Poireaux Pommes de terre 2x30cl","p":1.3,"u":"2,17 €/L","img":"https://fd15-photos.leclercdrive.fr/image.ashx?id=2607440&use=l&cat=p&typeid=i","cat":284462},{"id":8029,"n":"Barquettes chats Tous mes amis Menus saveurs - 4x100g","p":3.1,"u":"7,75 €/KG","img":"https://fd15-photos.leclercdrive.fr/image.ashx?id=2042445&use=l&cat=p&typeid=i","cat":285286},{"id":8032,"n":"Nougat tendre de Montélimar NRT Barre 200g","p":4.15,"u":"20,75 €/KG","img":"https://fd15-photos.leclercdrive.fr/image.ashx?id=2991151&use=l&cat=p&typeid=i","cat":304249},{"id":8033,"n":"Broyés du Poitou NRT Pur beurre - 280g","p":6.37,"u":"22,75 €/KG","img":"https://fd15-photos.leclercdrive.fr/image.ashx?id=2622284&use=l&cat=p&typeid=i","cat":284487},{"id":8120,"n":"Cassoulet Saucisse de Toulouse Côté Table - 840g","p":4.65,"u":"5,54 €/KG","img":"https://fd15-photos.leclercdrive.fr/image.ashx?id=3014173&use=l&cat=p&typeid=i","cat":284440},{"id":8121,"n":"Glace Cône Mini Smicy Vanille Chocolat x10 - 175g","p":3.55,"u":"20,29 €/KG","img":"https://fd15-photos.leclercdrive.fr/image.ashx?id=2698168&use=l&cat=p&typeid=i","cat":285250},{"id":8129,"n":"Soupe Mouliné Régal Soupe 10 légumes variés - 2x30cl","p":1.8,"u":"3,00 €/L","img":"https://fd15-photos.leclercdrive.fr/image.ashx?id=2607476&use=l&cat=p&typeid=i","cat":284462},{"id":8136,"n":"Biscuits raisin GERBLE  - 4x5, 360g","p":3.65,"u":"10,14 €/KG","img":"https://fd15-photos.leclercdrive.fr/image.ashx?id=2578726&use=l&cat=p&typeid=i","cat":318651},{"id":8178,"n":"Infusion Tisea Douce soirée 25 sachets","p":1.99,"u":"56,86 €/KG","img":"https://fd15-photos.leclercdrive.fr/image.ashx?id=2553902&use=l&cat=p&typeid=i","cat":293234},{"id":8181,"n":"Mini Paniers Côté Table x20 - 280g","p":8.49,"u":"30,32 €/KG","img":"https://fd15-photos.leclercdrive.fr/image.ashx?id=2228280&use=l&cat=p&typeid=i","cat":319774},{"id":8182,"n":"Mini Feuilletés Côté Table Saucisse x20 - 350g","p":8.29,"u":"23,69 €/KG","img":"https://fd15-photos.leclercdrive.fr/image.ashx?id=2622016&use=l&cat=p&typeid=i","cat":319774},{"id":8191,"n":"Colin d'Alaska Pêche Océan À la Florentine - MSC - 400g","p":5.27,"u":"13,18 €/KG","img":"https://fd15-photos.leclercdrive.fr/image.ashx?id=2930108&use=l&cat=p&typeid=i","cat":319786},{"id":8194,"n":"Fagots de haricots verts Notre Jardin x6 - 270g","p":4.95,"u":"18,33 €/KG","img":"https://fd15-photos.leclercdrive.fr/image.ashx?id=2900082&use=l&cat=p&typeid=i","cat":319805},{"id":8210,"n":"Barquettes chats Tous mes amis Mousselines 4 variétés - 12x85g","p":7.79,"u":"7,64 €/KG","img":"https://fd15-photos.leclercdrive.fr/image.ashx?id=2520020&use=l&cat=p&typeid=i","cat":285286},{"id":8217,"n":"Filet de Merlu Pêche Océan 4 à 5 pièces 450g","p":10.19,"u":"22,64 €/KG","img":"https://fd15-photos.leclercdrive.fr/image.ashx?id=2553905&use=l&cat=p&typeid=i","cat":319788},{"id":8322,"n":"Coeurs artichauts Florelli Grillés - 170g","p":4.45,"u":"26,18 €/KG","img":"https://fd15-photos.leclercdrive.fr/image.ashx?id=2690003&use=l&cat=p&typeid=i","cat":289010},{"id":8382,"n":"Pâtes spaghetti plat Panzani 500g","p":1.57,"u":"3,14 €/KG","img":"https://fd15-photos.leclercdrive.fr/image.ashx?id=2876041&use=l&cat=p&typeid=i","cat":284427},{"id":8383,"n":"Pâtes Coquillettes Panzani 3 Minutes - 500G","p":1.89,"u":"3,78 €/KG","img":"https://fd15-photos.leclercdrive.fr/image.ashx?id=2867945&use=l&cat=p&typeid=i","cat":284427},{"id":8388,"n":"Pâtes Lustucru macaroni Aux oeufs - 250g","p":1.63,"u":"6,52 €/KG","img":"https://fd15-photos.leclercdrive.fr/image.ashx?id=2519471&use=l&cat=p&typeid=i","cat":284427},{"id":8392,"n":"Torti Weight Watchers St Jacques - 300g","p":6.05,"u":"20,17 €/KG","img":"https://fd15-photos.leclercdrive.fr/image.ashx?id=2610861&use=l&cat=p&typeid=i","cat":333665},{"id":8393,"n":"Escalope Milanaise Marie 300g","p":4.9,"u":"16,33 €/KG","img":"https://fd15-photos.leclercdrive.fr/image.ashx?id=2317408&use=l&cat=p&typeid=i","cat":333665},{"id":8396,"n":"Biscuits apéritif Lay's 3D's Goût Paprika - 85g","p":2.04,"u":"24,00 €/KG","img":"https://fd15-photos.leclercdrive.fr/image.ashx?id=2166311&use=l&cat=p&typeid=i","cat":284449},{"id":8397,"n":"Madeleine Bonne Maman Pur beurre tradition 300g","p":5.28,"u":"17,60 €/KG","img":"https://fd15-photos.leclercdrive.fr/image.ashx?id=2936137&use=l&cat=p&typeid=i","cat":284492},{"id":8413,"n":"Biscuits Crackers Tokapi  Nature - 3x100g","p":1.8,"u":"6,00 €/KG","img":"https://fd15-photos.leclercdrive.fr/image.ashx?id=2660550&use=l&cat=p&typeid=i","cat":297000},{"id":8414,"n":"Chocolat au lait Equador Doux et fondant - 100g","p":1.65,"u":"16,50 €/KG","img":"https://fd15-photos.leclercdrive.fr/image.ashx?id=2758344&use=l&cat=p&typeid=i","cat":284497},{"id":8415,"n":"Pâtes coquillettes Turini Les 3 min - 500g","p":1.09,"u":"2,18 €/KG","img":"https://fd15-photos.leclercdrive.fr/image.ashx?id=2607461&use=l&cat=p&typeid=i","cat":284427},{"id":8416,"n":"Parmentier poisson Côté Table 300g","p":3.29,"u":"10,97 €/KG","img":"https://fd15-photos.leclercdrive.fr/image.ashx?id=2970729&use=l&cat=p&typeid=i","cat":333665},{"id":8419,"n":"Biscuits Crackers Tokapi Emmental - 100g","p":1.29,"u":"12,90 €/KG","img":"https://fd15-photos.leclercdrive.fr/image.ashx?id=2351226&use=l&cat=p&typeid=i","cat":297000},{"id":8420,"n":"Chocolat blanc Tablette D'Or Noix de coco - 200g","p":2.96,"u":"14,80 €/KG","img":"https://fd15-photos.leclercdrive.fr/image.ashx?id=2753472&use=l&cat=p&typeid=i","cat":284957},{"id":8428,"n":"Biscuits sablés Granola Chocolat au lait - 225g","p":3.25,"u":"14,44 €/KG","img":"https://fd15-photos.leclercdrive.fr/image.ashx?id=2346675&use=l&cat=p&typeid=i","cat":284488},{"id":8432,"n":"Biscuit Roudor St Michel 2x150g","p":4.5,"u":"15,00 €/KG","img":"https://fd15-photos.leclercdrive.fr/image.ashx?id=2935690&use=l&cat=p&typeid=i","cat":284487},{"id":8433,"n":"Pâtes Coquillettes Panzani Prêt en 3 min - 1kg","p":3.55,"u":"3,55 €/KG","img":"https://fd15-photos.leclercdrive.fr/image.ashx?id=2896093&use=l&cat=p&typeid=i","cat":284427},{"id":8464,"n":"Serviettes Vania Maxi Confort Super - Fresh - x14","p":3.19,"u":"0,23 €/P","img":"https://fd15-photos.leclercdrive.fr/image.ashx?id=2907611&use=l&cat=p&typeid=i","cat":284624},{"id":8471,"n":"Lait en poudre Délisse Ecrémé - 750g","p":6.65,"u":"8,87 €/KG","img":"https://fd15-photos.leclercdrive.fr/image.ashx?id=2590698&use=l&cat=p&typeid=i","cat":299162},{"id":8474,"n":"Terrines Tous Mes Amis Les délices de la mer - 3x400g","p":4.29,"u":"3,58 €/KG","img":"https://fd15-photos.leclercdrive.fr/image.ashx?id=2832921&use=l&cat=p&typeid=i","cat":285601},{"id":8475,"n":"Serviette hygiénique Doulys Maxi confort - Normal - x18","p":1.39,"u":"0,08 €/P","img":"https://fd15-photos.leclercdrive.fr/image.ashx?id=2838909&use=l&cat=p&typeid=i","cat":284624},{"id":8484,"n":"AOC Côtes de Bourg vin rouge Chantet Blanet - BIB 3L","p":23.4,"u":"7,80 €/L","img":"https://fd15-photos.leclercdrive.fr/image.ashx?id=2928219&use=l&cat=p&typeid=i","cat":289560},{"id":8494,"n":"Biscuits déli matin P'tit Déli Chocolat/pépites - 600g","p":5.78,"u":"9,63 €/KG","img":"https://fd15-photos.leclercdrive.fr/image.ashx?id=2999496&use=l&cat=p&typeid=i","cat":284491},{"id":8504,"n":"Biscottes bio Bio Village Complètes x36 - 300g","p":2.54,"u":"8,47 €/KG","img":"https://fd15-photos.leclercdrive.fr/image.ashx?id=2590460&use=l&cat=p&typeid=i","cat":284479},{"id":8528,"n":"Sel fin La Baleine Iodé et fluoré - 750g","p":1.1,"u":"1,47 €/KG","img":"https://fd15-photos.leclercdrive.fr/image.ashx?id=2790612&use=l&cat=p&typeid=i","cat":284457},{"id":8533,"n":"Flageolets verts Notre Jardin Extra Fins - 420g","p":1.81,"u":"4,31 €/KG","img":"https://fd15-photos.leclercdrive.fr/image.ashx?id=2371536&use=l&cat=p&typeid=i","cat":312606},{"id":8535,"n":"Olives noires Rustica Entières - 225g","p":1.69,"u":"7,51 €/KG","img":"https://fd15-photos.leclercdrive.fr/image.ashx?id=2499076&use=l&cat=p&typeid=i","cat":284458},{"id":8536,"n":"Savon mains en crème Manava Perles d'oranger - 300ml","p":1.39,"u":"4,63 €/L","img":"https://fd15-photos.leclercdrive.fr/image.ashx?id=2935480&use=l&cat=p&typeid=i","cat":284597},{"id":8538,"n":"100% Pur jus d'orange Jafaden  Avec pulpe - 1L","p":3.59,"u":"3,59 €/L","img":"https://fd15-photos.leclercdrive.fr/image.ashx?id=2796043&use=l&cat=p&typeid=i","cat":284521},{"id":8539,"n":"Nectar Jafaden Pêche - 1L","p":2.49,"u":"2,49 €/L","img":"https://fd15-photos.leclercdrive.fr/image.ashx?id=2955689&use=l&cat=p&typeid=i","cat":284915},{"id":8540,"n":"Nectar Jafaden Fraise - 1L","p":4.39,"u":"4,39 €/L","img":"https://fd15-photos.leclercdrive.fr/image.ashx?id=2895768&use=l&cat=p&typeid=i","cat":284915},{"id":8541,"n":"Nectar Jafaden Mangue - 1L","p":2.49,"u":"2,49 €/L","img":"https://fd15-photos.leclercdrive.fr/image.ashx?id=2955710&use=l&cat=p&typeid=i","cat":284916},{"id":8553,"n":"Sauce Barbecue AMORA 490g","p":3.7,"u":"7,55 €/KG","img":"https://fd15-photos.leclercdrive.fr/image.ashx?id=2877298&use=l&cat=p&typeid=i","cat":318431},{"id":8559,"n":"Biscuits Bjorg Fourrés Chocolat noir bio 225g","p":5.78,"u":"25,69 €/KG","img":"https://fd15-photos.leclercdrive.fr/image.ashx?id=2970912&use=l&cat=p&typeid=i","cat":284488},{"id":8564,"n":"Pâtes Barilla  Linguine - 500g","p":1.69,"u":"3,38 €/KG","img":"https://fd15-photos.leclercdrive.fr/image.ashx?id=3004444&use=l&cat=p&typeid=i","cat":284427},{"id":8572,"n":"Tablette chocolat Côte d'Or Chocolat au lait - 200g","p":4.14,"u":"20,70 €/KG","img":"https://fd15-photos.leclercdrive.fr/image.ashx?id=2944362&use=l&cat=p&typeid=i","cat":284497},{"id":8575,"n":"Tablette chocolat Milka Tendre au lait - 2x100g","p":5.39,"u":"26,95 €/KG","img":"https://fd15-photos.leclercdrive.fr/image.ashx?id=2382330&use=l&cat=p&typeid=i","cat":284497},{"id":8576,"n":"Pâtes Barilla Torsades - 500g","p":1.61,"u":"3,22 €/KG","img":"https://fd15-photos.leclercdrive.fr/image.ashx?id=2392224&use=l&cat=p&typeid=i","cat":284427},{"id":8605,"n":"Liqueur Cointreau 40%vol. - 70cl","p":33.55,"u":"47,93 €/L","img":"https://fd15-photos.leclercdrive.fr/image.ashx?id=2998904&use=l&cat=p&typeid=i","cat":286032},{"id":8608,"n":"Porto Cruz Blanc 19%vol - 75cl","p":14.65,"u":"19,53 €/L","img":"https://fd15-photos.leclercdrive.fr/image.ashx?id=1732969&use=l&cat=p&typeid=i","cat":284913},{"id":8634,"n":"Cognac Courcel 40%vol - 20cl","p":12.39,"u":"61,95 €/L","img":"https://fd15-photos.leclercdrive.fr/image.ashx?id=2484035&use=l&cat=p&typeid=i","cat":286032},{"id":8635,"n":"Champagne Möet & Chandon Rosé Impérial 75cl","p":71.5,"u":"95,33 €/L","img":"https://fd15-photos.leclercdrive.fr/image.ashx?id=2771858&use=l&cat=p&typeid=i","cat":284542},{"id":8640,"n":"Croque Baby Fromage Cité Marine MSC - 200g","p":5.15,"u":"25,75 €/KG","img":"https://fd15-photos.leclercdrive.fr/image.ashx?id=2844145&use=l&cat=p&typeid=i","cat":284344},{"id":8642,"n":"Dentifrice Dentamyl Anti-tartre 75ml","p":1.19,"u":"15,87 €/L","img":"https://fd15-photos.leclercdrive.fr/image.ashx?id=2489098&use=l&cat=p&typeid=i","cat":284612},{"id":8643,"n":"Amandes en poudre Tablier Blanc 125g","p":2.49,"u":"19,92 €/KG","img":"https://fd15-photos.leclercdrive.fr/image.ashx?id=2460577&use=l&cat=p&typeid=i","cat":284504},{"id":8645,"n":"Pepites de chocolat Tablier Blanc - 100g","p":2.19,"u":"21,90 €/KG","img":"https://fd15-photos.leclercdrive.fr/image.ashx?id=2723138&use=l&cat=p&typeid=i","cat":284504},{"id":8646,"n":"Noix de Coco Râpée  Tablier Blanc - 125g","p":1.38,"u":"11,04 €/KG","img":"https://fd15-photos.leclercdrive.fr/image.ashx?id=2460583&use=l&cat=p&typeid=i","cat":284504},{"id":8647,"n":"Gélatine alimentaire Tablier 9 feuilles - 17g","p":1.82,"u":"107,06 €/KG","img":"https://fd15-photos.leclercdrive.fr/image.ashx?id=2487446&use=l&cat=p&typeid=i","cat":284504},{"id":8648,"n":"Amandes effilées Tablier Blanc 125g","p":2.82,"u":"22,56 €/KG","img":"https://fd15-photos.leclercdrive.fr/image.ashx?id=2460586&use=l&cat=p&typeid=i","cat":284504},{"id":8649,"n":"Raisins Secs Tablier Blanc 250g","p":2.2,"u":"8,80 €/KG","img":"https://fd15-photos.leclercdrive.fr/image.ashx?id=2460589&use=l&cat=p&typeid=i","cat":284504},{"id":8650,"n":"Arôme fleur d'Oranger Tablier Blanc - 200ml","p":1.59,"u":"7,95 €/L","img":"https://fd15-photos.leclercdrive.fr/image.ashx?id=2487449&use=l&cat=p&typeid=i","cat":284504},{"id":8651,"n":"Arôme naturel de vanille Tablier Blanc 20ml","p":1.65,"u":"82,50 €/L","img":"https://fd15-photos.leclercdrive.fr/image.ashx?id=2487452&use=l&cat=p&typeid=i","cat":284504},{"id":8672,"n":"Nappage Tablier Blanc Caramel - 210g","p":1.5,"u":"7,14 €/KG","img":"https://fd15-photos.leclercdrive.fr/image.ashx?id=2487455&use=l&cat=p&typeid=i","cat":284504},{"id":8674,"n":"Sucre Tablier Blanc Spécial confiture - 1kg","p":3.59,"u":"3,59 €/KG","img":"https://fd15-photos.leclercdrive.fr/image.ashx?id=3010416&use=l&cat=p&typeid=i","cat":284502},{"id":8675,"n":"Sucre Tablier Blanc 100 dosettes - 500g","p":3.75,"u":"7,50 €/KG","img":"https://fd15-photos.leclercdrive.fr/image.ashx?id=3010419&use=l&cat=p&typeid=i","cat":284502},{"id":8678,"n":"Muscat NRT Baume De Venise-15,5%vol - 75cl","p":16.01,"u":"21,35 €/L","img":"https://fd15-photos.leclercdrive.fr/image.ashx?id=2920942&use=l&cat=p&typeid=i","cat":284913},{"id":8679,"n":"Truite fumée d'Aquitaine NRT x4 - 120g","p":9.69,"u":"80,75 €/KG","img":"https://fd15-photos.leclercdrive.fr/image.ashx?id=2663836&use=l&cat=p&typeid=i","cat":285188},{"id":8682,"n":"Quenelles nature NRT - 4x80g","p":5.59,"u":"17,47 €/KG","img":"https://fd15-photos.leclercdrive.fr/image.ashx?id=2657283&use=l&cat=p&typeid=i","cat":333682},{"id":8687,"n":"Fromage Emmental râpé NRT IGP Est-Central - 200g","p":2.59,"u":"12,95 €/KG","img":"https://fd15-photos.leclercdrive.fr/image.ashx?id=2771067&use=l&cat=p&typeid=i","cat":314035},{"id":8694,"n":"Salakis léger 9% matière grasse Fromage de brebis allégé - 200g","p":4.95,"u":"24,75 €/KG","img":"https://fd15-photos.leclercdrive.fr/image.ashx?id=2739764&use=l&cat=p&typeid=i","cat":314026},{"id":8696,"n":"Sablé de Retz St Michel 120g","p":1.15,"u":"9,58 €/KG","img":"https://fd15-photos.leclercdrive.fr/image.ashx?id=2999823&use=l&cat=p&typeid=i","cat":284487},{"id":8698,"n":"Assiette soir bébé bio Babybio Légumes riz - 12 mois - 230g","p":2.59,"u":"11,26 €/KG","img":"https://fd15-photos.leclercdrive.fr/image.ashx?id=2859356&use=l&cat=p&typeid=i","cat":312239},{"id":8734,"n":"AOC Champagne brut blanc  Premier cru Pol Carson - 75cl","p":33.99,"u":"45,32 €/L","img":"https://fd15-photos.leclercdrive.fr/image.ashx?id=2984649&use=l&cat=p&typeid=i","cat":284542},{"id":8735,"n":"Cake P'tit Déli Aux Fruits 400g","p":3.99,"u":"9,98 €/KG","img":"https://fd15-photos.leclercdrive.fr/image.ashx?id=2500803&use=l&cat=p&typeid=i","cat":284493},{"id":8745,"n":"Lait demi-écrémé Grandlait Bouteille - 6x1L","p":8.7,"u":"1,45 €/L","img":"https://fd15-photos.leclercdrive.fr/image.ashx?id=2914612&use=l&cat=p&typeid=i","cat":284377},{"id":8748,"n":"Lait vitaminé Viva Candia  1% MG - 6x50cl","p":6.8,"u":"2,27 €/L","img":"https://fd15-photos.leclercdrive.fr/image.ashx?id=2891508&use=l&cat=p&typeid=i","cat":317169},{"id":8754,"n":"Sacs congélation Elembal Moyen Zip 20 Sacs","p":2.1,"u":"0,11 €/P","img":"https://fd15-photos.leclercdrive.fr/image.ashx?id=2751886&use=l&cat=p&typeid=i","cat":334134},{"id":8776,"n":"Kiwi  1p","p":0.65,"img":"https://fd15-photos.leclercdrive.fr/image.ashx?id=2077670&use=l&cat=p&typeid=i","cat":284356},{"id":8784,"n":"Plat bébé Blédina 8 mois  Riz carotte jambon - 2x200g","p":4.05,"u":"10,13 €/KG","img":"https://fd15-photos.leclercdrive.fr/image.ashx?id=2975065&use=l&cat=p&typeid=i","cat":312236},{"id":8796,"n":"Saucisse fine de Lyon NRT 120g","p":2.45,"u":"20,42 €/KG","img":"https://fd15-photos.leclercdrive.fr/image.ashx?id=2743870&use=l&cat=p&typeid=i","cat":316012},{"id":8798,"n":"Fromage St Félicien NRT 180g","p":4.09,"u":"22,72 €/KG","img":"https://fd15-photos.leclercdrive.fr/image.ashx?id=1907399&use=l&cat=p&typeid=i","cat":329558},{"id":8804,"n":"Brownie P'tit Déli Chocolat pépites 285g","p":2.99,"u":"10,49 €/KG","img":"https://fd15-photos.leclercdrive.fr/image.ashx?id=2663365&use=l&cat=p&typeid=i","cat":294776},{"id":8809,"n":"Galettes Bretonnes P'tit Déli Pur beurre 2x125g","p":2.34,"u":"9,36 €/KG","img":"https://fd15-photos.leclercdrive.fr/image.ashx?id=2847961&use=l&cat=p&typeid=i","cat":284487},{"id":8815,"n":"Crêpes dentelle Gavottes Chocolat au lait - 90g","p":2.75,"u":"30,56 €/KG","img":"https://fd15-photos.leclercdrive.fr/image.ashx?id=2582843&use=l&cat=p&typeid=i","cat":284490},{"id":8825,"n":"Barres de céréales Coco Pops Kellogg's - 6x20g","p":3.51,"u":"29,25 €/KG","img":"https://fd15-photos.leclercdrive.fr/image.ashx?id=2677291&use=l&cat=p&typeid=i","cat":285869},{"id":8832,"n":"Pâtes Lustucru collerettes 250g","p":1.29,"u":"5,16 €/KG","img":"https://fd15-photos.leclercdrive.fr/image.ashx?id=1943562&use=l&cat=p&typeid=i","cat":284427},{"id":8842,"n":"Couscous poulet bœuf Garbit - 980g","p":6.3,"u":"6,43 €/KG","img":"https://fd15-photos.leclercdrive.fr/image.ashx?id=2677930&use=l&cat=p&typeid=i","cat":325094},{"id":8846,"n":"Jardinière Notre Jardin  De 3 légumes - 420g","p":2.45,"u":"5,83 €/KG","img":"https://fd15-photos.leclercdrive.fr/image.ashx?id=2190005&use=l&cat=p&typeid=i","cat":312607},{"id":8853,"n":"Cappuccino soluble Plantation Chocolat - x8 - 144g","p":4.29,"u":"29,79 €/KG","img":"https://fd15-photos.leclercdrive.fr/image.ashx?id=2460574&use=l&cat=p&typeid=i","cat":284843},{"id":8854,"n":"Café soluble Plantation  Qualité décaféiné - 200g","p":8.6,"u":"43,00 €/KG","img":"https://fd15-photos.leclercdrive.fr/image.ashx?id=2834275&use=l&cat=p&typeid=i","cat":284843},{"id":8855,"n":"Sauce Champignons Turini 420g","p":1.66,"u":"3,95 €/KG","img":"https://fd15-photos.leclercdrive.fr/image.ashx?id=2494189&use=l&cat=p&typeid=i","cat":287599},{"id":8857,"n":"Café soluble Plantation Qualité filtre - x25 - 50g","p":2.89,"u":"57,80 €/KG","img":"https://fd15-photos.leclercdrive.fr/image.ashx?id=2834278&use=l&cat=p&typeid=i","cat":284843},{"id":8859,"n":"Café soluble Plantation Chicorée - 100g","p":2.95,"u":"29,50 €/KG","img":"https://fd15-photos.leclercdrive.fr/image.ashx?id=2856468&use=l&cat=p&typeid=i","cat":284843},{"id":8861,"n":"Café soluble Plantation Expresso - x25 - 45g","p":2.63,"u":"58,44 €/KG","img":"https://fd15-photos.leclercdrive.fr/image.ashx?id=2834287&use=l&cat=p&typeid=i","cat":284843},{"id":8864,"n":"Pain de Mie Epi d'or - Nature Longue Conservation - 280g","p":1.15,"u":"4,11 €/KG","img":"https://fd15-photos.leclercdrive.fr/image.ashx?id=1913643&use=l&cat=p&typeid=i","cat":284477},{"id":8869,"n":"Riz complet Comptoir du Grain 10min - 500g","p":1.89,"u":"3,78 €/KG","img":"https://fd15-photos.leclercdrive.fr/image.ashx?id=2549397&use=l&cat=p&typeid=i","cat":284428},{"id":8870,"n":"Dés fromage Herbes de Provence Poivrons Les Croisés - 300g","p":3.45,"u":"11,50 €/KG","img":"https://fd15-photos.leclercdrive.fr/image.ashx?id=2758300&use=l&cat=p&typeid=i","cat":314027},{"id":8879,"n":"Coq au Vin de Bergerac NRT 750g","p":7.29,"u":"9,72 €/KG","img":"https://fd15-photos.leclercdrive.fr/image.ashx?id=2954148&use=l&cat=p&typeid=i","cat":284441},{"id":8908,"n":"Crépes Fourrées P'tit Déli Céréales et chocolat x8 - 256g","p":3.29,"u":"12,85 €/KG","img":"https://fd15-photos.leclercdrive.fr/image.ashx?id=2656338&use=l&cat=p&typeid=i","cat":284494},{"id":8910,"n":"Jus 3 agrumes Jafaden Pur jus - 1L","p":3.65,"u":"3,65 €/L","img":"https://fd15-photos.leclercdrive.fr/image.ashx?id=2956047&use=l&cat=p&typeid=i","cat":284917},{"id":8912,"n":"Préparation fraises NRT Sud-Ouest - 315g","p":3.94,"u":"12,51 €/KG","img":"https://fd15-photos.leclercdrive.fr/image.ashx?id=2590472&use=l&cat=p&typeid=i","cat":284480},{"id":8914,"n":"IGP Pays d'Oc Viognier Blanc Vieux Carion 13% vol - 75cl","p":5.08,"u":"6,77 €/L","img":"https://fd15-photos.leclercdrive.fr/image.ashx?id=2440715&use=l&cat=p&typeid=i","cat":289557},{"id":8926,"n":"Fromage Emmental Paysan Berton Râpé lait pasteurisé 150g","p":2.5,"u":"16,67 €/KG","img":"https://fd15-photos.leclercdrive.fr/image.ashx?id=2975296&use=l&cat=p&typeid=i","cat":314035},{"id":8951,"n":"Eau minérale Source Amanda Naturelle 6x1,5L","p":5.49,"u":"0,61 €/L","img":"https://fd15-photos.leclercdrive.fr/image.ashx?id=2727629&use=l&cat=p&typeid=i","cat":284535},{"id":8963,"n":"Fromage à tartiner Madame Loïk Fouetté Ech. Ciboulette - 150g","p":2.79,"u":"18,60 €/KG","img":"https://fd15-photos.leclercdrive.fr/image.ashx?id=2986356&use=l&cat=p&typeid=i","cat":314029},{"id":8966,"n":"Biscuits chien Pedigree Biscrok - 500g","p":3.46,"u":"6,92 €/KG","img":"https://fd15-photos.leclercdrive.fr/image.ashx?id=2983456&use=l&cat=p&typeid=i","cat":294527},{"id":8968,"n":"Chocolat poudre Banania 400g","p":3.6,"u":"9,00 €/KG","img":"https://fd15-photos.leclercdrive.fr/image.ashx?id=2225276&use=l&cat=p&typeid=i","cat":293235},{"id":8970,"n":"Riz long blanc de Camargue NRT 500g","p":2.69,"u":"5,38 €/KG","img":"https://fd15-photos.leclercdrive.fr/image.ashx?id=2663803&use=l&cat=p&typeid=i","cat":284428},{"id":8972,"n":"Levure boulangère Tablier Blanc x6 - 30g","p":1.09,"u":"36,33 €/KG","img":"https://fd15-photos.leclercdrive.fr/image.ashx?id=2867904&use=l&cat=p&typeid=i","cat":294686},{"id":8974,"n":"Lait vitaminé Viva Candia  1% MG - 6x1L","p":9.39,"u":"1,57 €/L","img":"https://fd15-photos.leclercdrive.fr/image.ashx?id=2891502&use=l&cat=p&typeid=i","cat":317169},{"id":8977,"n":"Cacahuètes  Benenuts Grillées à sec - 200g","p":3.26,"u":"16,30 €/KG","img":"https://fd15-photos.leclercdrive.fr/image.ashx?id=2389616&use=l&cat=p&typeid=i","cat":284448},{"id":8985,"n":"Soupe Poule au Pot Knorr Déshydratée - 1L","p":2.05,"u":"2,05 €/L","img":"https://fd15-photos.leclercdrive.fr/image.ashx?id=2826471&use=l&cat=p&typeid=i","cat":284463},{"id":8987,"n":"Pâté Hénaff 156g","p":3.89,"u":"24,94 €/KG","img":"https://fd15-photos.leclercdrive.fr/image.ashx?id=2298361&use=l&cat=p&typeid=i","cat":305149},{"id":9007,"n":"Lait concentré sucré Régilait Écrémé - 397g","p":2.69,"u":"6,78 €/KG","img":"https://fd15-photos.leclercdrive.fr/image.ashx?id=2018652&use=l&cat=p&typeid=i","cat":299162},{"id":9033,"n":"Fromage Entremont Dégustation 45%mg - 250g","p":3.69,"u":"14,76 €/KG","img":"https://fd15-photos.leclercdrive.fr/image.ashx?id=2983168&use=l&cat=p&typeid=i","cat":314034},{"id":9055,"n":"Fondue 3 fromages Président  450g","p":7.09,"u":"15,76 €/KG","img":"https://fd15-photos.leclercdrive.fr/image.ashx?id=2632990&use=l&cat=p&typeid=i","cat":314037},{"id":9080,"n":"Fromage à Tartiner St Môret  Nature 9 Portions - 180g","p":3.73,"u":"20,72 €/KG","img":"https://fd15-photos.leclercdrive.fr/image.ashx?id=2763319&use=l&cat=p&typeid=i","cat":314029},{"id":9105,"n":"Pate Brisée Eco+ A dérouler - 230g","p":0.85,"u":"3,70 €/KG","img":"https://fd15-photos.leclercdrive.fr/image.ashx?id=2831565&use=l&cat=p&typeid=i","cat":333681},{"id":9110,"n":"Bûche de chèvre allégée Soignon Lait pasteurisé 29%mg - 180g","p":3.1,"u":"17,22 €/KG","img":"https://fd15-photos.leclercdrive.fr/image.ashx?id=2886987&use=l&cat=p&typeid=i","cat":314031},{"id":9123,"n":"Café soluble Plantation Café Au Lait Chicorée - 400g","p":5.99,"u":"14,98 €/KG","img":"https://fd15-photos.leclercdrive.fr/image.ashx?id=2834232&use=l&cat=p&typeid=i","cat":284843},{"id":9124,"n":"Croquettes chiens Lydog Senior - 3kg","p":6.89,"u":"2,30 €/KG","img":"https://fd15-photos.leclercdrive.fr/image.ashx?id=2047025&use=l&cat=p&typeid=i","cat":284672},{"id":9130,"n":"Mouchoirs blancs 2 plis Caresse Boîte mouchoirs en papier -x110","p":1.74,"u":"0,02 €/P","img":"https://fd15-photos.leclercdrive.fr/image.ashx?id=2390416&use=l&cat=p&typeid=i","cat":284638},{"id":9131,"n":"Gel douche et shampooing Carré Homme Tonifiante - 250ml","p":2.09,"u":"8,36 €/L","img":"https://fd15-photos.leclercdrive.fr/image.ashx?id=1544661&use=l&cat=p&typeid=i","cat":284619},{"id":9132,"n":"Soda Pulp'Orange Canette - 6x33cl","p":4.99,"u":"2,52 €/L","img":"https://fd15-photos.leclercdrive.fr/image.ashx?id=2922406&use=l&cat=p&typeid=i","cat":284532},{"id":9138,"n":"Café soluble Plantation Chicorée - 250g","p":4.59,"u":"18,36 €/KG","img":"https://fd15-photos.leclercdrive.fr/image.ashx?id=2556379&use=l&cat=p&typeid=i","cat":284843},{"id":9144,"n":"Vinaigre de Vin blanc Rustica Aromatisé à la noix - 50cl","p":2.03,"u":"4,06 €/L","img":"https://fd15-photos.leclercdrive.fr/image.ashx?id=1670491&use=l&cat=p&typeid=i","cat":298543},{"id":9150,"n":"Soupe Velouté Régal Soupe Potiron - 2x30cl","p":1.89,"u":"3,15 €/L","img":"https://fd15-photos.leclercdrive.fr/image.ashx?id=2607473&use=l&cat=p&typeid=i","cat":284462},{"id":9159,"n":"Sandwich  Côté Snack  Polaire Jambon Cheddar 135g","p":4.09,"u":"30,30 €/KG","img":"https://fd15-photos.leclercdrive.fr/image.ashx?id=2619710&use=l&cat=p&typeid=i","cat":333658},{"id":9163,"n":"Croquettes chat Plénima Premium Saumon riz - Chat adulte - 450g","p":3.59,"u":"7,98 €/KG","img":"https://fd15-photos.leclercdrive.fr/image.ashx?id=1943367&use=l&cat=p&typeid=i","cat":284680},{"id":9164,"n":"Crevettes natures Pêche Océan 125g","p":6.79,"u":"54,32 €/KG","img":"https://fd15-photos.leclercdrive.fr/image.ashx?id=3015242&use=l&cat=p&typeid=i","cat":284343},{"id":9167,"n":"Fromage Edam Mimolette Les Croisés dés 150g","p":2.95,"u":"19,67 €/KG","img":"https://fd15-photos.leclercdrive.fr/image.ashx?id=2365472&use=l&cat=p&typeid=i","cat":314027},{"id":9170,"n":"Spaetzles d'Alsace NRT 250g","p":1.44,"u":"5,76 €/KG","img":"https://fd15-photos.leclercdrive.fr/image.ashx?id=2839962&use=l&cat=p&typeid=i","cat":284427},{"id":9171,"n":"Sablés aux Pommes NRT - 150g","p":2.54,"u":"16,93 €/KG","img":"https://fd15-photos.leclercdrive.fr/image.ashx?id=2622290&use=l&cat=p&typeid=i","cat":284487},{"id":9172,"n":"Cassoulet de Castelnaudary Nos Régions ont du Talent 1680g","p":15.34,"u":"9,13 €/KG","img":"https://fd15-photos.leclercdrive.fr/image.ashx?id=2791401&use=l&cat=p&typeid=i","cat":284440},{"id":9183,"n":"Boules soufflées Tokapi Tomate - 42g","p":0.59,"u":"14,05 €/KG","img":"https://fd15-photos.leclercdrive.fr/image.ashx?id=2597025&use=l&cat=p&typeid=i","cat":284449},{"id":9223,"n":"Pâtes Capellini Turini 500g","p":1.06,"u":"2,12 €/KG","img":"https://fd15-photos.leclercdrive.fr/image.ashx?id=2607482&use=l&cat=p&typeid=i","cat":284427},{"id":9240,"n":"Céréales Special K Kellogg's Chocolat au lait - 300g","p":5.95,"u":"19,83 €/KG","img":"https://fd15-photos.leclercdrive.fr/image.ashx?id=2667124&use=l&cat=p&typeid=i","cat":309512},{"id":9262,"n":"Matière grasse Rustica Tournesol -60%MG -Doux -500G","p":2.35,"u":"4,70 €/KG","img":"https://fd15-photos.leclercdrive.fr/image.ashx?id=2904553&use=l&cat=p&typeid=i","cat":315229},{"id":9265,"n":"Pêche poire ananas  Douceur du verger - 4x70g","p":3.01,"u":"10,75 €/KG","img":"https://fd15-photos.leclercdrive.fr/image.ashx?id=2349100&use=l&cat=p&typeid=i","cat":284507},{"id":9266,"n":"Ananas papaye mangue DDV Sirop léger - 4x70g","p":3.4,"u":"12,14 €/KG","img":"https://fd15-photos.leclercdrive.fr/image.ashx?id=2100775&use=l&cat=p&typeid=i","cat":284507},{"id":9276,"n":"Biscuits Sprits P'tit Déli Chocolat au lait - 150g","p":1.55,"u":"10,33 €/KG","img":"https://fd15-photos.leclercdrive.fr/image.ashx?id=2081053&use=l&cat=p&typeid=i","cat":284488},{"id":9322,"n":"Tartelette Choco Caramel St Michel Bonne Maman 135g","p":2.52,"u":"18,67 €/KG","img":"https://fd15-photos.leclercdrive.fr/image.ashx?id=2949931&use=l&cat=p&typeid=i","cat":284488},{"id":9413,"n":"Effaceur Magic+ Reynolds Pointe fine x8 + 2 offerts","p":6.05,"img":"https://fd15-photos.leclercdrive.fr/image.ashx?id=2132304&use=l&cat=p&typeid=i","cat":334133},{"id":9435,"n":"AOP Champagne Mercier  Brut - 75cl","p":33.69,"u":"44,92 €/L","img":"https://fd15-photos.leclercdrive.fr/image.ashx?id=1867174&use=l&cat=p&typeid=i","cat":284542},{"id":9570,"n":"Crayons couleurs Bic Kids x12","p":4.19,"img":"https://fd15-photos.leclercdrive.fr/image.ashx?id=3008287&use=l&cat=p&typeid=i","cat":284696},{"id":9593,"n":"AOP Côtes du Rhône vin rouge Combes Saint Sauveur 75cl","p":7.85,"u":"10,47 €/L","img":"https://fd15-photos.leclercdrive.fr/image.ashx?id=2755414&use=l&cat=p&typeid=i","cat":289556},{"id":9621,"n":"Stylos-feutres Stabilo point 88 Noir,bleu,rouge pointe fine -x3","p":5.48,"u":"1,83 €/P","img":"https://fd15-photos.leclercdrive.fr/image.ashx?id=2010950&use=l&cat=p&typeid=i","cat":284696},{"id":9632,"n":"IGP Pays d'Oc rouge Les Ormes De Cambras 12.5% vol - 75cl","p":6.49,"u":"8,65 €/L","img":"https://fd15-photos.leclercdrive.fr/image.ashx?id=2445121&use=l&cat=p&typeid=i","cat":289556},{"id":9634,"n":"Scotch Whisky Baird's 40%vol - 1L","p":17.65,"u":"17,65 €/L","img":"https://fd15-photos.leclercdrive.fr/image.ashx?id=2907168&use=l&cat=p&typeid=i","cat":284547},{"id":9636,"n":"Apéritif sans alcool Palermo Amarino - 1L","p":6.95,"u":"6,95 €/L","img":"https://fd15-photos.leclercdrive.fr/image.ashx?id=1866955&use=l&cat=p&typeid=i","cat":284549},{"id":9638,"n":"AOC Rhum agricole blanc Dillon Martinique 55%vol - 1L","p":14.5,"u":"14,50 €/L","img":"https://fd15-photos.leclercdrive.fr/image.ashx?id=2650946&use=l&cat=p&typeid=i","cat":284550},{"id":9641,"n":"Whisky Ballantine's Finest Blended Scotch 40% vol - 1L","p":26.29,"u":"26,29 €/L","img":"https://fd15-photos.leclercdrive.fr/image.ashx?id=2816964&use=l&cat=p&typeid=i","cat":284547},{"id":9665,"n":"Bâton de colle Uhu stic Classique - 4x8,2g+1x21g","p":6.29,"u":"116,48 €/KG","img":"https://fd15-photos.leclercdrive.fr/image.ashx?id=1560340&use=l&cat=p&typeid=i","cat":334133},{"id":9690,"n":"Carré à Langer Mots d'Enfants Jetables x10","p":5.75,"u":"0,58 €/P","img":"https://fd15-photos.leclercdrive.fr/image.ashx?id=3014191&use=l&cat=p&typeid=i","cat":284737},{"id":9692,"n":"Chocolat au lait Equador Coeur Praliné - 150g","p":2.69,"u":"17,93 €/KG","img":"https://fd15-photos.leclercdrive.fr/image.ashx?id=2834293&use=l&cat=p&typeid=i","cat":284497},{"id":9700,"n":"Serviette incontinence Chorys Extra plus - x16","p":6.41,"u":"0,40 €/P","img":"https://fd15-photos.leclercdrive.fr/image.ashx?id=2691171&use=l&cat=p&typeid=i","cat":284628},{"id":9708,"n":"Crème aux oeufs Délisse Vanille - 4x100g","p":2.29,"u":"5,73 €/KG","img":"https://fd15-photos.leclercdrive.fr/image.ashx?id=1956631&use=l&cat=p&typeid=i","cat":284419},{"id":9709,"n":"Mini brownies P'tit Déli Chocolat pépites x8 - 240g","p":2.65,"u":"11,04 €/KG","img":"https://fd15-photos.leclercdrive.fr/image.ashx?id=2888938&use=l&cat=p&typeid=i","cat":294776},{"id":9894,"n":"Moutarde de Bourgogne IGP NRT 200g","p":1.92,"u":"9,60 €/KG","img":"https://fd15-photos.leclercdrive.fr/image.ashx?id=2644918&use=l&cat=p&typeid=i","cat":288850},{"id":9898,"n":"Culotte absorbante Chorys Taille L - x10","p":7.18,"u":"0,72 €/P","img":"https://fd15-photos.leclercdrive.fr/image.ashx?id=2623004&use=l&cat=p&typeid=i","cat":284628},{"id":9899,"n":"Culotte absorbante Chorys Taille M - Plus - x12","p":8.81,"u":"0,73 €/P","img":"https://fd15-photos.leclercdrive.fr/image.ashx?id=2623001&use=l&cat=p&typeid=i","cat":284628},{"id":9915,"n":"Oignons émincés Notre Jardin 1kg","p":2.48,"u":"2,48 €/KG","img":"https://fd15-photos.leclercdrive.fr/image.ashx?id=2873120&use=l&cat=p&typeid=i","cat":319805},{"id":9916,"n":"Epinards Notre Jardin Feuilles à cuire - 600g","p":1.54,"u":"2,57 €/KG","img":"https://fd15-photos.leclercdrive.fr/image.ashx?id=2916677&use=l&cat=p&typeid=i","cat":319805},{"id":9917,"n":"Whisky J&B Rare 40%vol - 1L","p":33.95,"u":"33,95 €/L","img":"https://fd15-photos.leclercdrive.fr/image.ashx?id=2497638&use=l&cat=p&typeid=i","cat":284547},{"id":9920,"n":"Riz rond blanc de Camargue NRT 500g","p":2.39,"u":"4,78 €/KG","img":"https://fd15-photos.leclercdrive.fr/image.ashx?id=2663839&use=l&cat=p&typeid=i","cat":284428},{"id":9933,"n":"Mouchoirs blancs 4 plis Caresse Mouchoirs papier - 24 étuis","p":3.82,"u":"0,16 €/P","img":"https://fd15-photos.leclercdrive.fr/image.ashx?id=2870017&use=l&cat=p&typeid=i","cat":284638},{"id":10056,"n":"Prunes rouges  1kg","p":4.49,"u":"4,49 €/KG","img":"https://fd15-photos.leclercdrive.fr/image.ashx?id=1636380&use=l&cat=p&typeid=i","cat":284356},{"id":10072,"n":"Navettes NRT Fleur d'oranger - 400g","p":3.45,"u":"8,63 €/KG","img":"https://fd15-photos.leclercdrive.fr/image.ashx?id=2679792&use=l&cat=p&typeid=i","cat":284487},{"id":10073,"n":"Tablette chocolat Bio Village Bio Chocolat au lait - 100g","p":2.45,"u":"24,50 €/KG","img":"https://fd15-photos.leclercdrive.fr/image.ashx?id=2861899&use=l&cat=p&typeid=i","cat":284497},{"id":10074,"n":"Tablette de chocolat Equador Noir et menthe 100g","p":1.59,"u":"15,90 €/KG","img":"https://fd15-photos.leclercdrive.fr/image.ashx?id=2834296&use=l&cat=p&typeid=i","cat":284956},{"id":10076,"n":"Tablette chocolat Equador Noir framboise 100g","p":1.71,"u":"17,10 €/KG","img":"https://fd15-photos.leclercdrive.fr/image.ashx?id=2834290&use=l&cat=p&typeid=i","cat":284956},{"id":10086,"n":"Fondants Autour du Dessert Chocolat x2 - 180g","p":2.99,"u":"16,61 €/KG","img":"https://fd15-photos.leclercdrive.fr/image.ashx?id=2886540&use=l&cat=p&typeid=i","cat":284267},{"id":10091,"n":"Filets maquereaux Pêche Océan Tomate basilic - 169g","p":1.9,"u":"11,24 €/KG","img":"https://fd15-photos.leclercdrive.fr/image.ashx?id=2394657&use=l&cat=p&typeid=i","cat":303868},{"id":10093,"n":"Palets légumes Notre Jardin Poireaux Carottes - x8 300g","p":3.38,"u":"11,27 €/KG","img":"https://fd15-photos.leclercdrive.fr/image.ashx?id=2878708&use=l&cat=p&typeid=i","cat":319802},{"id":10108,"n":"Croquants aux amandes NRT 300g","p":4.57,"u":"15,23 €/KG","img":"https://fd15-photos.leclercdrive.fr/image.ashx?id=2679795&use=l&cat=p&typeid=i","cat":284487},{"id":10114,"n":"Essuie-tout Uni Vert Compact Ecologique - x2","p":2.65,"u":"1,33 €/P","img":"https://fd15-photos.leclercdrive.fr/image.ashx?id=2571929&use=l&cat=p&typeid=i","cat":284635},{"id":10122,"n":"Mini gratins Côté Table Aux 3 légumes - x4 480g","p":5.28,"u":"11,00 €/KG","img":"https://fd15-photos.leclercdrive.fr/image.ashx?id=2074419&use=l&cat=p&typeid=i","cat":319802},{"id":10125,"n":"Rösti Pom'Lisse 600g","p":1.95,"u":"3,25 €/KG","img":"https://fd15-photos.leclercdrive.fr/image.ashx?id=2704648&use=l&cat=p&typeid=i","cat":319792},{"id":10126,"n":"Pomme de terre Patato Rigolo Pom'Lisse 750g","p":2.19,"u":"2,92 €/KG","img":"https://fd15-photos.leclercdrive.fr/image.ashx?id=2699672&use=l&cat=p&typeid=i","cat":319792},{"id":10154,"n":"Boules pralinées Jacquot Chocolat lait - 1kg","p":12.2,"u":"12,20 €/KG","img":"https://fd15-photos.leclercdrive.fr/image.ashx?id=2303300&use=l&cat=p&typeid=i","cat":327595},{"id":10163,"n":"Palets légumes Notre Jardin Choux-fleurs Brocolis - x8 300g","p":3.45,"u":"11,50 €/KG","img":"https://fd15-photos.leclercdrive.fr/image.ashx?id=2878714&use=l&cat=p&typeid=i","cat":319802},{"id":10192,"n":"Olives Vertes Tramier  Dénoyautées 160g","p":1.85,"u":"11,56 €/KG","img":"https://fd15-photos.leclercdrive.fr/image.ashx?id=2363829&use=l&cat=p&typeid=i","cat":284458},{"id":10200,"n":"Pommes de terre lamelles Lunor De consommation cuites - 500g","p":1.22,"u":"2,44 €/KG","img":"https://fd15-photos.leclercdrive.fr/image.ashx?id=2167898&use=l&cat=p&typeid=i","cat":284352},{"id":10211,"n":"Pâtes Nouilles Turini 1kg","p":2.27,"u":"2,27 €/KG","img":"https://fd15-photos.leclercdrive.fr/image.ashx?id=2980761&use=l&cat=p&typeid=i","cat":284427},{"id":10214,"n":"Cappuccino soluble Plantation Saveur chocolat - 306g","p":4.85,"u":"15,85 €/KG","img":"https://fd15-photos.leclercdrive.fr/image.ashx?id=2468998&use=l&cat=p&typeid=i","cat":284843},{"id":10215,"n":"Sauce Basquaise Rustica Aux 2 poivrons - 400g","p":1.79,"u":"4,48 €/KG","img":"https://fd15-photos.leclercdrive.fr/image.ashx?id=2887398&use=l&cat=p&typeid=i","cat":287599},{"id":10216,"n":"Sauce Aigre Douce Rustica Légumes croquants - 400g","p":1.85,"u":"4,63 €/KG","img":"https://fd15-photos.leclercdrive.fr/image.ashx?id=2887401&use=l&cat=p&typeid=i","cat":287599},{"id":10217,"n":"Sauce Curry Rustica Légumes et lait de coco - 400g","p":1.99,"u":"4,98 €/KG","img":"https://fd15-photos.leclercdrive.fr/image.ashx?id=2887404&use=l&cat=p&typeid=i","cat":287599},{"id":10220,"n":"Tampons Doulys Compact Normal - x20","p":3.71,"u":"0,19 €/P","img":"https://fd15-photos.leclercdrive.fr/image.ashx?id=2965464&use=l&cat=p&typeid=i","cat":284626},{"id":10231,"n":"Confiture Douceur du verger Framboises - Allégée - 340g","p":2.35,"u":"6,91 €/KG","img":"https://fd15-photos.leclercdrive.fr/image.ashx?id=2965473&use=l&cat=p&typeid=i","cat":284480},{"id":10232,"n":"Confiture Douceur du Verger Allégée Pêche 340g","p":1.99,"u":"5,85 €/KG","img":"https://fd15-photos.leclercdrive.fr/image.ashx?id=2965476&use=l&cat=p&typeid=i","cat":284480},{"id":10239,"n":"Ketchup allégé Rustica 535g","p":1.75,"u":"3,27 €/KG","img":"https://fd15-photos.leclercdrive.fr/image.ashx?id=2316400&use=l&cat=p&typeid=i","cat":284455},{"id":10244,"n":"Thon entier Pêche Océan Naturel - 280g","p":4.43,"u":"15,82 €/KG","img":"https://fd15-photos.leclercdrive.fr/image.ashx?id=2436314&use=l&cat=p&typeid=i","cat":303867},{"id":10258,"n":"Prunes Reine-Claude  1kg","p":4.49,"u":"4,49 €/KG","img":"https://fd15-photos.leclercdrive.fr/image.ashx?id=1636383&use=l&cat=p&typeid=i","cat":284356},{"id":10344,"n":"Petit Beurre Pocket P'ti Déli 3x12 sachets 300g","p":2.97,"u":"9,90 €/KG","img":"https://fd15-photos.leclercdrive.fr/image.ashx?id=1965518&use=l&cat=p&typeid=i","cat":284487},{"id":10346,"n":"Vinaigrette allégée Rustica Balsamique huile d'olive - 50cl","p":2.67,"u":"5,34 €/L","img":"https://fd15-photos.leclercdrive.fr/image.ashx?id=1972913&use=l&cat=p&typeid=i","cat":284456},{"id":10348,"n":"Huile de noix Rustica 50cl","p":8.05,"u":"16,10 €/L","img":"https://fd15-photos.leclercdrive.fr/image.ashx?id=2523703&use=l&cat=p&typeid=i","cat":284453},{"id":10351,"n":"Sacs à couche Mots d'Enfant Parfumés - x50","p":1.3,"u":"0,03 €/P","img":"https://fd15-photos.leclercdrive.fr/image.ashx?id=1886564&use=l&cat=p&typeid=i","cat":284737},{"id":10382,"n":"Choucroute Royale Côté Table 400g","p":2.39,"u":"5,98 €/KG","img":"https://fd15-photos.leclercdrive.fr/image.ashx?id=2977147&use=l&cat=p&typeid=i","cat":284441},{"id":10398,"n":"Biscuit apéritif ancel Bretzels Maxi - 200g","p":2.21,"u":"11,05 €/KG","img":"https://fd15-photos.leclercdrive.fr/image.ashx?id=2991813&use=l&cat=p&typeid=i","cat":297000},{"id":10408,"n":"Boisson végétale Riz nature Bjorg Bio - 1L","p":5.49,"u":"5,49 €/L","img":"https://fd15-photos.leclercdrive.fr/image.ashx?id=2970915&use=l&cat=p&typeid=i","cat":316067},{"id":10417,"n":"AOP Fitou rouge Réserve Saint Esteve - 75cl","p":7.45,"u":"9,93 €/L","img":"https://fd15-photos.leclercdrive.fr/image.ashx?id=2407295&use=l&cat=p&typeid=i","cat":289556},{"id":10465,"n":"Adoucissant Hyperdou Pure caresse - 3x250ml","p":2.21,"u":"2,95 €/L","img":"https://fd15-photos.leclercdrive.fr/image.ashx?id=2809078&use=l&cat=p&typeid=i","cat":284650},{"id":10526,"n":"Pommes Noisettes McCain 1kg","p":4.4,"u":"4,40 €/KG","img":"https://fd15-photos.leclercdrive.fr/image.ashx?id=2911312&use=l&cat=p&typeid=i","cat":319792},{"id":10527,"n":"Pommes Rissolées McCain  1kg","p":3.57,"u":"3,57 €/KG","img":"https://fd15-photos.leclercdrive.fr/image.ashx?id=2911309&use=l&cat=p&typeid=i","cat":319792},{"id":10577,"n":"Flammekueche Kauffer's Noix de St Jacques - 2x250g","p":14.99,"u":"29,98 €/KG","img":"https://fd15-photos.leclercdrive.fr/image.ashx?id=1563079&use=l&cat=p&typeid=i","cat":284257},{"id":10578,"n":"Oeufs Matines Poules élevées en plein air x6","p":2.99,"u":"8,59 €/KG","img":"https://fd15-photos.leclercdrive.fr/image.ashx?id=2795743&use=l&cat=p&typeid=i","cat":284378},{"id":10591,"n":"Spray vitrocéramique Clair 500ml","p":2.65,"u":"5,30 €/L","img":"https://fd15-photos.leclercdrive.fr/image.ashx?id=2860073&use=l&cat=p&typeid=i","cat":325363},{"id":10613,"n":"Haché de veau Tendriade 2x100g","p":6.9,"u":"34,50 €/KG","img":"https://fd15-photos.leclercdrive.fr/image.ashx?id=1746359&use=l&cat=p&typeid=i","cat":284332},{"id":10637,"n":"Crème entière Délisse Fluide - 30% MG - 2x25cl","p":3.62,"u":"7,24 €/L","img":"https://fd15-photos.leclercdrive.fr/image.ashx?id=3002560&use=l&cat=p&typeid=i","cat":284381},{"id":10638,"n":"Crème légère fluide UHT Délisse 12%mg - 2x25cl","p":2.7,"u":"5,40 €/L","img":"https://fd15-photos.leclercdrive.fr/image.ashx?id=3002566&use=l&cat=p&typeid=i","cat":284381},{"id":10641,"n":"Yaourts lait entier nature Bio Bio village - 4x125g","p":1.49,"u":"2,98 €/KG","img":"https://fd15-photos.leclercdrive.fr/image.ashx?id=2743831&use=l&cat=p&typeid=i","cat":284409},{"id":10655,"n":"IGP Pays d'Oc rouge Cabernet Sauvignon 12.5% vol - 75cl","p":7.25,"u":"9,67 €/L","img":"https://fd15-photos.leclercdrive.fr/image.ashx?id=2189904&use=l&cat=p&typeid=i","cat":289556},{"id":10658,"n":"Beurre gastronomique Président Doux - 82% MG - 125g","p":2.15,"u":"17,20 €/KG","img":"https://fd15-photos.leclercdrive.fr/image.ashx?id=2740592&use=l&cat=p&typeid=i","cat":284379},{"id":10672,"n":"Pommes Gala  1kg","p":3.2,"u":"3,20 €/KG","img":"https://fd15-photos.leclercdrive.fr/image.ashx?id=1630945&use=l&cat=p&typeid=i","cat":284356},{"id":10690,"n":"Poêlée côté sud Paysan Breton 750g","p":5.59,"u":"7,45 €/KG","img":"https://fd15-photos.leclercdrive.fr/image.ashx?id=2882397&use=l&cat=p&typeid=i","cat":319823},{"id":10703,"n":"Thon blanc entier Connétable Huile d'olive - 160g","p":5.0,"u":"31,25 €/KG","img":"https://fd15-photos.leclercdrive.fr/image.ashx?id=2910127&use=l&cat=p&typeid=i","cat":303867},{"id":10720,"n":"Vin mousseux Charles Volner Demi-sec - 11%vol. - 75cl","p":10.69,"u":"14,25 €/L","img":"https://fd15-photos.leclercdrive.fr/image.ashx?id=1592055&use=l&cat=p&typeid=i","cat":284544},{"id":10721,"n":"Chips nature Bret's 125g","p":1.4,"u":"11,20 €/KG","img":"https://fd15-photos.leclercdrive.fr/image.ashx?id=2617036&use=l&cat=p&typeid=i","cat":284447},{"id":10727,"n":"IGP Pays d'oc blanc Roche Mazet Sauvignon 12% vol - 75 cl","p":6.3,"u":"8,40 €/L","img":"https://fd15-photos.leclercdrive.fr/image.ashx?id=2342024&use=l&cat=p&typeid=i","cat":289557},{"id":10738,"n":"Jus de pomme Plein Fruit Sill 1L","p":2.69,"u":"2,69 €/L","img":"https://fd15-photos.leclercdrive.fr/image.ashx?id=2867428&use=l&cat=p&typeid=i","cat":284522},{"id":10766,"n":"Pain d'épices P'tit Déli 350g","p":2.55,"u":"7,29 €/KG","img":"https://fd15-photos.leclercdrive.fr/image.ashx?id=1938852&use=l&cat=p&typeid=i","cat":284493},{"id":10767,"n":"Riz cantonais Comptoir du Grain Express 2 min - 250g","p":1.59,"u":"6,36 €/KG","img":"https://fd15-photos.leclercdrive.fr/image.ashx?id=2441198&use=l&cat=p&typeid=i","cat":287600},{"id":10781,"n":"Chair de tomate Notre Jardin Nature - 400g","p":1.57,"u":"3,93 €/KG","img":"https://fd15-photos.leclercdrive.fr/image.ashx?id=2590436&use=l&cat=p&typeid=i","cat":312608},{"id":10785,"n":"Mogette cuisinée NRT De Vendée - 820g","p":4.57,"u":"5,57 €/KG","img":"https://fd15-photos.leclercdrive.fr/image.ashx?id=2330523&use=l&cat=p&typeid=i","cat":312606},{"id":10787,"n":"Huile de colza Bio Village Bio - 75cl","p":4.49,"u":"5,99 €/L","img":"https://fd15-photos.leclercdrive.fr/image.ashx?id=2989715&use=l&cat=p&typeid=i","cat":284453},{"id":10788,"n":"Moutarde de Dijon Bio Village Bio - 200g","p":1.89,"u":"9,45 €/KG","img":"https://fd15-photos.leclercdrive.fr/image.ashx?id=2607954&use=l&cat=p&typeid=i","cat":288850},{"id":10795,"n":"Moutarde de Dijon NRT À l'ancienne - 200g","p":1.86,"u":"9,30 €/KG","img":"https://fd15-photos.leclercdrive.fr/image.ashx?id=2644921&use=l&cat=p&typeid=i","cat":288850},{"id":10796,"n":"Terrine Côté Table Sanglier cognac - 180g","p":2.1,"u":"11,67 €/KG","img":"https://fd15-photos.leclercdrive.fr/image.ashx?id=2519423&use=l&cat=p&typeid=i","cat":305149},{"id":10919,"n":"Crème dessert La Laitière Pot de crème choco noir- 4x100g","p":3.79,"u":"9,48 €/KG","img":"https://fd15-photos.leclercdrive.fr/image.ashx?id=2224049&use=l&cat=p&typeid=i","cat":285041},{"id":10927,"n":"Noix de cajou grilées Eco+ Salées - 125g","p":2.1,"u":"16,80 €/KG","img":"https://fd15-photos.leclercdrive.fr/image.ashx?id=2839815&use=l&cat=p&typeid=i","cat":284448},{"id":10928,"n":"Mélange Eco+ Graines et raisin - 200g","p":2.11,"u":"10,55 €/KG","img":"https://fd15-photos.leclercdrive.fr/image.ashx?id=2780713&use=l&cat=p&typeid=i","cat":284448},{"id":10929,"n":"Madeleines longues Eco+ 250g","p":1.39,"u":"5,56 €/KG","img":"https://fd15-photos.leclercdrive.fr/image.ashx?id=2875672&use=l&cat=p&typeid=i","cat":284492},{"id":10930,"n":"Chocolat pâtissier Eco+ Spécial dessert 200g","p":2.25,"u":"11,25 €/KG","img":"https://fd15-photos.leclercdrive.fr/image.ashx?id=2793140&use=l&cat=p&typeid=i","cat":285562},{"id":10932,"n":"Sauce tomate cuisinée Eco+ 420g","p":1.53,"u":"3,64 €/KG","img":"https://fd15-photos.leclercdrive.fr/image.ashx?id=2739715&use=l&cat=p&typeid=i","cat":288384},{"id":10933,"n":"Huile olive Eco+ Extra vierge - 1L","p":7.99,"u":"7,99 €/L","img":"https://fd15-photos.leclercdrive.fr/image.ashx?id=2699547&use=l&cat=p&typeid=i","cat":284453},{"id":10938,"n":"Barquette chien Eco+ Au boeuf - 300g","p":0.89,"u":"2,97 €/KG","img":"https://fd15-photos.leclercdrive.fr/image.ashx?id=2957545&use=l&cat=p&typeid=i","cat":284673},{"id":10955,"n":"Blocs WC Eco+ Eau bleue - x2","p":1.1,"u":"0,55 €/P","img":"https://fd15-photos.leclercdrive.fr/image.ashx?id=2856115&use=l&cat=p&typeid=i","cat":284662},{"id":10968,"n":"Jus d'ananas Andros Ananas pressés - 1L","p":6.7,"u":"6,70 €/L","img":"https://fd15-photos.leclercdrive.fr/image.ashx?id=2292203&use=l&cat=p&typeid=i","cat":285435},{"id":10971,"n":"Jus de pommes pressées Andros 1L","p":2.99,"u":"2,99 €/L","img":"https://fd15-photos.leclercdrive.fr/image.ashx?id=2882644&use=l&cat=p&typeid=i","cat":285435},{"id":10979,"n":"Haricots Verts Bonduelle Extra-fins 1kg","p":4.75,"u":"4,75 €/KG","img":"https://fd15-photos.leclercdrive.fr/image.ashx?id=2876152&use=l&cat=p&typeid=i","cat":319805},{"id":10994,"n":"Gâteaux P'tit Déli Pépites de chocolat 10x30g","p":4.29,"u":"14,30 €/KG","img":"https://fd15-photos.leclercdrive.fr/image.ashx?id=1947354&use=l&cat=p&typeid=i","cat":284495},{"id":11002,"n":"AOC Champagne brut blanc  Grande cuvée Pol Carson - 75cl","p":35.99,"u":"47,99 €/L","img":"https://fd15-photos.leclercdrive.fr/image.ashx?id=2995887&use=l&cat=p&typeid=i","cat":284542},{"id":11003,"n":"Compote Douceur du Verger Coupelle pomme poire - 4x100g","p":1.69,"u":"4,23 €/KG","img":"https://fd15-photos.leclercdrive.fr/image.ashx?id=2878717&use=l&cat=p&typeid=i","cat":284508},{"id":11007,"n":"Barquettes chats Tous mes amis Les Menus 4 variétés - 8x100g","p":6.69,"u":"8,36 €/KG","img":"https://fd15-photos.leclercdrive.fr/image.ashx?id=2050645&use=l&cat=p&typeid=i","cat":285286},{"id":11024,"n":"Mayonnaise Rustica A la moutarde de Dijon - 175g","p":1.01,"u":"5,77 €/KG","img":"https://fd15-photos.leclercdrive.fr/image.ashx?id=2954349&use=l&cat=p&typeid=i","cat":298295},{"id":11033,"n":"Compote Douceur du Verger Gourdes pomme - 4x90g","p":1.85,"u":"5,14 €/KG","img":"https://fd15-photos.leclercdrive.fr/image.ashx?id=2837042&use=l&cat=p&typeid=i","cat":284508},{"id":11034,"n":"Terrine de campagne Côté Table Porc confit - 2x180g","p":4.95,"u":"13,75 €/KG","img":"https://fd15-photos.leclercdrive.fr/image.ashx?id=2519426&use=l&cat=p&typeid=i","cat":305149},{"id":11037,"n":"Sauce tomate Italienne Zapetti - 3x190g","p":4.07,"u":"7,14 €/KG","img":"https://fd15-photos.leclercdrive.fr/image.ashx?id=2579975&use=l&cat=p&typeid=i","cat":288384},{"id":11042,"n":"Crêpes Côté Table Fromage fondu x20 1kg","p":4.64,"u":"4,64 €/KG","img":"https://fd15-photos.leclercdrive.fr/image.ashx?id=1871059&use=l&cat=p&typeid=i","cat":319776},{"id":11046,"n":"Duo de riz Camargue Bio village Bio  - 500g","p":5.03,"u":"10,06 €/KG","img":"https://fd15-photos.leclercdrive.fr/image.ashx?id=2477008&use=l&cat=p&typeid=i","cat":284428},{"id":11070,"n":"Soupe instantanée Royco  Oignons & Croûtons - 4x200ml","p":3.04,"u":"38,00 €/KG","img":"https://fd15-photos.leclercdrive.fr/image.ashx?id=2650985&use=l&cat=p&typeid=i","cat":293527},{"id":11093,"n":"Céréales Spécial K Kellogg's Chocolat noir - 300g","p":3.89,"u":"12,97 €/KG","img":"https://fd15-photos.leclercdrive.fr/image.ashx?id=2583912&use=l&cat=p&typeid=i","cat":309512},{"id":11099,"n":"Mayonnaise classique Lesieur 425g","p":2.6,"u":"6,12 €/KG","img":"https://fd15-photos.leclercdrive.fr/image.ashx?id=2917771&use=l&cat=p&typeid=i","cat":298295},{"id":11101,"n":"Huile de tournesol Fruit d'Or 3L","p":12.19,"u":"4,06 €/L","img":"https://fd15-photos.leclercdrive.fr/image.ashx?id=2475723&use=l&cat=p&typeid=i","cat":284453},{"id":11176,"n":"Lait céréales bébé Blédiner 6m Courgette soir - 2x250ml","p":3.1,"u":"6,20 €/L","img":"https://fd15-photos.leclercdrive.fr/image.ashx?id=2960147&use=l&cat=p&typeid=i","cat":312239},{"id":11178,"n":"Plat bébé soir Blédiner 12 mois Pâtes tomate courgette - 2x200g","p":3.75,"u":"9,38 €/KG","img":"https://fd15-photos.leclercdrive.fr/image.ashx?id=2902966&use=l&cat=p&typeid=i","cat":312239},{"id":11292,"n":"AOC Clairette de Die Jaillance Esprit de terroirTradition 75cl","p":12.09,"u":"16,12 €/L","img":"https://fd15-photos.leclercdrive.fr/image.ashx?id=2453499&use=l&cat=p&typeid=i","cat":284545},{"id":11308,"n":"Couscous Tipiak - Grain moyen Prêt en 4 min - 1kg","p":2.89,"u":"2,89 €/KG","img":"https://fd15-photos.leclercdrive.fr/image.ashx?id=2947826&use=l&cat=p&typeid=i","cat":284429},{"id":11309,"n":"Fromage de Brebis Le Brebiou  Des Pyrénées - 180g","p":4.92,"u":"27,33 €/KG","img":"https://fd15-photos.leclercdrive.fr/image.ashx?id=2472855&use=l&cat=p&typeid=i","cat":314031},{"id":11310,"n":"Crème Chantilly Isigny Ste Mère Sucrée et vanillée - 250g","p":5.25,"u":"21,00 €/KG","img":"https://fd15-photos.leclercdrive.fr/image.ashx?id=3004384&use=l&cat=p&typeid=i","cat":284382},{"id":11335,"n":"Marrons Bio Allaire 200g","p":3.32,"u":"16,60 €/KG","img":"https://fd15-photos.leclercdrive.fr/image.ashx?id=2472288&use=l&cat=p&typeid=i","cat":284357},{"id":11365,"n":"Crème aux oeufs La Laitière Vanille - 4x100g","p":3.62,"u":"9,05 €/KG","img":"https://fd15-photos.leclercdrive.fr/image.ashx?id=3007987&use=l&cat=p&typeid=i","cat":284419},{"id":11391,"n":"Crème caramel Bonne Maman Aux oeufs frais - 4x100g","p":3.08,"u":"7,70 €/KG","img":"https://fd15-photos.leclercdrive.fr/image.ashx?id=1987563&use=l&cat=p&typeid=i","cat":284419},{"id":11464,"n":"Pointe de brie Président Crémeux - 200g","p":3.86,"u":"19,30 €/KG","img":"https://fd15-photos.leclercdrive.fr/image.ashx?id=2029841&use=l&cat=p&typeid=i","cat":314033},{"id":11465,"n":"Beurre La Motte Président Demi-sel - 80%MG - 250g","p":3.95,"u":"15,80 €/KG","img":"https://fd15-photos.leclercdrive.fr/image.ashx?id=2896970&use=l&cat=p&typeid=i","cat":284379},{"id":11477,"n":"Yaourts à la Grecque Au lait de brebis - 2x150g","p":2.76,"u":"9,20 €/KG","img":"https://fd15-photos.leclercdrive.fr/image.ashx?id=2188443&use=l&cat=p&typeid=i","cat":314999},{"id":11499,"n":"Lait Bio entier Lactel UHT Bouteille - 6x1l","p":15.35,"u":"2,56 €/L","img":"https://fd15-photos.leclercdrive.fr/image.ashx?id=2892775&use=l&cat=p&typeid=i","cat":285610},{"id":11501,"n":"Yaourts Mamie Nova Cerise griotte - 2x150g","p":1.99,"u":"6,63 €/KG","img":"https://fd15-photos.leclercdrive.fr/image.ashx?id=2912245&use=l&cat=p&typeid=i","cat":284410},{"id":11503,"n":"Crème gourmande Mamie Nova Vanille bourbon 2x150g","p":2.45,"u":"8,17 €/KG","img":"https://fd15-photos.leclercdrive.fr/image.ashx?id=2909017&use=l&cat=p&typeid=i","cat":285041},{"id":11507,"n":"Yaourts Mamie Nova Noix de coco - 2x150g","p":2.2,"u":"7,33 €/KG","img":"https://fd15-photos.leclercdrive.fr/image.ashx?id=2888488&use=l&cat=p&typeid=i","cat":284410},{"id":11508,"n":"Lait céréales Blédidej 6 mois Biscuit  - 4x250ml","p":5.7,"u":"5,70 €/L","img":"https://fd15-photos.leclercdrive.fr/image.ashx?id=2921040&use=l&cat=p&typeid=i","cat":312226},{"id":11509,"n":"Feuille de brick Tablier Blanc 8 feuilles - 136g","p":1.79,"u":"13,16 €/KG","img":"https://fd15-photos.leclercdrive.fr/image.ashx?id=1938558&use=l&cat=p&typeid=i","cat":333681},{"id":11516,"n":"Mi-bas voile résistant Tissaia Beige foncé taille unique - x3","p":2.4,"u":"0,80 €/P","img":"https://fd15-photos.leclercdrive.fr/image.ashx?id=2193347&use=l&cat=p&typeid=i","cat":334130},{"id":11518,"n":"Mi-bas voile Tissaia Noir - Taille unique - x3","p":2.63,"u":"0,88 €/P","img":"https://fd15-photos.leclercdrive.fr/image.ashx?id=2193338&use=l&cat=p&typeid=i","cat":334130},{"id":11527,"n":"Essuie-tout blanc Mimosa Super absorbant - x6","p":6.91,"u":"1,15 €/P","img":"https://fd15-photos.leclercdrive.fr/image.ashx?id=2401882&use=l&cat=p&typeid=i","cat":284635},{"id":11530,"n":"Crème gourmande Mamie Nova Cappucino 2x150g","p":2.2,"u":"7,33 €/KG","img":"https://fd15-photos.leclercdrive.fr/image.ashx?id=2909023&use=l&cat=p&typeid=i","cat":285041},{"id":11558,"n":"Vin du Maroc Boulaouane rosé  Cinsault grenache gris 12% 75cl","p":6.69,"u":"8,92 €/L","img":"https://fd15-photos.leclercdrive.fr/image.ashx?id=2179362&use=l&cat=p&typeid=i","cat":289558},{"id":11562,"n":"Boisson sans alcool D'Artigny Pêche - 75cl","p":6.65,"u":"8,87 €/L","img":"https://fd15-photos.leclercdrive.fr/image.ashx?id=2854393&use=l&cat=p&typeid=i","cat":289460},{"id":11587,"n":"Papier toilette Mimosa Rose - Ultra doux - x12","p":5.51,"u":"0,46 €/P","img":"https://fd15-photos.leclercdrive.fr/image.ashx?id=2448303&use=l&cat=p&typeid=i","cat":284634},{"id":11605,"n":"Noix de coco  1p","p":2.49,"img":"https://fd15-photos.leclercdrive.fr/image.ashx?id=1629549&use=l&cat=p&typeid=i","cat":284356},{"id":11618,"n":"Prunes jaunes 1kg","p":5.49,"u":"5,49 €/KG","img":"https://fd15-photos.leclercdrive.fr/image.ashx?id=1636398&use=l&cat=p&typeid=i","cat":284356},{"id":11822,"n":"Bonbons Werther's Original Caramel - 300g","p":4.99,"u":"16,63 €/KG","img":"https://fd15-photos.leclercdrive.fr/image.ashx?id=2659798&use=l&cat=p&typeid=i","cat":304252},{"id":11880,"n":"AOC Vouvray brut Les Caractères - 75cl","p":10.99,"u":"14,65 €/L","img":"https://fd15-photos.leclercdrive.fr/image.ashx?id=2961665&use=l&cat=p&typeid=i","cat":284544},{"id":11881,"n":"AOP Vouvray demi-sec Les Caractères - 75cl","p":10.33,"u":"13,77 €/L","img":"https://fd15-photos.leclercdrive.fr/image.ashx?id=2961668&use=l&cat=p&typeid=i","cat":284544},{"id":11883,"n":"IGP Côtes du Tarn Gamay Rouge Vieux Carion 12% vol - 75 cl","p":4.39,"u":"5,85 €/L","img":"https://fd15-photos.leclercdrive.fr/image.ashx?id=2541360&use=l&cat=p&typeid=i","cat":289556},{"id":11888,"n":"AOC Crémant d'Alsace brut rosé Rebmann - 75 cl","p":9.58,"u":"12,77 €/L","img":"https://fd15-photos.leclercdrive.fr/image.ashx?id=2682651&use=l&cat=p&typeid=i","cat":284545},{"id":11900,"n":"Arôme naturel de vanille Vahiné 20ml","p":2.65,"u":"132,50 €/L","img":"https://fd15-photos.leclercdrive.fr/image.ashx?id=2559766&use=l&cat=p&typeid=i","cat":284504},{"id":11902,"n":"Arôme amande amère Vahiné 20ml","p":1.7,"u":"85,00 €/L","img":"https://fd15-photos.leclercdrive.fr/image.ashx?id=2559769&use=l&cat=p&typeid=i","cat":284504},{"id":11903,"n":"Arôme naturel de citron Vahiné 20ml","p":2.15,"u":"107,50 €/L","img":"https://fd15-photos.leclercdrive.fr/image.ashx?id=2559772&use=l&cat=p&typeid=i","cat":284504},{"id":11908,"n":"Perles multicolores Vahiné 80g","p":2.0,"u":"25,00 €/KG","img":"https://fd15-photos.leclercdrive.fr/image.ashx?id=2524308&use=l&cat=p&typeid=i","cat":284504},{"id":11910,"n":"Colorant alimentaire Vahiné Assortiment x3","p":2.3,"u":"0,77 €/P","img":"https://fd15-photos.leclercdrive.fr/image.ashx?id=2939352&use=l&cat=p&typeid=i","cat":284504},{"id":11923,"n":"Glaçage au chocolat Vahiné 120g","p":2.5,"u":"20,83 €/KG","img":"https://fd15-photos.leclercdrive.fr/image.ashx?id=1888620&use=l&cat=p&typeid=i","cat":284504},{"id":12012,"n":"Riz Vivien Paille superfino Spécial risotto - 1kg","p":3.09,"u":"3,09 €/KG","img":"https://fd15-photos.leclercdrive.fr/image.ashx?id=2280296&use=l&cat=p&typeid=i","cat":284428},{"id":12015,"n":"Riz long Vivien Paille Bomba perliz cello 1kg","p":3.2,"u":"3,20 €/KG","img":"https://fd15-photos.leclercdrive.fr/image.ashx?id=2284085&use=l&cat=p&typeid=i","cat":284428},{"id":12017,"n":"Riz rond Vivien Paille dessert Perliz cello - 1kg","p":4.31,"u":"4,31 €/KG","img":"https://fd15-photos.leclercdrive.fr/image.ashx?id=2284082&use=l&cat=p&typeid=i","cat":284428},{"id":12023,"n":"Préparation brioche Mon Fournil Levure boulangère 1kg","p":3.4,"u":"3,40 €/KG","img":"https://fd15-photos.leclercdrive.fr/image.ashx?id=2378036&use=l&cat=p&typeid=i","cat":284506},{"id":12078,"n":"Pâte à tartiner Nustikao 400g","p":2.85,"u":"7,13 €/KG","img":"https://fd15-photos.leclercdrive.fr/image.ashx?id=2856411&use=l&cat=p&typeid=i","cat":284481},{"id":12080,"n":"Boisson énergisante X-tense Canette - 25cl","p":0.89,"u":"3,56 €/L","img":"https://fd15-photos.leclercdrive.fr/image.ashx?id=2956041&use=l&cat=p&typeid=i","cat":284533},{"id":12102,"n":"Roquette Notre Jardin  - 125g","p":2.99,"u":"23,92 €/KG","img":"https://fd15-photos.leclercdrive.fr/image.ashx?id=2720157&use=l&cat=p&typeid=i","cat":284353},{"id":12116,"n":"Sauce aigre douce Suzi Wan 400g","p":3.15,"u":"7,88 €/KG","img":"https://fd15-photos.leclercdrive.fr/image.ashx?id=2024300&use=l&cat=p&typeid=i","cat":288992},{"id":12122,"n":"Vermicelles de riz Suzi Wan 250g","p":3.95,"u":"15,80 €/KG","img":"https://fd15-photos.leclercdrive.fr/image.ashx?id=3002183&use=l&cat=p&typeid=i","cat":288992},{"id":12129,"n":"Vermicelles soja Suzi Wan 100g","p":3.19,"u":"31,90 €/KG","img":"https://fd15-photos.leclercdrive.fr/image.ashx?id=2886259&use=l&cat=p&typeid=i","cat":288992},{"id":12131,"n":"Crème coco Suzi Wan 200ml","p":2.89,"u":"14,45 €/L","img":"https://fd15-photos.leclercdrive.fr/image.ashx?id=2886250&use=l&cat=p&typeid=i","cat":288992},{"id":12214,"n":"Porto Pink Cruz 19%vol -  75cl","p":15.05,"u":"20,07 €/L","img":"https://fd15-photos.leclercdrive.fr/image.ashx?id=1732972&use=l&cat=p&typeid=i","cat":284913},{"id":12235,"n":"Tapenade olives vertes NRT 90g","p":2.65,"u":"29,44 €/KG","img":"https://fd15-photos.leclercdrive.fr/image.ashx?id=2839986&use=l&cat=p&typeid=i","cat":284451},{"id":12236,"n":"Spaghetti d'Alsace NRT 250g","p":1.44,"u":"5,76 €/KG","img":"https://fd15-photos.leclercdrive.fr/image.ashx?id=2839983&use=l&cat=p&typeid=i","cat":284427},{"id":12239,"n":"Rillettes de sardine NRT 125g","p":2.93,"u":"23,44 €/KG","img":"https://fd15-photos.leclercdrive.fr/image.ashx?id=2782801&use=l&cat=p&typeid=i","cat":305146},{"id":12241,"n":"Pâte à pizza Tablier Blanc Herbes de Provence - 500g","p":3.05,"u":"6,10 €/KG","img":"https://fd15-photos.leclercdrive.fr/image.ashx?id=1731164&use=l&cat=p&typeid=i","cat":333681},{"id":12242,"n":"Rillettes de saumon MSC Ronde des mers - 150g","p":3.4,"u":"22,67 €/KG","img":"https://fd15-photos.leclercdrive.fr/image.ashx?id=2822729&use=l&cat=p&typeid=i","cat":285191},{"id":12243,"n":"Rillettes de thon MSC Ronde des mers - 150g","p":3.19,"u":"21,27 €/KG","img":"https://fd15-photos.leclercdrive.fr/image.ashx?id=2644873&use=l&cat=p&typeid=i","cat":285191},{"id":12245,"n":"Galettes Bretonnes P'tit Déli Pépites chocolat 130g","p":1.6,"u":"12,31 €/KG","img":"https://fd15-photos.leclercdrive.fr/image.ashx?id=2387973&use=l&cat=p&typeid=i","cat":284487},{"id":12249,"n":"Torsades d'Alsace NRT 250g","p":2.08,"u":"8,32 €/KG","img":"https://fd15-photos.leclercdrive.fr/image.ashx?id=2839980&use=l&cat=p&typeid=i","cat":284427},{"id":12258,"n":"Gros sel de l'Ile de Ré NRT Sachet -1kg","p":1.73,"u":"1,73 €/KG","img":"https://fd15-photos.leclercdrive.fr/image.ashx?id=2802879&use=l&cat=p&typeid=i","cat":284457},{"id":12261,"n":"Double concentré tomates Turini 3X70g","p":1.67,"u":"7,95 €/KG","img":"https://fd15-photos.leclercdrive.fr/image.ashx?id=2623962&use=l&cat=p&typeid=i","cat":288384},{"id":12342,"n":"Sucettes Chupa Chups Fresh cola - 192g","p":4.99,"u":"25,99 €/KG","img":"https://fd15-photos.leclercdrive.fr/image.ashx?id=2149489&use=l&cat=p&typeid=i","cat":304252},{"id":12362,"n":"Thon entier Pêche Océan Naturel - 2x140g","p":4.77,"u":"17,04 €/KG","img":"https://fd15-photos.leclercdrive.fr/image.ashx?id=2941420&use=l&cat=p&typeid=i","cat":303867},{"id":12363,"n":"Thon entier Pêche Océan Naturel - 3x93g","p":5.57,"u":"19,96 €/KG","img":"https://fd15-photos.leclercdrive.fr/image.ashx?id=2941408&use=l&cat=p&typeid=i","cat":303867},{"id":12365,"n":"Couscous royal Côté Table Volaille et merguez 980g","p":5.43,"u":"5,54 €/KG","img":"https://fd15-photos.leclercdrive.fr/image.ashx?id=2977144&use=l&cat=p&typeid=i","cat":325094},{"id":12373,"n":"Moutarde Rustica Mi-forte - 415g","p":2.45,"u":"5,90 €/KG","img":"https://fd15-photos.leclercdrive.fr/image.ashx?id=1961437&use=l&cat=p&typeid=i","cat":288850},{"id":12374,"n":"Purée de tomates Turini 3x200g","p":1.47,"u":"2,45 €/KG","img":"https://fd15-photos.leclercdrive.fr/image.ashx?id=2174684&use=l&cat=p&typeid=i","cat":288384},{"id":12376,"n":"Pâtes Alphabet Turini 500g","p":1.23,"u":"2,46 €/KG","img":"https://fd15-photos.leclercdrive.fr/image.ashx?id=2980800&use=l&cat=p&typeid=i","cat":284427},{"id":12384,"n":"Thon entier Pêche Océan Huile de tournesol - 3x80g","p":2.86,"u":"11,92 €/KG","img":"https://fd15-photos.leclercdrive.fr/image.ashx?id=2941402&use=l&cat=p&typeid=i","cat":303867},{"id":12391,"n":"Sirop Frucci Fraise - 1L","p":4.99,"u":"4,99 €/L","img":"https://fd15-photos.leclercdrive.fr/image.ashx?id=2954076&use=l&cat=p&typeid=i","cat":295020},{"id":12394,"n":"Nectar Jafaden Abricot - 4x20cl","p":3.59,"u":"4,49 €/L","img":"https://fd15-photos.leclercdrive.fr/image.ashx?id=2955674&use=l&cat=p&typeid=i","cat":284524},{"id":12396,"n":"100% Pur jus de tomate Jafaden - 4x20cl","p":3.19,"u":"3,99 €/L","img":"https://fd15-photos.leclercdrive.fr/image.ashx?id=2562858&use=l&cat=p&typeid=i","cat":284523},{"id":12397,"n":"Vin mousseux d'Union Européenne Brut Blazer - 75 cl","p":5.84,"u":"7,79 €/L","img":"https://fd15-photos.leclercdrive.fr/image.ashx?id=2623950&use=l&cat=p&typeid=i","cat":284544},{"id":12398,"n":"Vin mousseux d'Union Européenne  Demi-sec Blazer - 75cl","p":5.0,"u":"6,67 €/L","img":"https://fd15-photos.leclercdrive.fr/image.ashx?id=2623953&use=l&cat=p&typeid=i","cat":284544},{"id":12399,"n":"Apéritif anisé Cantanis Sans alcool - 1L","p":2.95,"u":"2,95 €/L","img":"https://fd15-photos.leclercdrive.fr/image.ashx?id=2520011&use=l&cat=p&typeid=i","cat":284549},{"id":12402,"n":"Crème de mûres Auguste Muniot 15%vol. - 50cl","p":5.75,"u":"11,50 €/L","img":"https://fd15-photos.leclercdrive.fr/image.ashx?id=2541525&use=l&cat=p&typeid=i","cat":286032},{"id":12421,"n":"Vinaigre de vin Rustica Aromatisé Framboise - 50cl","p":2.03,"u":"4,06 €/L","img":"https://fd15-photos.leclercdrive.fr/image.ashx?id=2142181&use=l&cat=p&typeid=i","cat":298543},{"id":12422,"n":"Jus de citron vert Rustica 2x12,5cll","p":2.19,"u":"8,76 €/L","img":"https://fd15-photos.leclercdrive.fr/image.ashx?id=2974789&use=l&cat=p&typeid=i","cat":288383},{"id":12424,"n":"Pâtes Spaghetti Turini 3min - 500g","p":1.18,"u":"2,36 €/KG","img":"https://fd15-photos.leclercdrive.fr/image.ashx?id=2607464&use=l&cat=p&typeid=i","cat":284427},{"id":12426,"n":"Pâtes Cheveux d'anges Turini 1kg","p":2.21,"u":"2,21 €/KG","img":"https://fd15-photos.leclercdrive.fr/image.ashx?id=2980788&use=l&cat=p&typeid=i","cat":284427},{"id":12437,"n":"Sel fin de l'île de Ré NRT 250g","p":2.41,"u":"9,64 €/KG","img":"https://fd15-photos.leclercdrive.fr/image.ashx?id=2644909&use=l&cat=p&typeid=i","cat":284457},{"id":12438,"n":"Vinaigre Balsamique MAILLE Velours de Modène - 25cl","p":6.3,"u":"25,20 €/L","img":"https://fd15-photos.leclercdrive.fr/image.ashx?id=2889994&use=l&cat=p&typeid=i","cat":298543},{"id":12441,"n":"Moutarde Amora Fine et douce  - 435g","p":2.99,"u":"6,87 €/KG","img":"https://fd15-photos.leclercdrive.fr/image.ashx?id=2507608&use=l&cat=p&typeid=i","cat":288850},{"id":12451,"n":"Thé glacé Fresh Tea Pêche - Brique - 6x20cl","p":3.49,"u":"2,91 €/L","img":"https://fd15-photos.leclercdrive.fr/image.ashx?id=2622248&use=l&cat=p&typeid=i","cat":295019},{"id":12453,"n":"Soda Jean's Cola sans Caféine Zéro - Bouteille - 1,5L","p":1.45,"u":"0,97 €/L","img":"https://fd15-photos.leclercdrive.fr/image.ashx?id=2637865&use=l&cat=p&typeid=i","cat":284530},{"id":12464,"n":"Soda Jean's Cola Zéro Bouteille - 1,5L","p":1.15,"u":"0,77 €/L","img":"https://fd15-photos.leclercdrive.fr/image.ashx?id=2637883&use=l&cat=p&typeid=i","cat":284530},{"id":12467,"n":"Jus multifruits Jafaden Pur jus - 1L","p":3.89,"u":"3,89 €/L","img":"https://fd15-photos.leclercdrive.fr/image.ashx?id=2958705&use=l&cat=p&typeid=i","cat":284917},{"id":12469,"n":"100% Pur jus d'orange Jafaden  Sans pulpe - 1L","p":3.65,"u":"3,65 €/L","img":"https://fd15-photos.leclercdrive.fr/image.ashx?id=2496884&use=l&cat=p&typeid=i","cat":284521},{"id":12470,"n":"Pur Jus de raisin Bio Village Bio - 1L","p":3.03,"u":"3,03 €/L","img":"https://fd15-photos.leclercdrive.fr/image.ashx?id=2901518&use=l&cat=p&typeid=i","cat":284915},{"id":12471,"n":"Thon entier Pêche Océan Huile de tournesol - 160g","p":2.8,"u":"17,50 €/KG","img":"https://fd15-photos.leclercdrive.fr/image.ashx?id=2941393&use=l&cat=p&typeid=i","cat":303867},{"id":12477,"n":"Cassoulet Saucisse de Toulouse Côté Table - 420g","p":2.45,"u":"5,83 €/KG","img":"https://fd15-photos.leclercdrive.fr/image.ashx?id=2977861&use=l&cat=p&typeid=i","cat":284440},{"id":12501,"n":"Café soluble Plantation Sélection - 200g","p":6.59,"u":"32,95 €/KG","img":"https://fd15-photos.leclercdrive.fr/image.ashx?id=2834266&use=l&cat=p&typeid=i","cat":284843},{"id":12506,"n":"Marshmallows Copains Copines Vanille 300g","p":1.99,"u":"6,63 €/KG","img":"https://fd15-photos.leclercdrive.fr/image.ashx?id=2934646&use=l&cat=p&typeid=i","cat":304250},{"id":12512,"n":"Vinaigre de vin aux noix Maille - 50cl","p":3.77,"u":"7,54 €/L","img":"https://fd15-photos.leclercdrive.fr/image.ashx?id=2875999&use=l&cat=p&typeid=i","cat":298543},{"id":12513,"n":"Cornichons Maille Malossol A la russe 440g","p":6.84,"u":"15,55 €/KG","img":"https://fd15-photos.leclercdrive.fr/image.ashx?id=2076023&use=l&cat=p&typeid=i","cat":284458},{"id":12521,"n":"Miettes de thon Pêche Océan Huile de tournesol - 3x80g","p":3.03,"u":"12,63 €/KG","img":"https://fd15-photos.leclercdrive.fr/image.ashx?id=2943608&use=l&cat=p&typeid=i","cat":303867},{"id":12527,"n":"Chocolat Pâtissier Tablette dOr Noir - 200g","p":3.0,"u":"15,00 €/KG","img":"https://fd15-photos.leclercdrive.fr/image.ashx?id=2723356&use=l&cat=p&typeid=i","cat":285562},{"id":12529,"n":"Moutarde de Dijon Rustica  195g","p":1.59,"u":"8,15 €/KG","img":"https://fd15-photos.leclercdrive.fr/image.ashx?id=1921604&use=l&cat=p&typeid=i","cat":288850},{"id":12546,"n":"Farine à gâteaux Tablier Blanc 1kg","p":1.67,"u":"1,67 €/KG","img":"https://fd15-photos.leclercdrive.fr/image.ashx?id=2487425&use=l&cat=p&typeid=i","cat":284503},{"id":12549,"n":"Rasoirs jetables Venus Gillette Simply Venus 2 - x10","p":4.2,"u":"0,42 €/P","img":"https://fd15-photos.leclercdrive.fr/image.ashx?id=2881789&use=l&cat=p&typeid=i","cat":325352},{"id":12555,"n":"Mogette cuite au naturel NRT De Vendée - 530g","p":3.77,"u":"7,11 €/KG","img":"https://fd15-photos.leclercdrive.fr/image.ashx?id=2771025&use=l&cat=p&typeid=i","cat":312606},{"id":12557,"n":"Vinaigrette Rustica Echalote - 50cl","p":1.43,"u":"2,86 €/L","img":"https://fd15-photos.leclercdrive.fr/image.ashx?id=1972901&use=l&cat=p&typeid=i","cat":284456},{"id":12564,"n":"Châtaignes Notre Jardin Entières - 420g","p":7.5,"u":"17,86 €/KG","img":"https://fd15-photos.leclercdrive.fr/image.ashx?id=2263146&use=l&cat=p&typeid=i","cat":312612},{"id":12566,"n":"Sel régénérant Eco+ 4kg","p":3.69,"u":"0,92 €/KG","img":"https://fd15-photos.leclercdrive.fr/image.ashx?id=2865236&use=l&cat=p&typeid=i","cat":284657},{"id":12567,"n":"Andouillettes de Troyes NRT  2x150g","p":5.39,"u":"17,97 €/KG","img":"https://fd15-photos.leclercdrive.fr/image.ashx?id=2991500&use=l&cat=p&typeid=i","cat":316012},{"id":12573,"n":"Eponges Mamison salle de bain Décorées x2","p":1.48,"u":"0,74 €/P","img":"https://fd15-photos.leclercdrive.fr/image.ashx?id=2199055&use=l&cat=p&typeid=i","cat":284667},{"id":12584,"n":"Pain grillé bio Bio Village Blé complet x12 - 250g","p":2.6,"u":"10,40 €/KG","img":"https://fd15-photos.leclercdrive.fr/image.ashx?id=2619749&use=l&cat=p&typeid=i","cat":284479},{"id":12587,"n":"Compote Douceur du Verger Gourdes multivariétés - 12x90g","p":5.85,"u":"5,42 €/KG","img":"https://fd15-photos.leclercdrive.fr/image.ashx?id=2837036&use=l&cat=p&typeid=i","cat":284508},{"id":12588,"n":"Sel régénérant Visior Lave-vaisselle - 4x1kg","p":5.79,"u":"1,45 €/KG","img":"https://fd15-photos.leclercdrive.fr/image.ashx?id=2463401&use=l&cat=p&typeid=i","cat":284657},{"id":12591,"n":"Soupe déshydratée Knorr 9 légumes - 75cl","p":1.85,"u":"2,47 €/L","img":"https://fd15-photos.leclercdrive.fr/image.ashx?id=2790585&use=l&cat=p&typeid=i","cat":284463},{"id":12593,"n":"Soupe déshydratée Knorr 9 légumes - 105g","p":1.8,"u":"17,14 €/KG","img":"https://fd15-photos.leclercdrive.fr/image.ashx?id=2875930&use=l&cat=p&typeid=i","cat":284463},{"id":12601,"n":"Oignon Rustica Coupés - 100g","p":1.2,"u":"12,00 €/KG","img":"https://fd15-photos.leclercdrive.fr/image.ashx?id=2365466&use=l&cat=p&typeid=i","cat":319804},{"id":12602,"n":"Ciboulette Rustica Coupé - 50g","p":1.24,"u":"24,80 €/KG","img":"https://fd15-photos.leclercdrive.fr/image.ashx?id=2365460&use=l&cat=p&typeid=i","cat":319804},{"id":12627,"n":"Crème Nourrissante Karité Dop Cheveux très sec, frisé - 300ml","p":9.15,"u":"30,50 €/L","img":"https://fd15-photos.leclercdrive.fr/image.ashx?id=590700&use=l&cat=p&typeid=i","cat":284608},{"id":12634,"n":"Olives de Nyons AOP NRT Noires - 230g","p":5.2,"u":"22,61 €/KG","img":"https://fd15-photos.leclercdrive.fr/image.ashx?id=2704888&use=l&cat=p&typeid=i","cat":284458},{"id":12651,"n":"Shampoing Nutrition Dessange Cheveux secs - 250ml","p":7.3,"u":"29,20 €/L","img":"https://fd15-photos.leclercdrive.fr/image.ashx?id=2308048&use=l&cat=p&typeid=i","cat":284606},{"id":12661,"n":"Shampoing purifiant Dessange Cheveux gras - 250ml","p":7.08,"u":"28,32 €/L","img":"https://fd15-photos.leclercdrive.fr/image.ashx?id=2308042&use=l&cat=p&typeid=i","cat":284606},{"id":12668,"n":"Pizza Cuite sur pierre Turini Jambon fromage - 3x350g","p":8.2,"u":"7,81 €/KG","img":"https://fd15-photos.leclercdrive.fr/image.ashx?id=2815232&use=l&cat=p&typeid=i","cat":284256},{"id":12669,"n":"Sauce Burger AMORA 260g","p":2.45,"u":"9,42 €/KG","img":"https://fd15-photos.leclercdrive.fr/image.ashx?id=2893853&use=l&cat=p&typeid=i","cat":318431},{"id":12670,"n":"Basilic Rustica Coupé - 50g","p":1.36,"u":"27,20 €/KG","img":"https://fd15-photos.leclercdrive.fr/image.ashx?id=2365463&use=l&cat=p&typeid=i","cat":319804},{"id":12674,"n":"Nids d'Alsace NRT 250g","p":1.52,"u":"6,08 €/KG","img":"https://fd15-photos.leclercdrive.fr/image.ashx?id=2839968&use=l&cat=p&typeid=i","cat":284427},{"id":12675,"n":"Pizza Cuite sur pierre Turini 4 fromages - 400g","p":4.29,"u":"10,73 €/KG","img":"https://fd15-photos.leclercdrive.fr/image.ashx?id=2815229&use=l&cat=p&typeid=i","cat":284256},{"id":12676,"n":"Pizza Cuite sur pierre Turini Chorizo - 400g","p":3.59,"u":"8,98 €/KG","img":"https://fd15-photos.leclercdrive.fr/image.ashx?id=2815226&use=l&cat=p&typeid=i","cat":284256},{"id":12680,"n":"Filets d'Anchois Pêche Océan Marinés à l'Orientale - 100g","p":2.99,"u":"29,90 €/KG","img":"https://fd15-photos.leclercdrive.fr/image.ashx?id=2992519&use=l&cat=p&typeid=i","cat":285190},{"id":12684,"n":"Filets d'Anchois Pêche Océan Marinés à la provençale - 100g","p":2.7,"u":"27,00 €/KG","img":"https://fd15-photos.leclercdrive.fr/image.ashx?id=2993567&use=l&cat=p&typeid=i","cat":285190},{"id":12685,"n":"Biscuit P'tit Beurres chocolait P'tit Déli 268g","p":3.65,"u":"13,62 €/KG","img":"https://fd15-photos.leclercdrive.fr/image.ashx?id=2473975&use=l&cat=p&typeid=i","cat":284488},{"id":12691,"n":"Pizza Familiale 4 from. Turini Cuite sur pierre - 570g","p":6.69,"u":"11,74 €/KG","img":"https://fd15-photos.leclercdrive.fr/image.ashx?id=2815220&use=l&cat=p&typeid=i","cat":284256},{"id":12702,"n":"Poisson pané Pêche Océan Tomate - MSC - x8 - 600g","p":4.69,"u":"7,82 €/KG","img":"https://fd15-photos.leclercdrive.fr/image.ashx?id=2930111&use=l&cat=p&typeid=i","cat":319788},{"id":12712,"n":"Sauce Poivrons Aubergine Turini 190g","p":1.63,"u":"8,58 €/KG","img":"https://fd15-photos.leclercdrive.fr/image.ashx?id=2478474&use=l&cat=p&typeid=i","cat":287599},{"id":12733,"n":"Bacon Herta superposé x15 150g","p":4.11,"u":"27,40 €/KG","img":"https://fd15-photos.leclercdrive.fr/image.ashx?id=2889325&use=l&cat=p&typeid=i","cat":316007},{"id":12741,"n":"Emmental fromage râpé bio Bio village - 100g","p":1.53,"u":"15,30 €/KG","img":"https://fd15-photos.leclercdrive.fr/image.ashx?id=2757942&use=l&cat=p&typeid=i","cat":314035},{"id":12772,"n":"Boisson Jafaden Cranberry - 1L","p":2.99,"u":"2,99 €/L","img":"https://fd15-photos.leclercdrive.fr/image.ashx?id=2591394&use=l&cat=p&typeid=i","cat":284915},{"id":12794,"n":"Foie gras Pierre de Chaumeyrac IGP Entier du Sud Ouest - 240g","p":22.9,"u":"95,42 €/KG","img":"https://fd15-photos.leclercdrive.fr/image.ashx?id=2809072&use=l&cat=p&typeid=i","cat":316008},{"id":12795,"n":"Foie gras de canard entier  Pierre de Chaumeyrac - 300g","p":25.28,"u":"84,27 €/KG","img":"https://fd15-photos.leclercdrive.fr/image.ashx?id=2814863&use=l&cat=p&typeid=i","cat":316008},{"id":12838,"n":"Foie de volaille Le Gaulois Confit - 300g","p":3.5,"u":"11,67 €/KG","img":"https://fd15-photos.leclercdrive.fr/image.ashx?id=2732719&use=l&cat=p&typeid=i","cat":284715},{"id":12914,"n":"Fromage persillé 125g","p":2.3,"u":"18,40 €/KG","img":"https://fd15-photos.leclercdrive.fr/image.ashx?id=2609553&use=l&cat=p&typeid=i","cat":314032},{"id":12917,"n":"Infusion bio Bio Village Pour le soir x20 - 30g","p":2.4,"u":"80,00 €/KG","img":"https://fd15-photos.leclercdrive.fr/image.ashx?id=2646020&use=l&cat=p&typeid=i","cat":293234},{"id":12930,"n":"Mélange forestier Notre Jardin 450g","p":3.95,"u":"8,78 €/KG","img":"https://fd15-photos.leclercdrive.fr/image.ashx?id=2873111&use=l&cat=p&typeid=i","cat":319823},{"id":12939,"n":"Lait Bio demi-écrémé Grandlait Candia Bouteille - 6x1L","p":11.99,"u":"2,00 €/L","img":"https://fd15-photos.leclercdrive.fr/image.ashx?id=2735086&use=l&cat=p&typeid=i","cat":284377},{"id":12965,"n":"Crêpes dentelles chocolat NRT 100g","p":2.99,"u":"29,90 €/KG","img":"https://fd15-photos.leclercdrive.fr/image.ashx?id=2770265&use=l&cat=p&typeid=i","cat":284490},{"id":12966,"n":"Assortiment biscuits fins P'tit Déli 200g","p":2.95,"u":"14,75 €/KG","img":"https://fd15-photos.leclercdrive.fr/image.ashx?id=2554578&use=l&cat=p&typeid=i","cat":284490},{"id":13072,"n":"Pâte de fruits Jacquot Grand Verger- 1kg","p":7.29,"u":"7,29 €/KG","img":"https://fd15-photos.leclercdrive.fr/image.ashx?id=2855175&use=l&cat=p&typeid=i","cat":327606},{"id":13205,"n":"Copies doubles Eco+ 17x22cm - x200","p":1.46,"img":"https://fd15-photos.leclercdrive.fr/image.ashx?id=981371&use=l&cat=p&typeid=i","cat":284697},{"id":13349,"n":"Etui de mines pour compas Maped 10 mines de 2mm","p":2.48,"img":"https://fd15-photos.leclercdrive.fr/image.ashx?id=2508957&use=l&cat=p&typeid=i","cat":334133},{"id":13350,"n":"Pâté Hénaff 260g","p":5.61,"u":"21,58 €/KG","img":"https://fd15-photos.leclercdrive.fr/image.ashx?id=2662178&use=l&cat=p&typeid=i","cat":305149},{"id":13351,"n":"Pâté de porc Hénaff 390g","p":8.65,"u":"22,18 €/KG","img":"https://fd15-photos.leclercdrive.fr/image.ashx?id=2280546&use=l&cat=p&typeid=i","cat":305149},{"id":13352,"n":"Tourte La Compagnie Artique Noix de St Jacques - 400g","p":8.99,"u":"22,48 €/KG","img":"https://fd15-photos.leclercdrive.fr/image.ashx?id=1893412&use=l&cat=p&typeid=i","cat":284257},{"id":13364,"n":"Agrafes n°10 Maped x2000","p":2.65,"img":"https://fd15-photos.leclercdrive.fr/image.ashx?id=2962254&use=l&cat=p&typeid=i","cat":334133},{"id":13419,"n":"Whisky Breton 40%vol. - 70cl","p":27.08,"u":"38,69 €/L","img":"https://fd15-photos.leclercdrive.fr/image.ashx?id=1652005&use=l&cat=p&typeid=i","cat":284547},{"id":13425,"n":"Beurre Moulé Paysan Breton Demi-sel - 80% MG - 500g","p":6.72,"u":"13,44 €/KG","img":"https://fd15-photos.leclercdrive.fr/image.ashx?id=2774499&use=l&cat=p&typeid=i","cat":284379},{"id":13429,"n":"Mini-beurre Paysan Breton Demi-sel x20 - 82%MG - 200g","p":3.82,"u":"19,10 €/KG","img":"https://fd15-photos.leclercdrive.fr/image.ashx?id=2774571&use=l&cat=p&typeid=i","cat":284379},{"id":13440,"n":"Purée de fruit NATURNES Fruits du verger 6M+ - 4x130g","p":3.34,"u":"6,42 €/KG","img":"https://fd15-photos.leclercdrive.fr/image.ashx?id=2478387&use=l&cat=p&typeid=i","cat":312388},{"id":13464,"n":"Tripoux aveyronnais NRT 400g","p":6.99,"u":"17,48 €/KG","img":"https://fd15-photos.leclercdrive.fr/image.ashx?id=1907519&use=l&cat=p&typeid=i","cat":284441},{"id":13503,"n":"Biscottes bio Bio Village Au germe de blé x36 - 300g","p":2.64,"u":"8,80 €/KG","img":"https://fd15-photos.leclercdrive.fr/image.ashx?id=2634881&use=l&cat=p&typeid=i","cat":284479},{"id":13532,"n":"Purée pomme de terre Pom'lisse Saveur d'antan - 4x125g - 500g","p":3.29,"u":"6,58 €/KG","img":"https://fd15-photos.leclercdrive.fr/image.ashx?id=2929867&use=l&cat=p&typeid=i","cat":284431},{"id":13533,"n":"Anneaux de dentition Tigex Marin 1ère âge x2","p":5.9,"img":"https://fd15-photos.leclercdrive.fr/image.ashx?id=2553632&use=l&cat=p&typeid=i","cat":289435},{"id":13570,"n":"Andouillettes de Troyes NRT 3x150g","p":6.85,"u":"15,22 €/KG","img":"https://fd15-photos.leclercdrive.fr/image.ashx?id=2753508&use=l&cat=p&typeid=i","cat":316012},{"id":13571,"n":"Filets hareng doux fumé NRT du Nord - 200g","p":5.59,"u":"27,95 €/KG","img":"https://fd15-photos.leclercdrive.fr/image.ashx?id=2834332&use=l&cat=p&typeid=i","cat":285190},{"id":13583,"n":"Fromage L'Ortolan Léger Fromagerie Milleret -  250g","p":3.8,"u":"15,20 €/KG","img":"https://fd15-photos.leclercdrive.fr/image.ashx?id=2450916&use=l&cat=p&typeid=i","cat":314036},{"id":13585,"n":"Fleur de sel de l'Ile de Ré NRT 125g","p":3.93,"u":"31,44 €/KG","img":"https://fd15-photos.leclercdrive.fr/image.ashx?id=2802882&use=l&cat=p&typeid=i","cat":284457},{"id":13589,"n":"Fromage Brillat Savarin NRT  IGP - 200g","p":3.99,"u":"19,95 €/KG","img":"https://fd15-photos.leclercdrive.fr/image.ashx?id=2771064&use=l&cat=p&typeid=i","cat":329558},{"id":13590,"n":"Profiteroles Trofic Crème glacée vanille 280g","p":3.07,"u":"10,96 €/KG","img":"https://fd15-photos.leclercdrive.fr/image.ashx?id=2982604&use=l&cat=p&typeid=i","cat":284267},{"id":13593,"n":"Kouign Amann breton NRT Pur beurre - 400g","p":8.99,"u":"22,48 €/KG","img":"https://fd15-photos.leclercdrive.fr/image.ashx?id=2622317&use=l&cat=p&typeid=i","cat":293600},{"id":13604,"n":"Poissons panés au fromage Pêche Océan MSC - 180g","p":3.69,"u":"20,50 €/KG","img":"https://fd15-photos.leclercdrive.fr/image.ashx?id=2953608&use=l&cat=p&typeid=i","cat":284344},{"id":13605,"n":"Panés de colin Pêche Océan Colin d'Alaska - 200g","p":4.09,"u":"20,45 €/KG","img":"https://fd15-photos.leclercdrive.fr/image.ashx?id=2953605&use=l&cat=p&typeid=i","cat":284344},{"id":13609,"n":"Bière du Nord NRT Ambrée - 7° - 6x25cl","p":7.95,"u":"5,30 €/L","img":"https://fd15-photos.leclercdrive.fr/image.ashx?id=2663842&use=l&cat=p&typeid=i","cat":334872},{"id":13639,"n":"Nougat tendre de Montélimar NRT  sachet 200g","p":4.79,"u":"23,95 €/KG","img":"https://fd15-photos.leclercdrive.fr/image.ashx?id=2791069&use=l&cat=p&typeid=i","cat":304249},{"id":13646,"n":"Rochers Equador Chocolat noir x7 245g","p":3.29,"u":"13,43 €/KG","img":"https://fd15-photos.leclercdrive.fr/image.ashx?id=2842483&use=l&cat=p&typeid=i","cat":327600},{"id":13647,"n":"Rochers Equador Chocolat au lait x7 - 245g","p":3.59,"u":"14,65 €/KG","img":"https://fd15-photos.leclercdrive.fr/image.ashx?id=2842480&use=l&cat=p&typeid=i","cat":327600},{"id":13648,"n":"Biscuit Croc Break P'tit Déli Lait et goût chocolat - 300g","p":1.81,"u":"6,03 €/KG","img":"https://fd15-photos.leclercdrive.fr/image.ashx?id=1993182&use=l&cat=p&typeid=i","cat":284488},{"id":13649,"n":"Pansement Primoplast Cicatrisant hydrocolloïde x8","p":2.95,"img":"https://fd15-photos.leclercdrive.fr/image.ashx?id=2856480&use=l&cat=p&typeid=i","cat":284630},{"id":13650,"n":"Gel à l'arnica Primoplast 50g","p":2.99,"u":"59,80 €/KG","img":"https://fd15-photos.leclercdrive.fr/image.ashx?id=2856477&use=l&cat=p&typeid=i","cat":284630},{"id":13663,"n":"Mini-crêpes fourrées Tokapi  Comté - 65g","p":2.62,"u":"40,31 €/KG","img":"https://fd15-photos.leclercdrive.fr/image.ashx?id=2076682&use=l&cat=p&typeid=i","cat":297000},{"id":13678,"n":"Croûtons salade Epi d'Or Ail et fines herbes - 60g","p":1.09,"u":"18,17 €/KG","img":"https://fd15-photos.leclercdrive.fr/image.ashx?id=2606040&use=l&cat=p&typeid=i","cat":284464},{"id":13679,"n":"Croûtons salade Epi d'Or Nature - 60g","p":1.09,"u":"18,17 €/KG","img":"https://fd15-photos.leclercdrive.fr/image.ashx?id=2607909&use=l&cat=p&typeid=i","cat":284464},{"id":13681,"n":"Pâté pur porc Côtés Table 2 Foie 1 campagne - 3x78g","p":2.29,"u":"9,79 €/KG","img":"https://fd15-photos.leclercdrive.fr/image.ashx?id=2518505&use=l&cat=p&typeid=i","cat":305149},{"id":13682,"n":"Pâté de campagne Côté Table Pur porc - 3x78g","p":2.69,"u":"11,50 €/KG","img":"https://fd15-photos.leclercdrive.fr/image.ashx?id=2478763&use=l&cat=p&typeid=i","cat":305149},{"id":13683,"n":"Pâté de foie Côté Table Pur porc - 3x78g","p":1.95,"u":"8,33 €/KG","img":"https://fd15-photos.leclercdrive.fr/image.ashx?id=2518502&use=l&cat=p&typeid=i","cat":305149},{"id":13684,"n":"Bouillon de légumes Rustica Cubes - 12x10g","p":1.19,"u":"9,92 €/KG","img":"https://fd15-photos.leclercdrive.fr/image.ashx?id=1753198&use=l&cat=p&typeid=i","cat":288379},{"id":13685,"n":"Bouillon de volaille Rustica Cubes - 12x10g","p":1.45,"u":"12,08 €/KG","img":"https://fd15-photos.leclercdrive.fr/image.ashx?id=1880027&use=l&cat=p&typeid=i","cat":288379},{"id":13686,"n":"Bouillon Pot au feu Rustica Cubes - 12x10g","p":1.39,"u":"11,58 €/KG","img":"https://fd15-photos.leclercdrive.fr/image.ashx?id=1880024&use=l&cat=p&typeid=i","cat":288379},{"id":13693,"n":"Gaufrettes fourrées Tokapi Chèvre et poivre - 75g","p":2.09,"u":"27,87 €/KG","img":"https://fd15-photos.leclercdrive.fr/image.ashx?id=2067944&use=l&cat=p&typeid=i","cat":297000},{"id":13694,"n":"Riz long Comptoir du Grain 500g","p":2.09,"u":"4,18 €/KG","img":"https://fd15-photos.leclercdrive.fr/image.ashx?id=2886534&use=l&cat=p&typeid=i","cat":284428},{"id":13696,"n":"Soufflés Snack's Tokapi Cacahuète - 90g","p":0.85,"u":"9,44 €/KG","img":"https://fd15-photos.leclercdrive.fr/image.ashx?id=2677026&use=l&cat=p&typeid=i","cat":284449},{"id":13698,"n":"Légumes couscous Notre Jardin 400g","p":1.09,"u":"2,73 €/KG","img":"https://fd15-photos.leclercdrive.fr/image.ashx?id=2854216&use=l&cat=p&typeid=i","cat":312612},{"id":13699,"n":"Gaufrettes fourrées Tokapi Gouda et noix - 75g","p":2.29,"u":"30,53 €/KG","img":"https://fd15-photos.leclercdrive.fr/image.ashx?id=2063329&use=l&cat=p&typeid=i","cat":297000},{"id":13700,"n":"Gaufrettes fourrées Tokapi Fromage - 75g","p":1.45,"u":"19,33 €/KG","img":"https://fd15-photos.leclercdrive.fr/image.ashx?id=2067929&use=l&cat=p&typeid=i","cat":297000},{"id":13701,"n":"Riz Thaï Comptoir du Grain Sélection Riz long - 500g","p":1.76,"u":"3,52 €/KG","img":"https://fd15-photos.leclercdrive.fr/image.ashx?id=2565610&use=l&cat=p&typeid=i","cat":284428},{"id":13703,"n":"Petits pois Notre Jardin A l'étuvée - Très fins - 560g","p":2.09,"u":"3,73 €/KG","img":"https://fd15-photos.leclercdrive.fr/image.ashx?id=2987955&use=l&cat=p&typeid=i","cat":312607},{"id":13711,"n":"Croquettes chat Ultima Stérilisé - Poulet - 1.5kg","p":13.33,"u":"8,89 €/KG","img":"https://fd15-photos.leclercdrive.fr/image.ashx?id=2886385&use=l&cat=p&typeid=i","cat":284680},{"id":13715,"n":"Croquettes chat Purina One Stérilisé - Boeuf/Blé-1.5kg","p":11.45,"u":"7,63 €/KG","img":"https://fd15-photos.leclercdrive.fr/image.ashx?id=2488040&use=l&cat=p&typeid=i","cat":284680},{"id":13716,"n":"Croquettes chat Purina One Adulte - Poisson de mer - 3kg","p":25.77,"u":"8,59 €/KG","img":"https://fd15-photos.leclercdrive.fr/image.ashx?id=2902340&use=l&cat=p&typeid=i","cat":284680},{"id":13719,"n":"Croquettes chat Purina One Adulte - Poulet/Céréales -1.5kg","p":11.45,"u":"7,63 €/KG","img":"https://fd15-photos.leclercdrive.fr/image.ashx?id=2537682&use=l&cat=p&typeid=i","cat":284680},{"id":13722,"n":"Croquettes chat Ultima Stérilisé - Saumon - 1.5kg","p":12.03,"u":"8,02 €/KG","img":"https://fd15-photos.leclercdrive.fr/image.ashx?id=2921897&use=l&cat=p&typeid=i","cat":284680},{"id":13731,"n":"Barquettes chats Gourmet Gold Les mousselines - 12x85g","p":9.9,"u":"9,71 €/KG","img":"https://fd15-photos.leclercdrive.fr/image.ashx?id=2967046&use=l&cat=p&typeid=i","cat":285286},{"id":13733,"n":"Barquettes chats Gourmet Gold Les terrines - 12x85g","p":13.92,"u":"13,65 €/KG","img":"https://fd15-photos.leclercdrive.fr/image.ashx?id=2979069&use=l&cat=p&typeid=i","cat":285286},{"id":13742,"n":"Tablette chocolat Côte d'Or Truffé noir - 190g","p":6.29,"u":"33,11 €/KG","img":"https://fd15-photos.leclercdrive.fr/image.ashx?id=2938932&use=l&cat=p&typeid=i","cat":284956},{"id":13751,"n":"Croquettes chiens Ultima Allégées - 2kg","p":14.13,"u":"7,07 €/KG","img":"https://fd15-photos.leclercdrive.fr/image.ashx?id=3008821&use=l&cat=p&typeid=i","cat":284672},{"id":13770,"n":"Croissants surgelés Epi d'Or Cuisson four - 6x60g","p":2.99,"u":"8,31 €/KG","img":"https://fd15-photos.leclercdrive.fr/image.ashx?id=2900088&use=l&cat=p&typeid=i","cat":284267},{"id":13776,"n":"Mouchoirs blancs 3 plis Caresse Boîte - x110","p":2.02,"u":"0,02 €/P","img":"https://fd15-photos.leclercdrive.fr/image.ashx?id=2777921&use=l&cat=p&typeid=i","cat":284638},{"id":13777,"n":"Lingettes bébé Eco+ Epaisses - x72","p":1.05,"u":"0,01 €/P","img":"https://fd15-photos.leclercdrive.fr/image.ashx?id=2874672&use=l&cat=p&typeid=i","cat":284738},{"id":13782,"n":"Déodorant Manava anti-traces 200ml","p":2.55,"u":"12,75 €/L","img":"https://fd15-photos.leclercdrive.fr/image.ashx?id=2692952&use=l&cat=p&typeid=i","cat":284595},{"id":13784,"n":"Gel douche et shampooing Carré Homme Energisante - 250ml","p":1.55,"u":"6,20 €/L","img":"https://fd15-photos.leclercdrive.fr/image.ashx?id=1544231&use=l&cat=p&typeid=i","cat":284619},{"id":13785,"n":"Shampooing Vitanove Réparateur - 250ml","p":1.85,"u":"7,40 €/L","img":"https://fd15-photos.leclercdrive.fr/image.ashx?id=1879257&use=l&cat=p&typeid=i","cat":284606},{"id":13786,"n":"Shampooing Vitanove Equilibrant - 250ml","p":1.89,"u":"7,56 €/L","img":"https://fd15-photos.leclercdrive.fr/image.ashx?id=1913165&use=l&cat=p&typeid=i","cat":284606},{"id":13787,"n":"Shampooing Vitanove Extra Color - 250ml","p":2.35,"u":"9,40 €/L","img":"https://fd15-photos.leclercdrive.fr/image.ashx?id=1889779&use=l&cat=p&typeid=i","cat":284606},{"id":13788,"n":"Après-shampooing Vitanove Extra color - 200ml","p":2.2,"u":"11,00 €/L","img":"https://fd15-photos.leclercdrive.fr/image.ashx?id=2618302&use=l&cat=p&typeid=i","cat":284607},{"id":13789,"n":"Shampooing Vitanove Lissant - 250ml","p":2.35,"u":"9,40 €/L","img":"https://fd15-photos.leclercdrive.fr/image.ashx?id=1907456&use=l&cat=p&typeid=i","cat":284606},{"id":13790,"n":"Après-shampooing Vitanove Lissant - 200ml","p":2.1,"u":"10,50 €/L","img":"https://fd15-photos.leclercdrive.fr/image.ashx?id=2618314&use=l&cat=p&typeid=i","cat":284607},{"id":13914,"n":"Whisky Balvenie Double Wood 12 ans 40D 70cl","p":80.1,"u":"114,43 €/L","img":"https://fd15-photos.leclercdrive.fr/image.ashx?id=2435522&use=l&cat=p&typeid=i","cat":284547},{"id":13975,"n":"Salade Notre Jardin Mâche - 200g","p":4.19,"u":"20,95 €/KG","img":"https://fd15-photos.leclercdrive.fr/image.ashx?id=2662583&use=l&cat=p&typeid=i","cat":284353},{"id":13977,"n":"Salade Notre Jardin Coeurs de laitue - 320g","p":4.49,"u":"14,03 €/KG","img":"https://fd15-photos.leclercdrive.fr/image.ashx?id=2727365&use=l&cat=p&typeid=i","cat":284353},{"id":13978,"n":"Salade composée Notre Jardin 250g","p":3.19,"u":"12,76 €/KG","img":"https://fd15-photos.leclercdrive.fr/image.ashx?id=2680824&use=l&cat=p&typeid=i","cat":284353},{"id":13987,"n":"Bande cohésive Primoplast 2.5m x 6cm","p":4.59,"img":"https://fd15-photos.leclercdrive.fr/image.ashx?id=2856438&use=l&cat=p&typeid=i","cat":284630},{"id":13992,"n":"Recharge savon mains Manava Gel lavande - 250ml","p":0.91,"u":"3,64 €/L","img":"https://fd15-photos.leclercdrive.fr/image.ashx?id=2935477&use=l&cat=p&typeid=i","cat":284597},{"id":13995,"n":"Bandes extensibles Primoplast 4mx6cm - x2","p":1.77,"img":"https://fd15-photos.leclercdrive.fr/image.ashx?id=2856444&use=l&cat=p&typeid=i","cat":284630},{"id":13998,"n":"Pâte feuilletée Eco+ A dérouler - 230g","p":0.85,"u":"3,70 €/KG","img":"https://fd15-photos.leclercdrive.fr/image.ashx?id=2794178&use=l&cat=p&typeid=i","cat":333681},{"id":14006,"n":"Jambon de Vendée IGP NRT 2x90g","p":5.01,"u":"27,83 €/KG","img":"https://fd15-photos.leclercdrive.fr/image.ashx?id=2991482&use=l&cat=p&typeid=i","cat":316007},{"id":14007,"n":"Jambon de Bayonne IGP NRT 4 Grandes Tranches - 120g","p":4.4,"u":"36,67 €/KG","img":"https://fd15-photos.leclercdrive.fr/image.ashx?id=2207661&use=l&cat=p&typeid=i","cat":316007},{"id":14018,"n":"Chocolat Pâtissier Tablette dOr Noir corsé - 64% cacao - 200g","p":3.3,"u":"16,50 €/KG","img":"https://fd15-photos.leclercdrive.fr/image.ashx?id=2602349&use=l&cat=p&typeid=i","cat":285562},{"id":14023,"n":"Rasoir Carré Homme 3 lames - x1","p":4.21,"img":"https://fd15-photos.leclercdrive.fr/image.ashx?id=2704621&use=l&cat=p&typeid=i","cat":284616},{"id":14027,"n":"Lingettes Hygiène intime Doulys x20","p":1.91,"img":"https://fd15-photos.leclercdrive.fr/image.ashx?id=2815632&use=l&cat=p&typeid=i","cat":284627},{"id":14029,"n":"Fromage Neufchâtel AOP  Nos Régions ont du Talent 200g","p":3.95,"u":"19,75 €/KG","img":"https://fd15-photos.leclercdrive.fr/image.ashx?id=2071227&use=l&cat=p&typeid=i","cat":329558},{"id":14031,"n":"Crème Décolorante Siliss Visage et Corps - 2x50ml","p":4.69,"u":"46,90 €/L","img":"https://fd15-photos.leclercdrive.fr/image.ashx?id=2743783&use=l&cat=p&typeid=i","cat":325351},{"id":14038,"n":"Cassoulet au confit canard NRT - 420g","p":3.99,"u":"9,50 €/KG","img":"https://fd15-photos.leclercdrive.fr/image.ashx?id=2791413&use=l&cat=p&typeid=i","cat":284440},{"id":14046,"n":"Calvados pays d'auge NRT  40%vol. - 70cl","p":23.31,"u":"33,30 €/L","img":"https://fd15-photos.leclercdrive.fr/image.ashx?id=1647892&use=l&cat=p&typeid=i","cat":286032},{"id":14056,"n":"Confiture extra prunes NRT Du Lot-et-Garonne - 315g","p":3.65,"u":"11,59 €/KG","img":"https://fd15-photos.leclercdrive.fr/image.ashx?id=2460643&use=l&cat=p&typeid=i","cat":284480},{"id":14058,"n":"Confiture rhubarbe NRT Des Hauts-de-France - 315g","p":3.99,"u":"12,67 €/KG","img":"https://fd15-photos.leclercdrive.fr/image.ashx?id=2460652&use=l&cat=p&typeid=i","cat":284480},{"id":14060,"n":"Confiture de coings NRT 315g","p":3.99,"u":"12,67 €/KG","img":"https://fd15-photos.leclercdrive.fr/image.ashx?id=2494154&use=l&cat=p&typeid=i","cat":284480},{"id":14061,"n":"Confiture poires williams NRT De la Valée du Rhône - 315g","p":3.9,"u":"12,38 €/KG","img":"https://fd15-photos.leclercdrive.fr/image.ashx?id=2699792&use=l&cat=p&typeid=i","cat":284480},{"id":14062,"n":"Préparation framboises NRT Du Massif Central - 315g","p":4.85,"u":"15,40 €/KG","img":"https://fd15-photos.leclercdrive.fr/image.ashx?id=2699813&use=l&cat=p&typeid=i","cat":284480},{"id":14063,"n":"Préparation NRT Agrumes de Corse - 315g","p":3.75,"u":"11,90 €/KG","img":"https://fd15-photos.leclercdrive.fr/image.ashx?id=2460646&use=l&cat=p&typeid=i","cat":284480},{"id":14068,"n":"Miel Nid d'Abeille A tartiner - 500 g","p":5.79,"u":"11,58 €/KG","img":"https://fd15-photos.leclercdrive.fr/image.ashx?id=2693120&use=l&cat=p&typeid=i","cat":287643},{"id":14075,"n":"Lait de coco Tables du monde 400ml","p":1.65,"u":"4,13 €/L","img":"https://fd15-photos.leclercdrive.fr/image.ashx?id=1960758&use=l&cat=p&typeid=i","cat":288992},{"id":14081,"n":"Ratatouille Bio Village Bio A la provençale - 650g","p":3.45,"u":"5,31 €/KG","img":"https://fd15-photos.leclercdrive.fr/image.ashx?id=2762513&use=l&cat=p&typeid=i","cat":312612},{"id":14084,"n":"Confiture bio Bio Village Oranges - 370g","p":2.59,"u":"7,00 €/KG","img":"https://fd15-photos.leclercdrive.fr/image.ashx?id=2965623&use=l&cat=p&typeid=i","cat":284480},{"id":14087,"n":"Quenelles de veau Coté Table Sauce financière 400g","p":2.15,"u":"5,38 €/KG","img":"https://fd15-photos.leclercdrive.fr/image.ashx?id=2977864&use=l&cat=p&typeid=i","cat":284441},{"id":14088,"n":"Garnit bouchée reine Coté Table 400g","p":2.35,"u":"5,88 €/KG","img":"https://fd15-photos.leclercdrive.fr/image.ashx?id=2977150&use=l&cat=p&typeid=i","cat":284441},{"id":14091,"n":"Miel d'Acacia Nid d'abeille 375g","p":5.98,"u":"15,95 €/KG","img":"https://fd15-photos.leclercdrive.fr/image.ashx?id=2635901&use=l&cat=p&typeid=i","cat":287643},{"id":14093,"n":"Olives de Picholines NRT Vertes - 200g","p":3.6,"u":"18,00 €/KG","img":"https://fd15-photos.leclercdrive.fr/image.ashx?id=2663800&use=l&cat=p&typeid=i","cat":284458},{"id":14094,"n":"Confiture pêches de vigne NRT De la Valée du Rhône - 315g","p":3.99,"u":"12,67 €/KG","img":"https://fd15-photos.leclercdrive.fr/image.ashx?id=2460658&use=l&cat=p&typeid=i","cat":284480},{"id":14100,"n":"Quatre-quarts breton NRT 400g","p":6.65,"u":"16,63 €/KG","img":"https://fd15-photos.leclercdrive.fr/image.ashx?id=2663827&use=l&cat=p&typeid=i","cat":294776},{"id":14104,"n":"Gâteau breton fourré NRT Pruneaux - 400g","p":5.83,"u":"14,58 €/KG","img":"https://fd15-photos.leclercdrive.fr/image.ashx?id=2622305&use=l&cat=p&typeid=i","cat":293600},{"id":14113,"n":"Rasoirs jetables Siliss 2 lames - x10","p":2.45,"u":"0,25 €/P","img":"https://fd15-photos.leclercdrive.fr/image.ashx?id=2602763&use=l&cat=p&typeid=i","cat":325352},{"id":14114,"n":"Brosse à dents Dentamyl Médium x4","p":1.53,"u":"0,38 €/P","img":"https://fd15-photos.leclercdrive.fr/image.ashx?id=2790922&use=l&cat=p&typeid=i","cat":284614},{"id":14118,"n":"Carottes râpées Eco+ Assaisonnées - 500g","p":2.4,"u":"4,80 €/KG","img":"https://fd15-photos.leclercdrive.fr/image.ashx?id=2850805&use=l&cat=p&typeid=i","cat":333657},{"id":14119,"n":"Saucisson sec de Savoie NRT fumé - 250g","p":5.6,"u":"22,40 €/KG","img":"https://fd15-photos.leclercdrive.fr/image.ashx?id=2991497&use=l&cat=p&typeid=i","cat":316006},{"id":14122,"n":"Bâtonnets crâbe Eco+ x24 - 400g","p":3.59,"u":"8,98 €/KG","img":"https://fd15-photos.leclercdrive.fr/image.ashx?id=2865239&use=l&cat=p&typeid=i","cat":285189},{"id":14124,"n":"Rosette pur porc Eco+ 12 tranches - 150g","p":1.79,"u":"11,93 €/KG","img":"https://fd15-photos.leclercdrive.fr/image.ashx?id=2728222&use=l&cat=p&typeid=i","cat":316007},{"id":14126,"n":"Lasagnes bolognaise Eco+ 1kg","p":6.63,"u":"6,63 €/KG","img":"https://fd15-photos.leclercdrive.fr/image.ashx?id=2814842&use=l&cat=p&typeid=i","cat":333666},{"id":14131,"n":"Désodorisant Visior Lave-vaisselle Citron - x2","p":1.8,"u":"0,90 €/P","img":"https://fd15-photos.leclercdrive.fr/image.ashx?id=2951119&use=l&cat=p&typeid=i","cat":284657},{"id":14132,"n":"Bloc wc javel Syphon 2x40g","p":1.83,"u":"22,88 €/KG","img":"https://fd15-photos.leclercdrive.fr/image.ashx?id=2302540&use=l&cat=p&typeid=i","cat":284662},{"id":14138,"n":"Lingettes dépoussiérantes Eco+ x40","p":2.59,"u":"0,06 €/P","img":"https://fd15-photos.leclercdrive.fr/image.ashx?id=2805972&use=l&cat=p&typeid=i","cat":325364},{"id":14140,"n":"Savon extra-doux Manava Douceur d'amande 6x100g","p":4.72,"u":"7,87 €/KG","img":"https://fd15-photos.leclercdrive.fr/image.ashx?id=2331312&use=l&cat=p&typeid=i","cat":284597},{"id":14143,"n":"Diffuseur électrique Insectivor Anti-moustiques + recharge 35ml","p":5.35,"img":"https://fd15-photos.leclercdrive.fr/image.ashx?id=2717102&use=l&cat=p&typeid=i","cat":298368},{"id":14144,"n":"Lingettes bébé Mots d'Enfants Débarbouillantes - x40","p":0.98,"u":"0,02 €/P","img":"https://fd15-photos.leclercdrive.fr/image.ashx?id=2856471&use=l&cat=p&typeid=i","cat":284738},{"id":14145,"n":"Nems porc Eco+ Avec sauce 310g","p":4.2,"u":"13,55 €/KG","img":"https://fd15-photos.leclercdrive.fr/image.ashx?id=2987631&use=l&cat=p&typeid=i","cat":333673},{"id":14150,"n":"Nettoyant sol carrelés Clair Savon huile de lin 1L","p":2.74,"u":"2,74 €/L","img":"https://fd15-photos.leclercdrive.fr/image.ashx?id=2822102&use=l&cat=p&typeid=i","cat":284907},{"id":14153,"n":"Bonbons Eco+ Menthe Eucalyptus - 240g","p":1.65,"u":"6,88 €/KG","img":"https://fd15-photos.leclercdrive.fr/image.ashx?id=2699090&use=l&cat=p&typeid=i","cat":304252},{"id":14154,"n":"Bonbons gélifiés Eco+ Frites - 200g","p":1.45,"u":"7,25 €/KG","img":"https://fd15-photos.leclercdrive.fr/image.ashx?id=2774066&use=l&cat=p&typeid=i","cat":304250},{"id":14155,"n":"Gnocchi Turini à poêler 300g","p":1.29,"u":"4,30 €/KG","img":"https://fd15-photos.leclercdrive.fr/image.ashx?id=2606810&use=l&cat=p&typeid=i","cat":333682},{"id":14159,"n":"Bonbons gélifiés Eco+ Goût cola - 200g","p":1.29,"u":"6,45 €/KG","img":"https://fd15-photos.leclercdrive.fr/image.ashx?id=2717099&use=l&cat=p&typeid=i","cat":304250},{"id":14163,"n":"Crème nettoyante Clair 3en1 - Fraicheur - 750ml","p":2.02,"u":"2,69 €/L","img":"https://fd15-photos.leclercdrive.fr/image.ashx?id=2358324&use=l&cat=p&typeid=i","cat":325357},{"id":14164,"n":"Roquefort AOP Eco+ Lait cru brebis 150g","p":2.81,"u":"18,73 €/KG","img":"https://fd15-photos.leclercdrive.fr/image.ashx?id=2712858&use=l&cat=p&typeid=i","cat":314032},{"id":14165,"n":"Crème de soin cheveux Vitanove Boucles sans rinçage 200ml","p":3.12,"u":"15,60 €/L","img":"https://fd15-photos.leclercdrive.fr/image.ashx?id=1947997&use=l&cat=p&typeid=i","cat":284608},{"id":14179,"n":"Betteraves rouges Bio Village Bio - 200g","p":4.39,"u":"21,95 €/KG","img":"https://fd15-photos.leclercdrive.fr/image.ashx?id=2659197&use=l&cat=p&typeid=i","cat":333657},{"id":14182,"n":"Déodorant stick Carré Homme Marine - 50ml","p":3.88,"u":"77,60 €/L","img":"https://fd15-photos.leclercdrive.fr/image.ashx?id=2481207&use=l&cat=p&typeid=i","cat":284618},{"id":14183,"n":"Lame de rasoir Siliss 3 lames - x4","p":5.3,"img":"https://fd15-photos.leclercdrive.fr/image.ashx?id=2602736&use=l&cat=p&typeid=i","cat":325352},{"id":14187,"n":"Masque réparateur Vitanove Secs abîmés cassants 300ml","p":3.15,"u":"10,50 €/L","img":"https://fd15-photos.leclercdrive.fr/image.ashx?id=2856275&use=l&cat=p&typeid=i","cat":284608},{"id":14190,"n":"Savon mains en crème Manava nourrissante à l'amande - 300ml","p":1.39,"u":"4,63 €/L","img":"https://fd15-photos.leclercdrive.fr/image.ashx?id=2935471&use=l&cat=p&typeid=i","cat":284597},{"id":14193,"n":"Masque capillaire Vitanove Extra color 300ml","p":2.72,"u":"9,07 €/L","img":"https://fd15-photos.leclercdrive.fr/image.ashx?id=2149095&use=l&cat=p&typeid=i","cat":284608},{"id":14195,"n":"Bande à découper Primoplast Peaux sensibles - 10x6cm","p":3.89,"img":"https://fd15-photos.leclercdrive.fr/image.ashx?id=1947979&use=l&cat=p&typeid=i","cat":284630},{"id":14196,"n":"Après-shampooing Vitanove Réparateur - 200ml","p":2.0,"u":"10,00 €/L","img":"https://fd15-photos.leclercdrive.fr/image.ashx?id=2618311&use=l&cat=p&typeid=i","cat":284607},{"id":14201,"n":"Filets de Morue Ronde des Mers Prêt à cuisiner 400g","p":10.25,"u":"25,63 €/KG","img":"https://fd15-photos.leclercdrive.fr/image.ashx?id=2694221&use=l&cat=p&typeid=i","cat":284342},{"id":14211,"n":"Lotion après-rasage Carré Homme Boisée tonifiant 100ml","p":1.94,"u":"19,40 €/L","img":"https://fd15-photos.leclercdrive.fr/image.ashx?id=2854222&use=l&cat=p&typeid=i","cat":288147},{"id":14212,"n":"Lotion après-rasage Carré Homme Marine tonifiant 100ml","p":1.94,"u":"19,40 €/L","img":"https://fd15-photos.leclercdrive.fr/image.ashx?id=2854219&use=l&cat=p&typeid=i","cat":288147},{"id":14217,"n":"Crème pieds Primoplast Nutri-réparatrice - 75ml","p":4.45,"u":"59,33 €/L","img":"https://fd15-photos.leclercdrive.fr/image.ashx?id=2832930&use=l&cat=p&typeid=i","cat":325354},{"id":14219,"n":"Dentifrice enfant Dentamyl Menthe - 7 à 13 ans - 75ml","p":0.95,"u":"12,67 €/L","img":"https://fd15-photos.leclercdrive.fr/image.ashx?id=2489113&use=l&cat=p&typeid=i","cat":288898},{"id":14220,"n":"Shampooing Vitanove Volumateur - 250ml","p":2.85,"u":"11,40 €/L","img":"https://fd15-photos.leclercdrive.fr/image.ashx?id=1909519&use=l&cat=p&typeid=i","cat":284606},{"id":14222,"n":"Lait de toilette Mots d'Enfants Bébé peaux délicates - 250ml","p":2.49,"u":"9,96 €/L","img":"https://fd15-photos.leclercdrive.fr/image.ashx?id=3015024&use=l&cat=p&typeid=i","cat":284741},{"id":14223,"n":"Dépoussiérant meubles Clair Multi-surfaces 300ml","p":1.59,"u":"5,30 €/L","img":"https://fd15-photos.leclercdrive.fr/image.ashx?id=2856681&use=l&cat=p&typeid=i","cat":325364},{"id":14224,"n":"Gel wc Syphon surpuissant 750ml","p":1.56,"u":"2,08 €/L","img":"https://fd15-photos.leclercdrive.fr/image.ashx?id=2558790&use=l&cat=p&typeid=i","cat":284662},{"id":14232,"n":"Caramels au lait d'Isigny NRT  350g","p":3.55,"u":"10,14 €/KG","img":"https://fd15-photos.leclercdrive.fr/image.ashx?id=2771037&use=l&cat=p&typeid=i","cat":304252},{"id":14234,"n":"Bêtises de Cambrai NRT 200g","p":2.62,"u":"13,10 €/KG","img":"https://fd15-photos.leclercdrive.fr/image.ashx?id=2771034&use=l&cat=p&typeid=i","cat":304250},{"id":14235,"n":"Change complet Chorys Taille M - x20","p":10.95,"u":"0,55 €/P","img":"https://fd15-photos.leclercdrive.fr/image.ashx?id=2905219&use=l&cat=p&typeid=i","cat":284628},{"id":14236,"n":"Jambon cru Eco+ 8 tranches - 150g","p":2.56,"u":"17,07 €/KG","img":"https://fd15-photos.leclercdrive.fr/image.ashx?id=2917638&use=l&cat=p&typeid=i","cat":316007},{"id":14243,"n":"Pain de mie nature Epi d'Or Grandes tranches - 825g","p":2.69,"u":"3,26 €/KG","img":"https://fd15-photos.leclercdrive.fr/image.ashx?id=2860724&use=l&cat=p&typeid=i","cat":284477},{"id":14260,"n":"Crottin Chavignol NRT AOP  Fromage de chèvre - 2x60g","p":4.28,"u":"35,67 €/KG","img":"https://fd15-photos.leclercdrive.fr/image.ashx?id=2519432&use=l&cat=p&typeid=i","cat":314031},{"id":14262,"n":"Cognac v.s.o.p 40%vol. NRT 50cl","p":21.9,"u":"43,80 €/L","img":"https://fd15-photos.leclercdrive.fr/image.ashx?id=1646501&use=l&cat=p&typeid=i","cat":286032},{"id":14270,"n":"Cidre Pays d'Auge NRT AOP  4.5%vol - 75cl","p":5.09,"u":"6,79 €/L","img":"https://fd15-photos.leclercdrive.fr/image.ashx?id=2791081&use=l&cat=p&typeid=i","cat":334880},{"id":14271,"n":"Crème de marrons NRT De l'Ardèche - 325g","p":4.15,"u":"12,77 €/KG","img":"https://fd15-photos.leclercdrive.fr/image.ashx?id=2771061&use=l&cat=p&typeid=i","cat":284481},{"id":14272,"n":"Calissons NRT D'Aix-en-provence - 250g","p":10.15,"u":"40,60 €/KG","img":"https://fd15-photos.leclercdrive.fr/image.ashx?id=2771031&use=l&cat=p&typeid=i","cat":284499},{"id":14273,"n":"Fromage Pont-l'Evêque AOP  Nos Régions ont du Talent 220g","p":3.15,"u":"14,32 €/KG","img":"https://fd15-photos.leclercdrive.fr/image.ashx?id=2356344&use=l&cat=p&typeid=i","cat":329558},{"id":14276,"n":"Cassoulet au confit canard NRT - 840g","p":6.91,"u":"8,23 €/KG","img":"https://fd15-photos.leclercdrive.fr/image.ashx?id=2791410&use=l&cat=p&typeid=i","cat":284440},{"id":14278,"n":"Carottes râpées Bio Bio village - 200g","p":3.39,"u":"16,95 €/KG","img":"https://fd15-photos.leclercdrive.fr/image.ashx?id=2670374&use=l&cat=p&typeid=i","cat":333657},{"id":14282,"n":"Préparation citrons NRT De Corse -  315g","p":3.89,"u":"12,35 €/KG","img":"https://fd15-photos.leclercdrive.fr/image.ashx?id=2460655&use=l&cat=p&typeid=i","cat":284480},{"id":14283,"n":"Foie gras canard IGP Sud-Ouest NRT Entier- 180g","p":17.99,"u":"99,94 €/KG","img":"https://fd15-photos.leclercdrive.fr/image.ashx?id=2991494&use=l&cat=p&typeid=i","cat":305148},{"id":14285,"n":"Fromage Emmental Eco+ Râpé - 200g","p":1.94,"u":"9,70 €/KG","img":"https://fd15-photos.leclercdrive.fr/image.ashx?id=2942166&use=l&cat=p&typeid=i","cat":314035},{"id":14292,"n":"Eau aromatisée Volvic Zest  Citron - 1,5L","p":2.55,"u":"1,70 €/L","img":"https://fd15-photos.leclercdrive.fr/image.ashx?id=2730253&use=l&cat=p&typeid=i","cat":284537},{"id":14293,"n":"Eau aromatisée Volvic Zest Citron - 6x50cl","p":7.65,"u":"2,55 €/L","img":"https://fd15-photos.leclercdrive.fr/image.ashx?id=2730256&use=l&cat=p&typeid=i","cat":284537},{"id":14316,"n":"Lasagnes saumon Côté Table 1kg","p":10.25,"u":"10,25 €/KG","img":"https://fd15-photos.leclercdrive.fr/image.ashx?id=2047034&use=l&cat=p&typeid=i","cat":284254},{"id":14324,"n":"Lasagnes bolognaise Côté Table 300g","p":2.3,"u":"7,67 €/KG","img":"https://fd15-photos.leclercdrive.fr/image.ashx?id=2951335&use=l&cat=p&typeid=i","cat":284254},{"id":14327,"n":"Poêlée Côté Table Franc-Comtoise - 900g","p":5.83,"u":"6,48 €/KG","img":"https://fd15-photos.leclercdrive.fr/image.ashx?id=2048440&use=l&cat=p&typeid=i","cat":319823},{"id":14328,"n":"Hachis parmentier Côté Table 300g","p":3.29,"u":"10,97 €/KG","img":"https://fd15-photos.leclercdrive.fr/image.ashx?id=2718802&use=l&cat=p&typeid=i","cat":284254},{"id":14329,"n":"Brandade de morue Côté Table MSC - 300g","p":3.39,"u":"11,30 €/KG","img":"https://fd15-photos.leclercdrive.fr/image.ashx?id=2779187&use=l&cat=p&typeid=i","cat":284254},{"id":14330,"n":"Poêlée de légumes Notre Jardin Légumes grillés - 750g","p":3.28,"u":"4,37 €/KG","img":"https://fd15-photos.leclercdrive.fr/image.ashx?id=2771369&use=l&cat=p&typeid=i","cat":319823},{"id":14334,"n":"Ratatouille Notre Jardin Cuisinée 750g","p":2.63,"u":"3,51 €/KG","img":"https://fd15-photos.leclercdrive.fr/image.ashx?id=2873129&use=l&cat=p&typeid=i","cat":319823},{"id":14344,"n":"Pain de mie Nature Harrys Longue conservation - 550g","p":2.95,"u":"5,36 €/KG","img":"https://fd15-photos.leclercdrive.fr/image.ashx?id=2518109&use=l&cat=p&typeid=i","cat":284477},{"id":14349,"n":"Biscuits Truffine Equador  Meringue crème cacao - 100g","p":2.59,"u":"25,90 €/KG","img":"https://fd15-photos.leclercdrive.fr/image.ashx?id=2597618&use=l&cat=p&typeid=i","cat":284490},{"id":14351,"n":"Bandes non tissées Siliss Recharges -  2x14","p":3.69,"u":"0,13 €/P","img":"https://fd15-photos.leclercdrive.fr/image.ashx?id=2699417&use=l&cat=p&typeid=i","cat":325351},{"id":14352,"n":"Savon Manava  Karité - 2x100g","p":1.51,"u":"7,55 €/KG","img":"https://fd15-photos.leclercdrive.fr/image.ashx?id=2455371&use=l&cat=p&typeid=i","cat":284597},{"id":14358,"n":"Spécialité au soja Nat & Vie Fruits rouges - 4x100g","p":2.45,"u":"6,13 €/KG","img":"https://fd15-photos.leclercdrive.fr/image.ashx?id=2901440&use=l&cat=p&typeid=i","cat":316071},{"id":14359,"n":"Change complet Chorys Taille L - x20","p":12.06,"u":"0,60 €/P","img":"https://fd15-photos.leclercdrive.fr/image.ashx?id=2699435&use=l&cat=p&typeid=i","cat":284628},{"id":14371,"n":"Mousse à la crème Duodélisse Nature - 4x100g","p":1.99,"u":"4,98 €/KG","img":"https://fd15-photos.leclercdrive.fr/image.ashx?id=2387334&use=l&cat=p&typeid=i","cat":284409},{"id":14376,"n":"Dés de fromage Les Croisés Ail et fines herbes - 120g","p":2.4,"u":"20,00 €/KG","img":"https://fd15-photos.leclercdrive.fr/image.ashx?id=2741616&use=l&cat=p&typeid=i","cat":314027},{"id":14378,"n":"Dés de fromage Les Croisés Basilic ciboulette - 120g","p":2.32,"u":"19,33 €/KG","img":"https://fd15-photos.leclercdrive.fr/image.ashx?id=2741619&use=l&cat=p&typeid=i","cat":314027},{"id":14381,"n":"Palets bretons NRT 100g","p":2.25,"u":"22,50 €/KG","img":"https://fd15-photos.leclercdrive.fr/image.ashx?id=2622299&use=l&cat=p&typeid=i","cat":284487},{"id":14383,"n":"Blocs WC Syphon Activ' Effect  Lavande - x3","p":1.5,"u":"0,50 €/P","img":"https://fd15-photos.leclercdrive.fr/image.ashx?id=2320710&use=l&cat=p&typeid=i","cat":284662},{"id":14415,"n":"Levure chimique Vahiné 5x11g","p":0.9,"u":"16,36 €/KG","img":"https://fd15-photos.leclercdrive.fr/image.ashx?id=2490542&use=l&cat=p&typeid=i","cat":294686},{"id":14426,"n":"Whisky Lagavulin 16ans - 43%vol. - 70cl","p":128.06,"u":"182,94 €/L","img":"https://fd15-photos.leclercdrive.fr/image.ashx?id=1868167&use=l&cat=p&typeid=i","cat":284547},{"id":14427,"n":"Pastis Ricard Anisé 45% vol - 70cl","p":19.25,"u":"27,50 €/L","img":"https://fd15-photos.leclercdrive.fr/image.ashx?id=2976776&use=l&cat=p&typeid=i","cat":284548},{"id":14428,"n":"Whisky Clan Campbell Blended Scotch 40% vol - 1L","p":27.39,"u":"27,39 €/L","img":"https://fd15-photos.leclercdrive.fr/image.ashx?id=2868921&use=l&cat=p&typeid=i","cat":284547},{"id":14429,"n":"Eau de vie Auguste Mugniot Poire Williams - 40%vol. - 50cl","p":14.65,"u":"29,30 €/L","img":"https://fd15-photos.leclercdrive.fr/image.ashx?id=857588&use=l&cat=p&typeid=i","cat":286032},{"id":14434,"n":"Pastis de Marseille Vivalis 45%vol - 70cl","p":13.35,"u":"19,07 €/L","img":"https://fd15-photos.leclercdrive.fr/image.ashx?id=2805024&use=l&cat=p&typeid=i","cat":284548},{"id":14442,"n":"Champagne brut blanc Pol Carson - 37,5cl","p":19.69,"u":"52,51 €/L","img":"https://fd15-photos.leclercdrive.fr/image.ashx?id=2909849&use=l&cat=p&typeid=i","cat":284542},{"id":14447,"n":"Sirop Frucci Thé Pêche - 75cl","p":4.15,"u":"5,53 €/L","img":"https://fd15-photos.leclercdrive.fr/image.ashx?id=2922697&use=l&cat=p&typeid=i","cat":295020},{"id":14451,"n":"Sirop Frucci Menthe - 1L","p":3.65,"u":"3,65 €/L","img":"https://fd15-photos.leclercdrive.fr/image.ashx?id=2954067&use=l&cat=p&typeid=i","cat":295020},{"id":14452,"n":"Sirop Sport Citron - 1L","p":4.55,"u":"4,55 €/L","img":"https://fd15-photos.leclercdrive.fr/image.ashx?id=3011182&use=l&cat=p&typeid=i","cat":295020},{"id":14458,"n":"Biscuits tablette Eco+ Chocolat au lait - 150g","p":1.45,"u":"9,67 €/KG","img":"https://fd15-photos.leclercdrive.fr/image.ashx?id=2682750&use=l&cat=p&typeid=i","cat":284488},{"id":14494,"n":"Coquilles Saint-Jacques Tipiak À la bretonne - 4x90g","p":12.2,"u":"33,89 €/KG","img":"https://fd15-photos.leclercdrive.fr/image.ashx?id=2559754&use=l&cat=p&typeid=i","cat":319775},{"id":14499,"n":"Miel de lavande Provence IGP Nos Régions ont du Talent 375g","p":8.75,"u":"23,33 €/KG","img":"https://fd15-photos.leclercdrive.fr/image.ashx?id=2771073&use=l&cat=p&typeid=i","cat":287643},{"id":14512,"n":"Sachets glaçons Elembal x15","p":1.35,"img":"https://fd15-photos.leclercdrive.fr/image.ashx?id=2671810&use=l&cat=p&typeid=i","cat":334134},{"id":14574,"n":"Serviette incontinence Chorys Normal - x12","p":1.93,"u":"0,16 €/P","img":"https://fd15-photos.leclercdrive.fr/image.ashx?id=2393848&use=l&cat=p&typeid=i","cat":284628},{"id":14575,"n":"Serviette incontinence Chorys Mini - x20","p":1.89,"u":"0,09 €/P","img":"https://fd15-photos.leclercdrive.fr/image.ashx?id=2448409&use=l&cat=p&typeid=i","cat":284628},{"id":14578,"n":"Papier toilette Mimosa Rose - Ultra doux - x6","p":3.18,"u":"0,53 €/P","img":"https://fd15-photos.leclercdrive.fr/image.ashx?id=2402127&use=l&cat=p&typeid=i","cat":284634},{"id":14582,"n":"Bandes de cire froide Siliss Corps - Peaux sensibles - x40","p":3.8,"u":"0,10 €/P","img":"https://fd15-photos.leclercdrive.fr/image.ashx?id=2699426&use=l&cat=p&typeid=i","cat":325351},{"id":14595,"n":"Bière blonde Lorraine 5%vol - 50cl","p":1.55,"u":"3,10 €/L","img":"https://fd15-photos.leclercdrive.fr/image.ashx?id=2576220&use=l&cat=p&typeid=i","cat":334853},{"id":14596,"n":"Royal Soda grenadine 50cl","p":1.0,"u":"2,00 €/L","img":"https://fd15-photos.leclercdrive.fr/image.ashx?id=2296512&use=l&cat=p&typeid=i","cat":284532},{"id":14599,"n":"Royal Soda kampane 50cl","p":1.0,"u":"2,00 €/L","img":"https://fd15-photos.leclercdrive.fr/image.ashx?id=2551701&use=l&cat=p&typeid=i","cat":284532},{"id":14600,"n":"Limonade L'Ordinaire Martinique 2l","p":3.4,"u":"1,70 €/L","img":"https://fd15-photos.leclercdrive.fr/image.ashx?id=2115349&use=l&cat=p&typeid=i","cat":284531},{"id":14601,"n":"Cocktail de fruits Mont Pelé 1L","p":2.45,"u":"2,45 €/L","img":"https://fd15-photos.leclercdrive.fr/image.ashx?id=2551689&use=l&cat=p&typeid=i","cat":284917},{"id":14603,"n":"Nectar de fruit de la passion  Mont Pelé - 1L","p":2.55,"u":"2,55 €/L","img":"https://fd15-photos.leclercdrive.fr/image.ashx?id=2551695&use=l&cat=p&typeid=i","cat":284916},{"id":14605,"n":"Nectar Mont Pelé Tamarin Martinique - 1L","p":2.95,"u":"2,95 €/L","img":"https://fd15-photos.leclercdrive.fr/image.ashx?id=2497301&use=l&cat=p&typeid=i","cat":284915},{"id":14606,"n":"Confiture de goyave M'Amour Guadeloupe - 325g","p":2.65,"u":"8,15 €/KG","img":"https://fd15-photos.leclercdrive.fr/image.ashx?id=2551704&use=l&cat=p&typeid=i","cat":284480},{"id":14607,"n":"Confiture de mangues M'Amour Guadeloupe - 325g","p":2.51,"u":"7,72 €/KG","img":"https://fd15-photos.leclercdrive.fr/image.ashx?id=2551713&use=l&cat=p&typeid=i","cat":284480},{"id":14608,"n":"Sucre de canne roux Le Galion Martinique 1kg","p":2.1,"u":"2,10 €/KG","img":"https://fd15-photos.leclercdrive.fr/image.ashx?id=2201360&use=l&cat=p&typeid=i","cat":284502},{"id":14614,"n":"Nouilles Apollo poulet Ile maurice -85g","p":0.75,"u":"8,82 €/KG","img":"https://fd15-photos.leclercdrive.fr/image.ashx?id=1905353&use=l&cat=p&typeid=i","cat":288992},{"id":14615,"n":"Nouilles Apollo crevettes Ile maurice 85g","p":0.75,"u":"8,82 €/KG","img":"https://fd15-photos.leclercdrive.fr/image.ashx?id=2552958&use=l&cat=p&typeid=i","cat":288992},{"id":14616,"n":"Nouilles curry Apollo  Ile maurice - 85g","p":0.75,"u":"8,82 €/KG","img":"https://fd15-photos.leclercdrive.fr/image.ashx?id=1552357&use=l&cat=p&typeid=i","cat":288992},{"id":14626,"n":"Boisson aux fruits Oasis Saveur Pêche Abricot - 2L","p":3.8,"u":"1,90 €/L","img":"https://fd15-photos.leclercdrive.fr/image.ashx?id=2688635&use=l&cat=p&typeid=i","cat":295018},{"id":14633,"n":"AOP Bordeaux rouge La Croix d'Austéran - 75cl","p":7.55,"u":"10,07 €/L","img":"https://fd15-photos.leclercdrive.fr/image.ashx?id=1672093&use=l&cat=p&typeid=i","cat":289556},{"id":14635,"n":"Soda Jean's Cola Bouteille - 4x50cl","p":3.59,"u":"1,80 €/L","img":"https://fd15-photos.leclercdrive.fr/image.ashx?id=2684811&use=l&cat=p&typeid=i","cat":284530},{"id":14637,"n":"Biscuits P'tit Déli ronds Chocolat noir 200g","p":1.99,"u":"9,95 €/KG","img":"https://fd15-photos.leclercdrive.fr/image.ashx?id=2884207&use=l&cat=p&typeid=i","cat":284488},{"id":14654,"n":"Soupe liquide Liebig  Potiron - Brique 1L","p":3.8,"u":"3,80 €/L","img":"https://fd15-photos.leclercdrive.fr/image.ashx?id=2785355&use=l&cat=p&typeid=i","cat":284462},{"id":14659,"n":"Gel désinfectant mains Sanytol Au thé vert - 250ml","p":3.29,"u":"13,16 €/L","img":"https://fd15-photos.leclercdrive.fr/image.ashx?id=1754056&use=l&cat=p&typeid=i","cat":284630},{"id":14660,"n":"Gel désinfectant mains Sanytol Au thé vert - 75ml","p":2.09,"u":"27,87 €/L","img":"https://fd15-photos.leclercdrive.fr/image.ashx?id=2338730&use=l&cat=p&typeid=i","cat":284630},{"id":14661,"n":"Lingettes Hygiène Intime Usage Quotidien Intima Hamamélis x20","p":4.77,"u":"0,24 €/P","img":"https://fd15-photos.leclercdrive.fr/image.ashx?id=2886675&use=l&cat=p&typeid=i","cat":284627},{"id":14675,"n":"boisson végétale lait d'amande  bio bjorg intense - 1L","p":5.75,"u":"5,75 €/L","img":"https://fd15-photos.leclercdrive.fr/image.ashx?id=2970918&use=l&cat=p&typeid=i","cat":316067},{"id":14684,"n":"Huile d'olive Bio Bjorg Vierge extra - 75cl","p":15.99,"u":"21,32 €/L","img":"https://fd15-photos.leclercdrive.fr/image.ashx?id=2786015&use=l&cat=p&typeid=i","cat":284453},{"id":14688,"n":"Biscuits Bjorg Fourrés Chocolat lait bio 225g","p":5.48,"u":"24,36 €/KG","img":"https://fd15-photos.leclercdrive.fr/image.ashx?id=2970927&use=l&cat=p&typeid=i","cat":284488},{"id":14701,"n":"Chocolat Pâtissier Alter Eco Bio - 200g","p":4.15,"u":"20,75 €/KG","img":"https://fd15-photos.leclercdrive.fr/image.ashx?id=2961089&use=l&cat=p&typeid=i","cat":285562},{"id":14735,"n":"Nectar de mangue Mont Pelé  1L","p":2.95,"u":"2,95 €/L","img":"https://fd15-photos.leclercdrive.fr/image.ashx?id=2551698&use=l&cat=p&typeid=i","cat":284916},{"id":14762,"n":"Piles TechPlus Foxter AA/LR6 - x4","p":1.99,"img":"https://fd15-photos.leclercdrive.fr/image.ashx?id=2162165&use=l&cat=p&typeid=i","cat":300572},{"id":14765,"n":"Pile alcaline Tech+ Foxter 9V/6LP3146","p":4.0,"img":"https://fd15-photos.leclercdrive.fr/image.ashx?id=2162180&use=l&cat=p&typeid=i","cat":300572},{"id":14767,"n":"Piles alcalines Tech+ Foxter C/LR14 1,5V - x2","p":3.45,"u":"1,73 €/P","img":"https://fd15-photos.leclercdrive.fr/image.ashx?id=2162183&use=l&cat=p&typeid=i","cat":300572},{"id":14769,"n":"Piles alcalines Tech+  Foxter D/LR20 - x2","p":4.11,"u":"2,06 €/P","img":"https://fd15-photos.leclercdrive.fr/image.ashx?id=2162186&use=l&cat=p&typeid=i","cat":300572},{"id":14846,"n":"Cartouches d'encre Eco+ Bleu Courtes - x30","p":0.72,"u":"0,02 €/P","img":"https://fd15-photos.leclercdrive.fr/image.ashx?id=1699681&use=l&cat=p&typeid=i","cat":284696},{"id":14867,"n":"Adoucissant Hyperdou Pure Caresse - 750ml","p":1.8,"u":"2,40 €/L","img":"https://fd15-photos.leclercdrive.fr/image.ashx?id=2614446&use=l&cat=p&typeid=i","cat":284650},{"id":14873,"n":"Pastilles javel La Croix x40","p":4.5,"u":"33,58 €/KG","img":"https://fd15-photos.leclercdrive.fr/image.ashx?id=2679693&use=l&cat=p&typeid=i","cat":284661},{"id":14892,"n":"Yaourts allégés Sveltesse   Café - 4x125g","p":2.49,"u":"4,98 €/KG","img":"https://fd15-photos.leclercdrive.fr/image.ashx?id=3009215&use=l&cat=p&typeid=i","cat":315000},{"id":14900,"n":"Saucisson sec Saint-Azay 15 tranches - 150g","p":2.55,"u":"17,00 €/KG","img":"https://fd15-photos.leclercdrive.fr/image.ashx?id=2631432&use=l&cat=p&typeid=i","cat":316007},{"id":14901,"n":"Mozzarella di Buffala AOP Les Croisés - 125g","p":3.99,"u":"31,92 €/KG","img":"https://fd15-photos.leclercdrive.fr/image.ashx?id=2146137&use=l&cat=p&typeid=i","cat":314026},{"id":14904,"n":"Fromage frais nature Bio Bio village - 3.5% MG - 500g","p":2.49,"u":"4,98 €/KG","img":"https://fd15-photos.leclercdrive.fr/image.ashx?id=2839944&use=l&cat=p&typeid=i","cat":284409},{"id":14911,"n":"Bloc WC cuvette Harpic  Eau Bleue - x2","p":3.21,"u":"42,24 €/KG","img":"https://fd15-photos.leclercdrive.fr/image.ashx?id=2264743&use=l&cat=p&typeid=i","cat":284662},{"id":14912,"n":"Bloc wc La Croix eau bleue Javel x2","p":4.79,"img":"https://fd15-photos.leclercdrive.fr/image.ashx?id=2512315&use=l&cat=p&typeid=i","cat":284662},{"id":14917,"n":"CILLIT BANG Gel WC Surpuissant  Désinfectant Javel - 750ml","p":4.68,"u":"6,24 €/L","img":"https://fd15-photos.leclercdrive.fr/image.ashx?id=2902322&use=l&cat=p&typeid=i","cat":284662},{"id":14918,"n":"Dessert fruitier framboise Douceur du Verger s/sucre 4x97g","p":2.25,"u":"5,80 €/KG","img":"https://fd15-photos.leclercdrive.fr/image.ashx?id=1957075&use=l&cat=p&typeid=i","cat":284416},{"id":14919,"n":"Compote Douceur du Verger Pomme Abricot - 4x97g","p":1.69,"u":"4,36 €/KG","img":"https://fd15-photos.leclercdrive.fr/image.ashx?id=2406396&use=l&cat=p&typeid=i","cat":284416},{"id":14923,"n":"Brocolis fleurettes Bio Village Bio - 600g","p":2.59,"u":"4,32 €/KG","img":"https://fd15-photos.leclercdrive.fr/image.ashx?id=2891788&use=l&cat=p&typeid=i","cat":319805},{"id":14924,"n":"Lasagnes chèvre épinards Côté Table - 500g","p":3.42,"u":"6,84 €/KG","img":"https://fd15-photos.leclercdrive.fr/image.ashx?id=2647874&use=l&cat=p&typeid=i","cat":284254},{"id":14934,"n":"Gin Gibson 37.5%vol - 70cl","p":17.2,"u":"24,57 €/L","img":"https://fd15-photos.leclercdrive.fr/image.ashx?id=2755396&use=l&cat=p&typeid=i","cat":284550},{"id":14965,"n":"Bas-armagnac AOC 40%vol. - 50cl","p":24.19,"u":"48,38 €/L","img":"https://fd15-photos.leclercdrive.fr/image.ashx?id=2663305&use=l&cat=p&typeid=i","cat":286032},{"id":14971,"n":"Eau de vie Auguste Mugniot Mirabelle - 40%vol. - 50cl","p":15.8,"u":"31,60 €/L","img":"https://fd15-photos.leclercdrive.fr/image.ashx?id=2448522&use=l&cat=p&typeid=i","cat":286032},{"id":14972,"n":"Eau de vie Auguste Mugniot Kirsch - 40%vol. - 50cl","p":15.75,"u":"31,50 €/L","img":"https://fd15-photos.leclercdrive.fr/image.ashx?id=2448525&use=l&cat=p&typeid=i","cat":286032},{"id":14974,"n":"Cognac v.s. Duc de Borzac 40%vol. - 70cl","p":27.29,"u":"38,99 €/L","img":"https://fd15-photos.leclercdrive.fr/image.ashx?id=2397138&use=l&cat=p&typeid=i","cat":286032},{"id":14978,"n":"Liqueur de whisky Baird's Irish cream 17%vol. - 70cl","p":9.79,"u":"13,99 €/L","img":"https://fd15-photos.leclercdrive.fr/image.ashx?id=1654895&use=l&cat=p&typeid=i","cat":286032},{"id":14979,"n":"Crème de cassis de dijon NRT 20%vol. - 70cl","p":10.15,"u":"14,50 €/L","img":"https://fd15-photos.leclercdrive.fr/image.ashx?id=2762632&use=l&cat=p&typeid=i","cat":286032},{"id":14980,"n":"Crème de framboise Auguste  Mugniot 15%vol. - 50cl","p":5.9,"u":"11,80 €/L","img":"https://fd15-photos.leclercdrive.fr/image.ashx?id=829186&use=l&cat=p&typeid=i","cat":286032},{"id":14982,"n":"Cocktail Punch coco Lagoa 15%vol - 70cl","p":8.19,"u":"11,70 €/L","img":"https://fd15-photos.leclercdrive.fr/image.ashx?id=2958308&use=l&cat=p&typeid=i","cat":284551},{"id":14983,"n":"Pastis de Marseille Vivalis 45%vol - 1,5L","p":26.15,"u":"17,43 €/L","img":"https://fd15-photos.leclercdrive.fr/image.ashx?id=2820418&use=l&cat=p&typeid=i","cat":284548},{"id":14984,"n":"Guignolet Auguste Mugniot Kirsch - 15%vol. - 1L","p":8.75,"u":"8,75 €/L","img":"https://fd15-photos.leclercdrive.fr/image.ashx?id=745118&use=l&cat=p&typeid=i","cat":286032},{"id":14985,"n":"Liqueur de gentiane Boliane 15%vol. 1L","p":8.82,"u":"8,82 €/L","img":"https://fd15-photos.leclercdrive.fr/image.ashx?id=2081669&use=l&cat=p&typeid=i","cat":284913},{"id":14987,"n":"Scotch Whisky Baird's 40%vol - 1,5L","p":33.19,"u":"22,13 €/L","img":"https://fd15-photos.leclercdrive.fr/image.ashx?id=2913660&use=l&cat=p&typeid=i","cat":284547},{"id":14993,"n":"Bière blonde Leffe Rituel 9% - 6x25cl","p":9.79,"u":"6,53 €/L","img":"https://fd15-photos.leclercdrive.fr/image.ashx?id=2548285&use=l&cat=p&typeid=i","cat":334852},{"id":14996,"n":"Bière blonde Desquiles 5.9%vol. - 3x33cl","p":6.39,"u":"6,45 €/L","img":"https://fd15-photos.leclercdrive.fr/image.ashx?id=2637874&use=l&cat=p&typeid=i","cat":334878},{"id":14997,"n":"Bière blonde du Nord NRT - 7° - 6x25cl","p":8.39,"u":"5,59 €/L","img":"https://fd15-photos.leclercdrive.fr/image.ashx?id=2663815&use=l&cat=p&typeid=i","cat":334852},{"id":15002,"n":"Eau minérale Thonon 1.5l","p":1.05,"u":"0,70 €/L","img":"https://fd15-photos.leclercdrive.fr/image.ashx?id=2157079&use=l&cat=p&typeid=i","cat":284535},{"id":15007,"n":"Protège-slips Doulys Ultra-mince Normal Plié - x30","p":1.97,"u":"0,07 €/P","img":"https://fd15-photos.leclercdrive.fr/image.ashx?id=2465092&use=l&cat=p&typeid=i","cat":284625},{"id":15010,"n":"Serviette incontinence Chorys Extra - x10","p":1.72,"u":"0,17 €/P","img":"https://fd15-photos.leclercdrive.fr/image.ashx?id=2393851&use=l&cat=p&typeid=i","cat":284628},{"id":15011,"n":"Vin pétillant de l'UE arômatisé Pêche  - 75 cl","p":7.49,"u":"9,99 €/L","img":"https://fd15-photos.leclercdrive.fr/image.ashx?id=2298251&use=l&cat=p&typeid=i","cat":284544},{"id":15013,"n":"Vin pétillant de l'UE  arômatisé Framboise - 75 cl","p":6.09,"u":"8,12 €/L","img":"https://fd15-photos.leclercdrive.fr/image.ashx?id=2720163&use=l&cat=p&typeid=i","cat":284544},{"id":15014,"n":"Pétillant Festalie sans alcool Pêche - 75cl","p":5.05,"u":"6,73 €/L","img":"https://fd15-photos.leclercdrive.fr/image.ashx?id=2017256&use=l&cat=p&typeid=i","cat":289460},{"id":15015,"n":"Pétillant Festalie sans alcool Raisin - 75cl","p":4.85,"u":"6,47 €/L","img":"https://fd15-photos.leclercdrive.fr/image.ashx?id=2017259&use=l&cat=p&typeid=i","cat":289460},{"id":15016,"n":"AOP Crémant d'Alsace Wolfberger Brut - 75cl","p":13.15,"u":"17,53 €/L","img":"https://fd15-photos.leclercdrive.fr/image.ashx?id=2323502&use=l&cat=p&typeid=i","cat":284544},{"id":15022,"n":"Jus de pamplemousse rose Bio Bio Village - 1L","p":4.59,"u":"4,59 €/L","img":"https://fd15-photos.leclercdrive.fr/image.ashx?id=2901524&use=l&cat=p&typeid=i","cat":284914},{"id":15025,"n":"Nectar Jafaden Pomme kiwi - 1L","p":2.35,"u":"2,35 €/L","img":"https://fd15-photos.leclercdrive.fr/image.ashx?id=2895771&use=l&cat=p&typeid=i","cat":284915},{"id":15034,"n":"Déodorant bille Bio Naïa 50ml","p":1.79,"u":"35,80 €/L","img":"https://fd15-photos.leclercdrive.fr/image.ashx?id=2481210&use=l&cat=p&typeid=i","cat":284595},{"id":15036,"n":"Huile sèche corps bio Bio Naïa Spray - 100ml","p":5.75,"u":"57,50 €/L","img":"https://fd15-photos.leclercdrive.fr/image.ashx?id=2610196&use=l&cat=p&typeid=i","cat":325349},{"id":15039,"n":"Crème visage bio Bio Naïa Hydratante 50ml","p":3.39,"u":"67,80 €/L","img":"https://fd15-photos.leclercdrive.fr/image.ashx?id=2436651&use=l&cat=p&typeid=i","cat":325345},{"id":15048,"n":"Pain précuit Bio Village Demi-baguette x2 - 250g","p":3.36,"u":"13,44 €/KG","img":"https://fd15-photos.leclercdrive.fr/image.ashx?id=2375458&use=l&cat=p&typeid=i","cat":325069},{"id":15053,"n":"Déodorant Manava Grenade - 200ml","p":2.04,"u":"10,20 €/L","img":"https://fd15-photos.leclercdrive.fr/image.ashx?id=2699276&use=l&cat=p&typeid=i","cat":284595},{"id":15058,"n":"Biscuits tablettes Bio Village Bio Chocolat au lait 150g","p":3.39,"u":"22,60 €/KG","img":"https://fd15-photos.leclercdrive.fr/image.ashx?id=2650819&use=l&cat=p&typeid=i","cat":284488},{"id":15059,"n":"Gaufrettes P'tit Déli Praliné chocolat au lait - 175g","p":2.99,"u":"17,09 €/KG","img":"https://fd15-photos.leclercdrive.fr/image.ashx?id=2817157&use=l&cat=p&typeid=i","cat":284488},{"id":15060,"n":"Biscuits tablettes Bio Village Bio Chocolat noir 150g","p":3.19,"u":"21,27 €/KG","img":"https://fd15-photos.leclercdrive.fr/image.ashx?id=2708943&use=l&cat=p&typeid=i","cat":284488},{"id":15066,"n":"Savon douceur Manava Bouquet fleurs blanches 4x100g","p":2.69,"u":"6,73 €/KG","img":"https://fd15-photos.leclercdrive.fr/image.ashx?id=2358342&use=l&cat=p&typeid=i","cat":284597},{"id":15076,"n":"Recharges plaquettes Insectivor Anti-moustiques - x30","p":3.3,"u":"0,11 €/P","img":"https://fd15-photos.leclercdrive.fr/image.ashx?id=1938552&use=l&cat=p&typeid=i","cat":298368},{"id":15089,"n":"Pain d'épices Bio au miel Bjorg 300g","p":3.6,"u":"12,00 €/KG","img":"https://fd15-photos.leclercdrive.fr/image.ashx?id=2890136&use=l&cat=p&typeid=i","cat":284367},{"id":15130,"n":"Gâteaux fourrés P'tit Déli Abricot x7 - 196g","p":2.99,"u":"15,26 €/KG","img":"https://fd15-photos.leclercdrive.fr/image.ashx?id=2046047&use=l&cat=p&typeid=i","cat":284495},{"id":15131,"n":"Nectar multifruits Jafaden 2L","p":3.65,"u":"1,83 €/L","img":"https://fd15-photos.leclercdrive.fr/image.ashx?id=2956032&use=l&cat=p&typeid=i","cat":284917},{"id":15139,"n":"Boisson instantanée cacao Eco+ Granules - 800g","p":3.69,"u":"4,61 €/KG","img":"https://fd15-photos.leclercdrive.fr/image.ashx?id=2843093&use=l&cat=p&typeid=i","cat":293235},{"id":15140,"n":"Biscuits Croustine P'tit Déli Meringue noisette 100g","p":2.67,"u":"26,70 €/KG","img":"https://fd15-photos.leclercdrive.fr/image.ashx?id=2545574&use=l&cat=p&typeid=i","cat":284487},{"id":15142,"n":"Biscuits P'tit Déli Florentin Amande chocolat 100g","p":2.89,"u":"28,90 €/KG","img":"https://fd15-photos.leclercdrive.fr/image.ashx?id=2562701&use=l&cat=p&typeid=i","cat":284490},{"id":15145,"n":"Champignons Tables du Monde Noirs déshydratés 25g","p":3.25,"u":"130,00 €/KG","img":"https://fd15-photos.leclercdrive.fr/image.ashx?id=2920166&use=l&cat=p&typeid=i","cat":288992},{"id":15146,"n":"Génoises fourrées P'tit Déli Citron - 150g","p":1.99,"u":"13,27 €/KG","img":"https://fd15-photos.leclercdrive.fr/image.ashx?id=2482499&use=l&cat=p&typeid=i","cat":284489},{"id":15149,"n":"Petit Beurre P'tit Déli Pépites chocolat x24 200g","p":1.85,"u":"9,25 €/KG","img":"https://fd15-photos.leclercdrive.fr/image.ashx?id=2694100&use=l&cat=p&typeid=i","cat":284487},{"id":15150,"n":"Biscuits P'tit Déli Déli'Coco 100g","p":2.35,"u":"23,50 €/KG","img":"https://fd15-photos.leclercdrive.fr/image.ashx?id=2562704&use=l&cat=p&typeid=i","cat":284490},{"id":15152,"n":"Biscuits P'tit Déli Fleur de caramel 100g","p":3.26,"u":"32,60 €/KG","img":"https://fd15-photos.leclercdrive.fr/image.ashx?id=2935220&use=l&cat=p&typeid=i","cat":284490},{"id":15159,"n":"Fécule de maïs Tablier Blanc 400g","p":2.69,"u":"6,73 €/KG","img":"https://fd15-photos.leclercdrive.fr/image.ashx?id=2853690&use=l&cat=p&typeid=i","cat":288382},{"id":15162,"n":"Rillettes pur porc Côté Table 3x78g","p":4.39,"u":"18,76 €/KG","img":"https://fd15-photos.leclercdrive.fr/image.ashx?id=2518514&use=l&cat=p&typeid=i","cat":305149},{"id":15181,"n":"Boisson aux fruits Oasis Saveur Fraise Framboise - 2L","p":3.8,"u":"1,90 €/L","img":"https://fd15-photos.leclercdrive.fr/image.ashx?id=2677819&use=l&cat=p&typeid=i","cat":295018},{"id":15184,"n":"Chips cuites au four Lay's Sel - 130g","p":2.31,"u":"17,77 €/KG","img":"https://fd15-photos.leclercdrive.fr/image.ashx?id=2422881&use=l&cat=p&typeid=i","cat":284447},{"id":15194,"n":"Pineau des Charentes J. Gautret Blanc 17%vol. 75cl","p":19.05,"u":"25,40 €/L","img":"https://fd15-photos.leclercdrive.fr/image.ashx?id=1654314&use=l&cat=p&typeid=i","cat":284913},{"id":15256,"n":"Barre chocolat au lait Lion x6 barres - 252g","p":3.79,"u":"15,04 €/KG","img":"https://fd15-photos.leclercdrive.fr/image.ashx?id=2736991&use=l&cat=p&typeid=i","cat":284498},{"id":15288,"n":"Mouchoirs blancs 4 plis Caresse Mini étuis x15","p":2.44,"u":"0,16 €/P","img":"https://fd15-photos.leclercdrive.fr/image.ashx?id=2824262&use=l&cat=p&typeid=i","cat":284638},{"id":15342,"n":"Chocolat Eco+ Noir - 5x100g","p":5.59,"u":"11,18 €/KG","img":"https://fd15-photos.leclercdrive.fr/image.ashx?id=2775460&use=l&cat=p&typeid=i","cat":284956},{"id":15351,"n":"Poires Williams  1kg","p":3.99,"u":"3,99 €/KG","img":"https://fd15-photos.leclercdrive.fr/image.ashx?id=1636404&use=l&cat=p&typeid=i","cat":284356},{"id":15431,"n":"Cappuccino nature  x10 stick - 140g","p":4.4,"u":"31,43 €/KG","img":"https://fd15-photos.leclercdrive.fr/image.ashx?id=2458055&use=l&cat=p&typeid=i","cat":284843},{"id":15476,"n":"Eau nettoyante Mots d'Enfants Hydratante - 250ml","p":2.7,"u":"10,80 €/L","img":"https://fd15-photos.leclercdrive.fr/image.ashx?id=3015048&use=l&cat=p&typeid=i","cat":284741},{"id":15499,"n":"Ruban adhésif Crystal Scotch Dévidoir 25mx19mm x1","p":3.99,"img":"https://fd15-photos.leclercdrive.fr/image.ashx?id=2753587&use=l&cat=p&typeid=i","cat":334133},{"id":15512,"n":"Gâteau cacao Oreo Lu 176g","p":2.6,"u":"14,77 €/KG","img":"https://fd15-photos.leclercdrive.fr/image.ashx?id=1573205&use=l&cat=p&typeid=i","cat":284488},{"id":15513,"n":"Gâteau cacao Oreo Lu Rouleaux Vanille - 154g","p":1.69,"u":"10,97 €/KG","img":"https://fd15-photos.leclercdrive.fr/image.ashx?id=3002282&use=l&cat=p&typeid=i","cat":284488},{"id":15514,"n":"Biscuits Oreo Vanille - 2x154g","p":3.65,"u":"11,85 €/KG","img":"https://fd15-photos.leclercdrive.fr/image.ashx?id=2957284&use=l&cat=p&typeid=i","cat":284488},{"id":15517,"n":"Yaourts Bonne Maman Vanille- 8x125g","p":5.69,"u":"5,69 €/KG","img":"https://fd15-photos.leclercdrive.fr/image.ashx?id=2435150&use=l&cat=p&typeid=i","cat":286006},{"id":15525,"n":"Mini gâches briochettes NRT Chocolat noir x8 - 360g","p":4.25,"u":"11,81 €/KG","img":"https://fd15-photos.leclercdrive.fr/image.ashx?id=2670440&use=l&cat=p&typeid=i","cat":284478},{"id":15542,"n":"Prépartion mirabelles NRT De Lorraine  - 315g","p":3.65,"u":"11,59 €/KG","img":"https://fd15-photos.leclercdrive.fr/image.ashx?id=2699795&use=l&cat=p&typeid=i","cat":284480},{"id":15544,"n":"Crackers Tokapi  Fromage et graines - 65g","p":1.79,"u":"27,54 €/KG","img":"https://fd15-photos.leclercdrive.fr/image.ashx?id=2075247&use=l&cat=p&typeid=i","cat":297000},{"id":15564,"n":"Chips paysannes Pom'lisse Nature - 150g","p":1.62,"u":"10,80 €/KG","img":"https://fd15-photos.leclercdrive.fr/image.ashx?id=2927854&use=l&cat=p&typeid=i","cat":284447},{"id":15592,"n":"Fromage enfant Ficello Nature à effilocher x8 - 168g","p":4.99,"u":"29,70 €/KG","img":"https://fd15-photos.leclercdrive.fr/image.ashx?id=2375376&use=l&cat=p&typeid=i","cat":314030},{"id":15602,"n":"Bière La Goudale 7.2%vol. - 75cl","p":5.49,"u":"7,32 €/L","img":"https://fd15-photos.leclercdrive.fr/image.ashx?id=2830153&use=l&cat=p&typeid=i","cat":334852},{"id":15615,"n":"Multifruits Jafaden 100% Pur jus - 1,5L","p":3.98,"u":"2,65 €/L","img":"https://fd15-photos.leclercdrive.fr/image.ashx?id=2890000&use=l&cat=p&typeid=i","cat":284917},{"id":15741,"n":"Tampons Doulys Compact Super - x20","p":3.18,"u":"0,16 €/P","img":"https://fd15-photos.leclercdrive.fr/image.ashx?id=2965470&use=l&cat=p&typeid=i","cat":284626},{"id":15746,"n":"Soupe Liquide Liebig  Bisque de Homard - 300g","p":3.85,"u":"12,83 €/KG","img":"https://fd15-photos.leclercdrive.fr/image.ashx?id=2651390&use=l&cat=p&typeid=i","cat":287366},{"id":15801,"n":"IGP Pays d'Oc rosé Cinsault Syrah Ormes de Cambras 12% 75cl","p":6.49,"u":"8,65 €/L","img":"https://fd15-photos.leclercdrive.fr/image.ashx?id=2105158&use=l&cat=p&typeid=i","cat":289558},{"id":15806,"n":"Boisson énergisante Red Bull Sans Sucres , 250ml","p":1.79,"u":"7,16 €/L","img":"https://fd15-photos.leclercdrive.fr/image.ashx?id=2551618&use=l&cat=p&typeid=i","cat":284533},{"id":15807,"n":"Boisson aux fruits Oasis Goût Pomme Cassis Framboise 2L","p":3.8,"u":"1,90 €/L","img":"https://fd15-photos.leclercdrive.fr/image.ashx?id=3014452&use=l&cat=p&typeid=i","cat":295018},{"id":15808,"n":"AOC Côtes du Rhône rosé Prestige Cellier Dauphins 75cl","p":6.33,"u":"8,44 €/L","img":"https://fd15-photos.leclercdrive.fr/image.ashx?id=2829988&use=l&cat=p&typeid=i","cat":289558},{"id":15839,"n":"Coloration Casting Crème gloss Chocolat n°535 - 1 pièce","p":18.55,"img":"https://fd15-photos.leclercdrive.fr/image.ashx?id=2869086&use=l&cat=p&typeid=i","cat":288899},{"id":15840,"n":"Coloration Casting crème gloss Noir ébène n°200 - 1 pièce","p":18.55,"img":"https://fd15-photos.leclercdrive.fr/image.ashx?id=2871973&use=l&cat=p&typeid=i","cat":288899},{"id":15841,"n":"Coloration Casting crème gloss Marron glacé n°415","p":18.55,"img":"https://fd15-photos.leclercdrive.fr/image.ashx?id=1630170&use=l&cat=p&typeid=i","cat":288899},{"id":15844,"n":"Coloration Casting crème gloss Chatain clair n°500","p":18.55,"img":"https://fd15-photos.leclercdrive.fr/image.ashx?id=2869083&use=l&cat=p&typeid=i","cat":288899},{"id":15875,"n":"Eau de Cologne Bien Etre Naturelle - 250ml","p":7.85,"u":"31,40 €/L","img":"https://fd15-photos.leclercdrive.fr/image.ashx?id=2353665&use=l&cat=p&typeid=i","cat":291525},{"id":15895,"n":"Soin cheveux nutrition Garnier Cheveu bouclé à frisé - 200ml","p":5.4,"u":"27,00 €/L","img":"https://fd15-photos.leclercdrive.fr/image.ashx?id=2985354&use=l&cat=p&typeid=i","cat":284608},{"id":15910,"n":"Lait de toilette Mixa Bébé  Très Doux - 400ml","p":8.75,"u":"21,88 €/L","img":"https://fd15-photos.leclercdrive.fr/image.ashx?id=2548672&use=l&cat=p&typeid=i","cat":284740},{"id":15916,"n":"Baume après rasage Nivéa For Men Hydratant - 100ml","p":9.96,"u":"99,60 €/L","img":"https://fd15-photos.leclercdrive.fr/image.ashx?id=2981653&use=l&cat=p&typeid=i","cat":288147},{"id":15937,"n":"Serviette Hygienique Vania  Maxi confort normal plus - x16","p":3.11,"u":"0,19 €/P","img":"https://fd15-photos.leclercdrive.fr/image.ashx?id=2908027&use=l&cat=p&typeid=i","cat":284624},{"id":15969,"n":"Gel nettoyant canalisations  Destop Javel Agrumes - 750ml","p":5.85,"u":"7,80 €/L","img":"https://fd15-photos.leclercdrive.fr/image.ashx?id=2885956&use=l&cat=p&typeid=i","cat":284908},{"id":15970,"n":"Bloc wc javel La Croix Eucalyptus x2","p":4.1,"u":"2,05 €/P","img":"https://fd15-photos.leclercdrive.fr/image.ashx?id=2512122&use=l&cat=p&typeid=i","cat":284662},{"id":16020,"n":"Gambas ASC Pêche Océan Géantes tigrées 8/12pièces 400g","p":18.69,"u":"46,73 €/KG","img":"https://fd15-photos.leclercdrive.fr/image.ashx?id=2202754&use=l&cat=p&typeid=i","cat":319787},{"id":16026,"n":"Yaourts brassé Bio Village Bio Pêche - 4x125g","p":2.29,"u":"4,58 €/KG","img":"https://fd15-photos.leclercdrive.fr/image.ashx?id=2841965&use=l&cat=p&typeid=i","cat":284410},{"id":16034,"n":"Petits pois Bio Bio Village Très fins - 600g","p":2.5,"u":"4,17 €/KG","img":"https://fd15-photos.leclercdrive.fr/image.ashx?id=2996021&use=l&cat=p&typeid=i","cat":319805},{"id":16042,"n":"Bâtonnets Trium Café x4 - 280g","p":3.9,"u":"13,93 €/KG","img":"https://fd15-photos.leclercdrive.fr/image.ashx?id=2920767&use=l&cat=p&typeid=i","cat":284265},{"id":16043,"n":"Crevettes cuites Pêche Océan Décortiquées - MSC - 200g","p":6.59,"u":"32,95 €/KG","img":"https://fd15-photos.leclercdrive.fr/image.ashx?id=2478766&use=l&cat=p&typeid=i","cat":319787},{"id":16061,"n":"Sauce Tomates Barilla Basilic - 400g","p":2.63,"u":"6,58 €/KG","img":"https://fd15-photos.leclercdrive.fr/image.ashx?id=2832518&use=l&cat=p&typeid=i","cat":287599},{"id":16062,"n":"Sauce Pesto Genovese Barilla Au basilic frais - 190g","p":4.7,"u":"24,74 €/KG","img":"https://fd15-photos.leclercdrive.fr/image.ashx?id=2737585&use=l&cat=p&typeid=i","cat":287599},{"id":16063,"n":"Sauce Pesto Barilla Rosso - 200g","p":3.5,"u":"17,50 €/KG","img":"https://fd15-photos.leclercdrive.fr/image.ashx?id=2308348&use=l&cat=p&typeid=i","cat":287599},{"id":16065,"n":"Bouillon de boeuf Maggi 8 tablettes 80g","p":1.5,"u":"18,75 €/KG","img":"https://fd15-photos.leclercdrive.fr/image.ashx?id=2729932&use=l&cat=p&typeid=i","cat":288379},{"id":16113,"n":"Maïs Bonduelle 3x285g","p":4.25,"u":"4,97 €/KG","img":"https://fd15-photos.leclercdrive.fr/image.ashx?id=1715161&use=l&cat=p&typeid=i","cat":312611},{"id":16153,"n":"Biscuits petit déj Bio Village Bio Chocolat / Noisettes - 200g","p":2.5,"u":"12,50 €/KG","img":"https://fd15-photos.leclercdrive.fr/image.ashx?id=2371560&use=l&cat=p&typeid=i","cat":284491},{"id":16154,"n":"Tartelettes Bio Village Framboises Bio - x9 - 125g","p":2.45,"u":"19,60 €/KG","img":"https://fd15-photos.leclercdrive.fr/image.ashx?id=2869525&use=l&cat=p&typeid=i","cat":284489},{"id":16159,"n":"Brume d'eau pure Inell 400ml","p":2.63,"u":"6,58 €/L","img":"https://fd15-photos.leclercdrive.fr/image.ashx?id=806289&use=l&cat=p&typeid=i","cat":290295},{"id":16171,"n":"Riz Thaï Bio Village Bio - 500g","p":2.72,"u":"5,44 €/KG","img":"https://fd15-photos.leclercdrive.fr/image.ashx?id=2441510&use=l&cat=p&typeid=i","cat":284428},{"id":16172,"n":"Mini Barres chocolatées Lion x18 barres - 350g","p":5.65,"u":"16,14 €/KG","img":"https://fd15-photos.leclercdrive.fr/image.ashx?id=2925553&use=l&cat=p&typeid=i","cat":284498},{"id":16206,"n":"Pop corn Menguy's Goût sucré 3x90g","p":4.05,"u":"15,00 €/KG","img":"https://fd15-photos.leclercdrive.fr/image.ashx?id=2966020&use=l&cat=p&typeid=i","cat":304249},{"id":16229,"n":"Liqueur Guignolet A. Mugniot 15%vol. - 1L","p":8.55,"u":"8,55 €/L","img":"https://fd15-photos.leclercdrive.fr/image.ashx?id=2641259&use=l&cat=p&typeid=i","cat":286032},{"id":16233,"n":"AOC Banyuls Traditionnel Guillaume d'Arria - 75cl","p":8.89,"u":"11,85 €/L","img":"https://fd15-photos.leclercdrive.fr/image.ashx?id=2974750&use=l&cat=p&typeid=i","cat":289556},{"id":16271,"n":"Maïs Géant Vert extra croquant sans résidu pesticides - 285g","p":1.99,"u":"6,98 €/KG","img":"https://fd15-photos.leclercdrive.fr/image.ashx?id=2754267&use=l&cat=p&typeid=i","cat":312611},{"id":16272,"n":"Maïs Géant Vert extra tendre sans résidu pesticides - 285g","p":1.99,"u":"6,98 €/KG","img":"https://fd15-photos.leclercdrive.fr/image.ashx?id=2462448&use=l&cat=p&typeid=i","cat":312611},{"id":16303,"n":"Petits oignons Rustica Vinaigre doux - 190g","p":1.75,"u":"9,21 €/KG","img":"https://fd15-photos.leclercdrive.fr/image.ashx?id=2916683&use=l&cat=p&typeid=i","cat":284458},{"id":16322,"n":"AOP Pouilly Fumé blanc Les Chamilles - 75 Cl","p":19.95,"u":"26,60 €/L","img":"https://fd15-photos.leclercdrive.fr/image.ashx?id=2641479&use=l&cat=p&typeid=i","cat":289557},{"id":16429,"n":"Oeufs frais plein air Bio Bio village - x10","p":7.69,"u":"0,77 €/P","img":"https://fd15-photos.leclercdrive.fr/image.ashx?id=2983844&use=l&cat=p&typeid=i","cat":284378},{"id":16430,"n":"Lait de coco bio Jardin Bio Bio - 400ml","p":3.9,"u":"9,75 €/L","img":"https://fd15-photos.leclercdrive.fr/image.ashx?id=2790132&use=l&cat=p&typeid=i","cat":288992},{"id":16431,"n":"Raviolis bio boeuf Jardin Bio 72cl","p":6.7,"u":"9,31 €/L","img":"https://fd15-photos.leclercdrive.fr/image.ashx?id=2972469&use=l&cat=p&typeid=i","cat":284442},{"id":16432,"n":"Pâte brisée Bio  Bio village - 230g","p":2.21,"u":"9,61 €/KG","img":"https://fd15-photos.leclercdrive.fr/image.ashx?id=2969009&use=l&cat=p&typeid=i","cat":333681},{"id":16433,"n":"Pâte feuilletée Bio Bio village - 230g","p":2.47,"u":"10,74 €/KG","img":"https://fd15-photos.leclercdrive.fr/image.ashx?id=2274174&use=l&cat=p&typeid=i","cat":333681},{"id":16434,"n":"Raviolis aux 3 fromages Bio Bio village - 250g","p":3.5,"u":"14,00 €/KG","img":"https://fd15-photos.leclercdrive.fr/image.ashx?id=2843608&use=l&cat=p&typeid=i","cat":333682},{"id":16435,"n":"Tagliatelles fraîches Bio Bio village - 250g","p":1.95,"u":"7,80 €/KG","img":"https://fd15-photos.leclercdrive.fr/image.ashx?id=2875735&use=l&cat=p&typeid=i","cat":333682},{"id":16436,"n":"Pâtes torsades Bio Village Bio -  500g","p":1.49,"u":"2,98 €/KG","img":"https://fd15-photos.leclercdrive.fr/image.ashx?id=2625367&use=l&cat=p&typeid=i","cat":284427},{"id":16438,"n":"Riz long Bio Village Bio - 500g","p":2.95,"u":"5,90 €/KG","img":"https://fd15-photos.leclercdrive.fr/image.ashx?id=2582996&use=l&cat=p&typeid=i","cat":284428},{"id":16439,"n":"Riz Basmati Bio Village Bio - 500g","p":2.59,"u":"5,18 €/KG","img":"https://fd15-photos.leclercdrive.fr/image.ashx?id=2441507&use=l&cat=p&typeid=i","cat":284428},{"id":16490,"n":"Yaourt nature 0% MG Bio Bio village - 4x125g","p":1.69,"u":"3,38 €/KG","img":"https://fd15-photos.leclercdrive.fr/image.ashx?id=2077427&use=l&cat=p&typeid=i","cat":315000},{"id":16491,"n":"Yaourts Lait brebis Bio Village Bio Vanille - 2x125g","p":2.15,"u":"8,60 €/KG","img":"https://fd15-photos.leclercdrive.fr/image.ashx?id=2646994&use=l&cat=p&typeid=i","cat":314998},{"id":16492,"n":"Légumes pour couscous bio Jardin Bio - 660g","p":5.6,"u":"7,78 €/L","img":"https://fd15-photos.leclercdrive.fr/image.ashx?id=2534887&use=l&cat=p&typeid=i","cat":312612},{"id":16493,"n":"Pâte à tartiner bio Jardin Bio Cacao noisettes - 350g","p":5.95,"u":"17,00 €/KG","img":"https://fd15-photos.leclercdrive.fr/image.ashx?id=2918844&use=l&cat=p&typeid=i","cat":284481},{"id":16520,"n":"Mayonnaise Eco+ Bocal - 470g","p":2.29,"u":"4,87 €/KG","img":"https://fd15-photos.leclercdrive.fr/image.ashx?id=2954322&use=l&cat=p&typeid=i","cat":298295},{"id":16521,"n":"Lait demi-écrémé Eco+ Brique UHT -  6x1L","p":7.59,"u":"1,27 €/L","img":"https://fd15-photos.leclercdrive.fr/image.ashx?id=2987133&use=l&cat=p&typeid=i","cat":284377},{"id":16522,"n":"Soufflés cacahuète Eco+ 100g","p":0.59,"u":"5,90 €/KG","img":"https://fd15-photos.leclercdrive.fr/image.ashx?id=2597019&use=l&cat=p&typeid=i","cat":284449},{"id":16524,"n":"Pâtes Eco+ Spaghetti - 1kg","p":1.83,"u":"1,83 €/KG","img":"https://fd15-photos.leclercdrive.fr/image.ashx?id=2757494&use=l&cat=p&typeid=i","cat":284427},{"id":16525,"n":"Purée de pommes de terre Eco+ Déshydratée 4x125g","p":2.55,"u":"5,10 €/KG","img":"https://fd15-photos.leclercdrive.fr/image.ashx?id=2929858&use=l&cat=p&typeid=i","cat":284431},{"id":16526,"n":"Assortiment biscuits salés Eco+ 350g","p":1.99,"u":"5,69 €/KG","img":"https://fd15-photos.leclercdrive.fr/image.ashx?id=2613255&use=l&cat=p&typeid=i","cat":297000},{"id":16527,"n":"Bouillon déshydraté Eco+ Volaille - 12x10g","p":1.05,"u":"8,75 €/KG","img":"https://fd15-photos.leclercdrive.fr/image.ashx?id=1735897&use=l&cat=p&typeid=i","cat":288379},{"id":16528,"n":"Bouillon déshydraté Eco+ Boeuf - 12x10g","p":1.1,"u":"9,17 €/KG","img":"https://fd15-photos.leclercdrive.fr/image.ashx?id=1735894&use=l&cat=p&typeid=i","cat":288379},{"id":16536,"n":"Sucre Eco+ En morceaux - 1kg","p":2.49,"u":"2,49 €/KG","img":"https://fd15-photos.leclercdrive.fr/image.ashx?id=2702274&use=l&cat=p&typeid=i","cat":284502},{"id":16547,"n":"Barquette chiens Eco+ A la Volaille - 300g","p":0.85,"u":"2,83 €/KG","img":"https://fd15-photos.leclercdrive.fr/image.ashx?id=2052727&use=l&cat=p&typeid=i","cat":284673},{"id":16548,"n":"Barquette pour chats Eco+ Riche en volaille - 100g","p":0.49,"u":"4,90 €/KG","img":"https://fd15-photos.leclercdrive.fr/image.ashx?id=2052736&use=l&cat=p&typeid=i","cat":285286},{"id":16553,"n":"Soda cola Eco+ 1,5L","p":0.95,"u":"0,63 €/L","img":"https://fd15-photos.leclercdrive.fr/image.ashx?id=2082552&use=l&cat=p&typeid=i","cat":284530},{"id":16554,"n":"Soda cola light 1,5l","p":0.79,"u":"0,53 €/L","img":"https://fd15-photos.leclercdrive.fr/image.ashx?id=2821792&use=l&cat=p&typeid=i","cat":284530},{"id":16555,"n":"Boisson aromatisée Eco+ Exotique 2L","p":2.29,"u":"1,15 €/L","img":"https://fd15-photos.leclercdrive.fr/image.ashx?id=2755049&use=l&cat=p&typeid=i","cat":295018},{"id":16558,"n":"Thé glacé pêche Eco  2L","p":2.39,"u":"1,20 €/L","img":"https://fd15-photos.leclercdrive.fr/image.ashx?id=2764955&use=l&cat=p&typeid=i","cat":295019},{"id":16560,"n":"Lingettes multi-usages Eco+ Citron x50","p":1.15,"img":"https://fd15-photos.leclercdrive.fr/image.ashx?id=2308533&use=l&cat=p&typeid=i","cat":325358},{"id":16561,"n":"Eau de javel Eco+ Bidon - 5L","p":1.97,"u":"0,39 €/L","img":"https://fd15-photos.leclercdrive.fr/image.ashx?id=2883913&use=l&cat=p&typeid=i","cat":284661},{"id":16569,"n":"Mini pâté en croute Eco+ 450g","p":2.89,"u":"6,42 €/KG","img":"https://fd15-photos.leclercdrive.fr/image.ashx?id=2919583&use=l&cat=p&typeid=i","cat":316003},{"id":16571,"n":"Tagliatelles fraiches Eco+ 500g","p":2.5,"u":"5,00 €/KG","img":"https://fd15-photos.leclercdrive.fr/image.ashx?id=2751850&use=l&cat=p&typeid=i","cat":333682},{"id":16576,"n":"Riz au lait Eco+ Saveur vanille 200g","p":0.96,"u":"4,80 €/KG","img":"https://fd15-photos.leclercdrive.fr/image.ashx?id=2779169&use=l&cat=p&typeid=i","cat":284418},{"id":16577,"n":"Crème sous pression Eco+ Crème légère et sucrée - 250g","p":3.99,"u":"15,96 €/KG","img":"https://fd15-photos.leclercdrive.fr/image.ashx?id=2856242&use=l&cat=p&typeid=i","cat":284382},{"id":16582,"n":"Pommes frites Eco+ 2,5kg","p":5.1,"u":"2,04 €/KG","img":"https://fd15-photos.leclercdrive.fr/image.ashx?id=2666542&use=l&cat=p&typeid=i","cat":319791},{"id":16583,"n":"Pommes rissolées surgelées Eco+ 1kg","p":2.37,"u":"2,37 €/KG","img":"https://fd15-photos.leclercdrive.fr/image.ashx?id=2085934&use=l&cat=p&typeid=i","cat":319792},{"id":16642,"n":"Génoises fourrées P'tit Déli Agrumes - 150g","p":1.45,"u":"9,67 €/KG","img":"https://fd15-photos.leclercdrive.fr/image.ashx?id=2482502&use=l&cat=p&typeid=i","cat":284489},{"id":16701,"n":"Bouchées RAFFAELLO Noix de coco Amandes - 180g","p":7.49,"u":"41,61 €/KG","img":"https://fd15-photos.leclercdrive.fr/image.ashx?id=2937857&use=l&cat=p&typeid=i","cat":327595},{"id":16744,"n":"Steak haché Férial  5%mg - 250g","p":9.49,"u":"37,96 €/KG","img":"https://fd15-photos.leclercdrive.fr/image.ashx?id=2598719&use=l&cat=p&typeid=i","cat":284332},{"id":16765,"n":"Steak haché Férial pur boeuf 5%mg - 250g","p":7.95,"u":"31,80 €/KG","img":"https://fd15-photos.leclercdrive.fr/image.ashx?id=2903998&use=l&cat=p&typeid=i","cat":284332},{"id":16783,"n":"AOP Saumur brut Les Caractères - 75cl","p":8.3,"u":"11,07 €/L","img":"https://fd15-photos.leclercdrive.fr/image.ashx?id=2895774&use=l&cat=p&typeid=i","cat":284544},{"id":16823,"n":"Viande bovine Férial 1x  entrecôte*** - 180g","p":10.89,"u":"60,50 €/KG","img":"https://fd15-photos.leclercdrive.fr/image.ashx?id=2494250&use=l&cat=p&typeid=i","cat":284328},{"id":16829,"n":"Fusilli Côté Snack Pâtes 4 fromages - 300g","p":3.49,"u":"11,63 €/KG","img":"https://fd15-photos.leclercdrive.fr/image.ashx?id=2748726&use=l&cat=p&typeid=i","cat":334983},{"id":16841,"n":"Génoises fourrées P'tit Déli Framboise cassis - 150g","p":1.49,"u":"9,93 €/KG","img":"https://fd15-photos.leclercdrive.fr/image.ashx?id=2473981&use=l&cat=p&typeid=i","cat":284489},{"id":16842,"n":"Spéculoos P'tit Déli 2x250g","p":2.45,"u":"4,90 €/KG","img":"https://fd15-photos.leclercdrive.fr/image.ashx?id=2046364&use=l&cat=p&typeid=i","cat":284487},{"id":16916,"n":"Croquette Tous Mes Amis Vitalité - viande de boeuf 10kg","p":21.39,"u":"2,14 €/KG","img":"https://fd15-photos.leclercdrive.fr/image.ashx?id=2078635&use=l&cat=p&typeid=i","cat":284672},{"id":16920,"n":"Coeurs d'artichaut Notre Jardin 240g","p":2.65,"u":"11,04 €/KG","img":"https://fd15-photos.leclercdrive.fr/image.ashx?id=2501994&use=l&cat=p&typeid=i","cat":312611},{"id":16934,"n":"Viande bovine  Férial 1x  Faux filet *** à griller - 160g","p":8.39,"u":"52,44 €/KG","img":"https://fd15-photos.leclercdrive.fr/image.ashx?id=2591554&use=l&cat=p&typeid=i","cat":284328},{"id":16993,"n":"Piment doux Samia 100g","p":1.3,"u":"13,00 €/KG","img":"https://fd15-photos.leclercdrive.fr/image.ashx?id=2106175&use=l&cat=p&typeid=i","cat":298297},{"id":16996,"n":"Liquide de rinçage Visior Lave-vaisselle - 750ml","p":2.07,"u":"2,76 €/L","img":"https://fd15-photos.leclercdrive.fr/image.ashx?id=2874377&use=l&cat=p&typeid=i","cat":284657},{"id":17036,"n":"Mouchoirs blancs 3 plis Caresse Boîte mouchoirs papier x90","p":1.75,"u":"0,02 €/P","img":"https://fd15-photos.leclercdrive.fr/image.ashx?id=2777915&use=l&cat=p&typeid=i","cat":284638},{"id":17037,"n":"Rasoir Carré Homme 5 lames - x1","p":4.91,"img":"https://fd15-photos.leclercdrive.fr/image.ashx?id=2704657&use=l&cat=p&typeid=i","cat":284616},{"id":17104,"n":"Tuiles Tokapi  Nature - 170g","p":2.19,"u":"12,88 €/KG","img":"https://fd15-photos.leclercdrive.fr/image.ashx?id=2632849&use=l&cat=p&typeid=i","cat":287899},{"id":17108,"n":"Brume d'eau pure Inell 150ml","p":2.04,"u":"13,60 €/L","img":"https://fd15-photos.leclercdrive.fr/image.ashx?id=2712980&use=l&cat=p&typeid=i","cat":290295},{"id":17113,"n":"Cidre bouché Bio village Bio 4% vol - 75cl","p":3.35,"u":"4,47 €/L","img":"https://fd15-photos.leclercdrive.fr/image.ashx?id=2907255&use=l&cat=p&typeid=i","cat":334880},{"id":17158,"n":"Mozzarella Bio  Bio village - 125g","p":3.25,"u":"26,00 €/KG","img":"https://fd15-photos.leclercdrive.fr/image.ashx?id=2856350&use=l&cat=p&typeid=i","cat":314026},{"id":17189,"n":"Biscuit petit dej P'tit Déli Miel/pépites chocolat - 400g","p":3.13,"u":"7,83 €/KG","img":"https://fd15-photos.leclercdrive.fr/image.ashx?id=2999502&use=l&cat=p&typeid=i","cat":284491},{"id":17220,"n":"Nettoyant spray Clair Anti-calcaire 750ml","p":2.09,"u":"2,79 €/L","img":"https://fd15-photos.leclercdrive.fr/image.ashx?id=1974539&use=l&cat=p&typeid=i","cat":325362},{"id":17223,"n":"Mouchoirs blancs 3 plis Caresse Boîte déco décor aléatoire x70","p":2.0,"u":"0,03 €/P","img":"https://fd15-photos.leclercdrive.fr/image.ashx?id=2812548&use=l&cat=p&typeid=i","cat":284638},{"id":17292,"n":"Polenta Alpina Semoule de maïs - 500g","p":2.68,"u":"5,36 €/KG","img":"https://fd15-photos.leclercdrive.fr/image.ashx?id=2834485&use=l&cat=p&typeid=i","cat":284431},{"id":17295,"n":"Pâtes crozets Alpina Savoie Au sarrasin - 400g","p":4.03,"u":"10,08 €/KG","img":"https://fd15-photos.leclercdrive.fr/image.ashx?id=2795075&use=l&cat=p&typeid=i","cat":284427},{"id":17297,"n":"Gâteau mix max Balconi Pâtissier 350g","p":2.84,"u":"8,11 €/KG","img":"https://fd15-photos.leclercdrive.fr/image.ashx?id=2878417&use=l&cat=p&typeid=i","cat":284495},{"id":17298,"n":"Mini roulés Rollkao Cacao x6 222g","p":1.82,"u":"8,20 €/KG","img":"https://fd15-photos.leclercdrive.fr/image.ashx?id=2924854&use=l&cat=p&typeid=i","cat":284495},{"id":17340,"n":"Pizza Cuite sur pierre Turini  Poulet rôti poivrons - 400g","p":4.29,"u":"10,73 €/KG","img":"https://fd15-photos.leclercdrive.fr/image.ashx?id=2815235&use=l&cat=p&typeid=i","cat":284256},{"id":17348,"n":"Lanières poivrons Notre Jardin 600g","p":2.15,"u":"3,58 €/KG","img":"https://fd15-photos.leclercdrive.fr/image.ashx?id=2996018&use=l&cat=p&typeid=i","cat":319805},{"id":17389,"n":"Biscuits dorés extra P'tit Déli 2x150g","p":2.14,"u":"7,13 €/KG","img":"https://fd15-photos.leclercdrive.fr/image.ashx?id=2488359&use=l&cat=p&typeid=i","cat":284487},{"id":17390,"n":"Tampon à récurer Mamison x3","p":0.69,"u":"0,23 €/P","img":"https://fd15-photos.leclercdrive.fr/image.ashx?id=2216957&use=l&cat=p&typeid=i","cat":284667},{"id":17392,"n":"Mouchoirs blanc 4 plis Univert Etuis x15 - Ecolabel","p":2.66,"u":"0,18 €/P","img":"https://fd15-photos.leclercdrive.fr/image.ashx?id=2549951&use=l&cat=p&typeid=i","cat":284638},{"id":17409,"n":"Lotion capillaire Carré Homme Cheveux blancs et gris 400ml","p":3.39,"u":"8,48 €/L","img":"https://fd15-photos.leclercdrive.fr/image.ashx?id=1961961&use=l&cat=p&typeid=i","cat":284621},{"id":17410,"n":"Gel anticalcaire Texil 750ml","p":2.64,"u":"3,52 €/L","img":"https://fd15-photos.leclercdrive.fr/image.ashx?id=2958711&use=l&cat=p&typeid=i","cat":284653},{"id":17413,"n":"Sacs congélation zip Elembal Petit modèle x25","p":2.16,"u":"0,09 €/P","img":"https://fd15-photos.leclercdrive.fr/image.ashx?id=2751883&use=l&cat=p&typeid=i","cat":334134},{"id":17414,"n":"Activateur de lavage Textil Spécial blanc 10 tablettes","p":2.5,"u":"11,11 €/KG","img":"https://fd15-photos.leclercdrive.fr/image.ashx?id=2964565&use=l&cat=p&typeid=i","cat":284651},{"id":17421,"n":"Sirop Frucci Anis - 1L","p":4.39,"u":"4,39 €/L","img":"https://fd15-photos.leclercdrive.fr/image.ashx?id=2954082&use=l&cat=p&typeid=i","cat":295020},{"id":17422,"n":"IGP Pays d'Oc Syrah vin rouge Vieux Carion -75 cl","p":3.97,"u":"5,29 €/L","img":"https://fd15-photos.leclercdrive.fr/image.ashx?id=2747749&use=l&cat=p&typeid=i","cat":289556},{"id":17445,"n":"AOP Saumur demi-sec Les Caractères - 75cl","p":8.9,"u":"11,87 €/L","img":"https://fd15-photos.leclercdrive.fr/image.ashx?id=2649674&use=l&cat=p&typeid=i","cat":284544},{"id":17469,"n":"Biscuits P'tit Déli Bâtonnets Chocolat blanc 150g","p":1.89,"u":"12,60 €/KG","img":"https://fd15-photos.leclercdrive.fr/image.ashx?id=2470195&use=l&cat=p&typeid=i","cat":284488},{"id":17571,"n":"Crème entière fluide UHT Délisse - Brique 30%mg - 1L","p":5.49,"u":"5,49 €/L","img":"https://fd15-photos.leclercdrive.fr/image.ashx?id=2509980&use=l&cat=p&typeid=i","cat":284381},{"id":17584,"n":"Dissolvant Maybelline New York Manucure Express - 125ml","p":6.5,"u":"52,00 €/L","img":"https://fd15-photos.leclercdrive.fr/image.ashx?id=2348367&use=l&cat=p&typeid=i","cat":325347},{"id":17614,"n":"Whisky The Glenlivet french Oak finish 15ans 40%vol 70cl","p":60.99,"u":"87,13 €/L","img":"https://fd15-photos.leclercdrive.fr/image.ashx?id=2866016&use=l&cat=p&typeid=i","cat":284547},{"id":17627,"n":"Mini bûches glacées Eskiss Assortiment - 311g","p":3.29,"u":"10,58 €/KG","img":"https://fd15-photos.leclercdrive.fr/image.ashx?id=2791263&use=l&cat=p&typeid=i","cat":284266},{"id":17703,"n":"Huile de tournesol Lesieur Coeur de Tournesol - 3L","p":9.9,"u":"3,30 €/L","img":"https://fd15-photos.leclercdrive.fr/image.ashx?id=2139073&use=l&cat=p&typeid=i","cat":284453},{"id":17709,"n":"Sauce au poivre Knorr A la crème fraiche - 30cl","p":2.8,"u":"9,33 €/L","img":"https://fd15-photos.leclercdrive.fr/image.ashx?id=2985096&use=l&cat=p&typeid=i","cat":288381},{"id":17710,"n":"Sauce Hollandaise Knorr Au jus de citron - 30cl","p":2.51,"u":"8,37 €/L","img":"https://fd15-photos.leclercdrive.fr/image.ashx?id=2985099&use=l&cat=p&typeid=i","cat":288381},{"id":17717,"n":"Blanc de poulet Tradilège x4 160g","p":2.4,"u":"15,00 €/KG","img":"https://fd15-photos.leclercdrive.fr/image.ashx?id=2925738&use=l&cat=p&typeid=i","cat":316010},{"id":17718,"n":"Blanc de dinde Tradilège 4 tranches 160g","p":2.3,"u":"14,38 €/KG","img":"https://fd15-photos.leclercdrive.fr/image.ashx?id=2925735&use=l&cat=p&typeid=i","cat":316010},{"id":17767,"n":"Gambas entières Pêche Océan ASC - 400g","p":17.19,"u":"42,98 €/KG","img":"https://fd15-photos.leclercdrive.fr/image.ashx?id=2147091&use=l&cat=p&typeid=i","cat":319787},{"id":17783,"n":"Chocolats Ferrero Rocher x24 pralines - 300g","p":12.99,"u":"43,30 €/KG","img":"https://fd15-photos.leclercdrive.fr/image.ashx?id=2944999&use=l&cat=p&typeid=i","cat":327600},{"id":17799,"n":"AOP Languedoc Cabrières Rosé L'Estabel - 75cl","p":9.65,"u":"12,87 €/L","img":"https://fd15-photos.leclercdrive.fr/image.ashx?id=2311369&use=l&cat=p&typeid=i","cat":289558},{"id":17813,"n":"Détachant Texil avant lavage 500ml","p":2.25,"u":"4,50 €/L","img":"https://fd15-photos.leclercdrive.fr/image.ashx?id=2958708&use=l&cat=p&typeid=i","cat":284651},{"id":17845,"n":"Saumon crème fraîche Marie Fondue poireaux 400g","p":10.89,"u":"27,23 €/KG","img":"https://fd15-photos.leclercdrive.fr/image.ashx?id=2996785&use=l&cat=p&typeid=i","cat":319786},{"id":17899,"n":"Knacks pur porc Tradilège Fumées au bois x10 - 350g","p":1.99,"u":"5,69 €/KG","img":"https://fd15-photos.leclercdrive.fr/image.ashx?id=2448321&use=l&cat=p&typeid=i","cat":316012},{"id":17901,"n":"Macaroni d'Alsace NRT 250g","p":1.87,"u":"7,48 €/KG","img":"https://fd15-photos.leclercdrive.fr/image.ashx?id=2839989&use=l&cat=p&typeid=i","cat":284427},{"id":17937,"n":"IGP Pruneaux d'agen Bio Village Bio - 250g","p":3.71,"u":"14,84 €/KG","img":"https://fd15-photos.leclercdrive.fr/image.ashx?id=2049211&use=l&cat=p&typeid=i","cat":284357},{"id":17969,"n":"Purée de fruit NATURNES Pomme pêche 4M+ - 4x130g","p":4.1,"u":"7,88 €/KG","img":"https://fd15-photos.leclercdrive.fr/image.ashx?id=2629644&use=l&cat=p&typeid=i","cat":312387},{"id":18000,"n":"Lait céréales Blédidej 12 mois Chocolat biscuité - 4x250ml","p":5.7,"u":"5,70 €/L","img":"https://fd15-photos.leclercdrive.fr/image.ashx?id=2921028&use=l&cat=p&typeid=i","cat":312226},{"id":18001,"n":"Lait céréales Blédidej 6 mois Briochée - 4x250ml","p":5.7,"u":"5,70 €/L","img":"https://fd15-photos.leclercdrive.fr/image.ashx?id=2921049&use=l&cat=p&typeid=i","cat":312226},{"id":18002,"n":"Lait céréales Blédidej 12 mois Biscuité vanille - 4x250ml","p":5.7,"u":"5,70 €/L","img":"https://fd15-photos.leclercdrive.fr/image.ashx?id=2921034&use=l&cat=p&typeid=i","cat":312226},{"id":18003,"n":"Lait céréales Blédidej 12 mois Vanille chocolat - 4x250ml","p":5.7,"u":"5,70 €/L","img":"https://fd15-photos.leclercdrive.fr/image.ashx?id=2921031&use=l&cat=p&typeid=i","cat":312226},{"id":18070,"n":"Fromage frais bio Bio Village Fruits panachés - 12x50g","p":3.9,"u":"6,50 €/KG","img":"https://fd15-photos.leclercdrive.fr/image.ashx?id=2992630&use=l&cat=p&typeid=i","cat":284409},{"id":18096,"n":"Plat bébé Blédina 8 mois  Légumes saumon - 2x200g","p":4.15,"u":"10,38 €/KG","img":"https://fd15-photos.leclercdrive.fr/image.ashx?id=2975059&use=l&cat=p&typeid=i","cat":312236},{"id":18098,"n":"Lait céréales bébé Blédiner 6m Carotte soir - 4x250ml","p":5.95,"u":"5,95 €/L","img":"https://fd15-photos.leclercdrive.fr/image.ashx?id=2478556&use=l&cat=p&typeid=i","cat":312239},{"id":18100,"n":"Lait céréales bébé Blédiner 12m Légumes soir - 2x250ml","p":3.05,"u":"6,10 €/L","img":"https://fd15-photos.leclercdrive.fr/image.ashx?id=2960144&use=l&cat=p&typeid=i","cat":312239},{"id":18102,"n":"Lait céréales bébé Blédiner 6m Légume soir - 4x250ml","p":5.95,"u":"5,95 €/L","img":"https://fd15-photos.leclercdrive.fr/image.ashx?id=2730061&use=l&cat=p&typeid=i","cat":312239},{"id":18124,"n":"Pêche poire cerise  Douceur du Verger - 4x70g","p":3.15,"u":"11,25 €/KG","img":"https://fd15-photos.leclercdrive.fr/image.ashx?id=2149378&use=l&cat=p&typeid=i","cat":284507},{"id":18207,"n":"Lingettes démaquillantes Inell x25","p":1.35,"u":"0,05 €/P","img":"https://fd15-photos.leclercdrive.fr/image.ashx?id=2769579&use=l&cat=p&typeid=i","cat":284603},{"id":18208,"n":"Lingettes démaquillantes Inell x25","p":1.29,"u":"0,05 €/P","img":"https://fd15-photos.leclercdrive.fr/image.ashx?id=2752622&use=l&cat=p&typeid=i","cat":284603},{"id":18221,"n":"Lardons supérieurs Tradilège Nature - 2x100g","p":2.65,"u":"13,25 €/KG","img":"https://fd15-photos.leclercdrive.fr/image.ashx?id=2933340&use=l&cat=p&typeid=i","cat":316011},{"id":18223,"n":"Lardons supérieurs Tradilège Fumés - 2x100g","p":2.5,"u":"12,50 €/KG","img":"https://fd15-photos.leclercdrive.fr/image.ashx?id=2933343&use=l&cat=p&typeid=i","cat":316011},{"id":18224,"n":"Allumettes Tradilège Nature - 2x100g","p":2.45,"u":"12,25 €/KG","img":"https://fd15-photos.leclercdrive.fr/image.ashx?id=2933349&use=l&cat=p&typeid=i","cat":316011},{"id":18225,"n":"Allumettes Tradilège Fumées - 2x100g","p":2.2,"u":"11,00 €/KG","img":"https://fd15-photos.leclercdrive.fr/image.ashx?id=2933346&use=l&cat=p&typeid=i","cat":316011},{"id":18227,"n":"Lardons supérieurs Tradilège Nature - 160g","p":1.78,"u":"11,13 €/KG","img":"https://fd15-photos.leclercdrive.fr/image.ashx?id=2751949&use=l&cat=p&typeid=i","cat":316011},{"id":18230,"n":"Lardons supérieurs Tradilège Fumés - 160g","p":1.78,"u":"11,13 €/KG","img":"https://fd15-photos.leclercdrive.fr/image.ashx?id=2816636&use=l&cat=p&typeid=i","cat":316011},{"id":18231,"n":"Poitrine fumée Tradilège 4 tranches 300 gr","p":5.89,"u":"19,63 €/KG","img":"https://fd15-photos.leclercdrive.fr/image.ashx?id=2852273&use=l&cat=p&typeid=i","cat":316011},{"id":18232,"n":"Poitrine nature Tradilège 1/2 sel 4 tranches 300g","p":4.21,"u":"14,03 €/KG","img":"https://fd15-photos.leclercdrive.fr/image.ashx?id=2854267&use=l&cat=p&typeid=i","cat":316011},{"id":18233,"n":"Poitrine Fumée Tradilège Tranches fines - 2x7T - 200g","p":3.71,"u":"18,55 €/KG","img":"https://fd15-photos.leclercdrive.fr/image.ashx?id=2852267&use=l&cat=p&typeid=i","cat":316011},{"id":18234,"n":"Jambon blanc Tradilège A l'italienne 4 tranches 120g","p":3.4,"u":"28,33 €/KG","img":"https://fd15-photos.leclercdrive.fr/image.ashx?id=2437079&use=l&cat=p&typeid=i","cat":316009},{"id":18235,"n":"Mousse de foie Tradilège Supérieure 180g","p":1.88,"u":"10,44 €/KG","img":"https://fd15-photos.leclercdrive.fr/image.ashx?id=2693147&use=l&cat=p&typeid=i","cat":316008},{"id":18236,"n":"Mousse de foie Tradilège 2x50g","p":1.39,"u":"13,90 €/KG","img":"https://fd15-photos.leclercdrive.fr/image.ashx?id=2930736&use=l&cat=p&typeid=i","cat":316008},{"id":18238,"n":"Mousse de canard Tradilège 180g","p":1.89,"u":"10,50 €/KG","img":"https://fd15-photos.leclercdrive.fr/image.ashx?id=2925729&use=l&cat=p&typeid=i","cat":316008},{"id":18240,"n":"Mousse de canard Tradilège 2x50g","p":1.31,"u":"13,10 €/KG","img":"https://fd15-photos.leclercdrive.fr/image.ashx?id=2840404&use=l&cat=p&typeid=i","cat":316008},{"id":18241,"n":"Pâté de campagne Tradilège Supérieur 180g","p":2.09,"u":"11,61 €/KG","img":"https://fd15-photos.leclercdrive.fr/image.ashx?id=2844848&use=l&cat=p&typeid=i","cat":316008},{"id":18246,"n":"Rillettes du Mans Tradilège 400g","p":3.79,"u":"9,48 €/KG","img":"https://fd15-photos.leclercdrive.fr/image.ashx?id=2580385&use=l&cat=p&typeid=i","cat":316008},{"id":18251,"n":"Knacks Tradilège Fumées au bois - x4 - 140g","p":1.37,"u":"9,79 €/KG","img":"https://fd15-photos.leclercdrive.fr/image.ashx?id=2930739&use=l&cat=p&typeid=i","cat":316012},{"id":18252,"n":"Knacks Tradilège Fumées au bois - x6 - 210g","p":1.75,"u":"8,33 €/KG","img":"https://fd15-photos.leclercdrive.fr/image.ashx?id=2448318&use=l&cat=p&typeid=i","cat":316012},{"id":18257,"n":"Saucisses Cocktail Tradilège 400g","p":3.95,"u":"9,88 €/KG","img":"https://fd15-photos.leclercdrive.fr/image.ashx?id=2659082&use=l&cat=p&typeid=i","cat":316012},{"id":18259,"n":"Saucisson à l'ail Tradilège Fumé - 300g","p":2.65,"u":"8,83 €/KG","img":"https://fd15-photos.leclercdrive.fr/image.ashx?id=2930742&use=l&cat=p&typeid=i","cat":316006},{"id":18260,"n":"Saucisson à l'ail Tradilège Nature - 300g","p":3.69,"u":"12,30 €/KG","img":"https://fd15-photos.leclercdrive.fr/image.ashx?id=2930745&use=l&cat=p&typeid=i","cat":316006},{"id":18264,"n":"Andouillettes herbes Tradilège x3 420g","p":6.2,"u":"14,76 €/KG","img":"https://fd15-photos.leclercdrive.fr/image.ashx?id=2728285&use=l&cat=p&typeid=i","cat":316012},{"id":18266,"n":"Dés de jambon Tradilège 2x75g","p":1.95,"u":"13,00 €/KG","img":"https://fd15-photos.leclercdrive.fr/image.ashx?id=2925732&use=l&cat=p&typeid=i","cat":316011},{"id":18267,"n":"Allumettes de jambon Tradilège 2x75g","p":2.29,"u":"15,27 €/KG","img":"https://fd15-photos.leclercdrive.fr/image.ashx?id=2925716&use=l&cat=p&typeid=i","cat":316011},{"id":18268,"n":"Rôti de porc Tradilège 4 tranches 160g","p":3.35,"u":"20,94 €/KG","img":"https://fd15-photos.leclercdrive.fr/image.ashx?id=2678541&use=l&cat=p&typeid=i","cat":316009},{"id":18273,"n":"Blanc de dinde Tradilège 2 tranches 80g","p":1.7,"u":"21,25 €/KG","img":"https://fd15-photos.leclercdrive.fr/image.ashx?id=2905958&use=l&cat=p&typeid=i","cat":316010},{"id":18275,"n":"Blanc de poulet Tradilège x2 tranches - 80g","p":2.08,"u":"26,00 €/KG","img":"https://fd15-photos.leclercdrive.fr/image.ashx?id=2930751&use=l&cat=p&typeid=i","cat":316010},{"id":18279,"n":"Dés de poulet Tradilège 2x75g","p":3.64,"u":"24,27 €/KG","img":"https://fd15-photos.leclercdrive.fr/image.ashx?id=2984185&use=l&cat=p&typeid=i","cat":316011},{"id":18282,"n":"Saucisse de volaille Tradilège x6 210g","p":1.85,"u":"8,81 €/KG","img":"https://fd15-photos.leclercdrive.fr/image.ashx?id=2616069&use=l&cat=p&typeid=i","cat":316012},{"id":18287,"n":"Céréales Extra Kellogg's Chocolat au lait - 500g","p":5.02,"u":"10,04 €/KG","img":"https://fd15-photos.leclercdrive.fr/image.ashx?id=2692707&use=l&cat=p&typeid=i","cat":309512},{"id":18351,"n":"Fromage à tartiner Les Croisés Nature - 25%mg - 150g","p":1.15,"u":"7,67 €/KG","img":"https://fd15-photos.leclercdrive.fr/image.ashx?id=1971010&use=l&cat=p&typeid=i","cat":314029},{"id":18362,"n":"Biscuit bébé Blédina 10 mois Boudoir - 120g","p":3.13,"u":"26,08 €/KG","img":"https://fd15-photos.leclercdrive.fr/image.ashx?id=2801114&use=l&cat=p&typeid=i","cat":312227},{"id":18363,"n":"Pots bébé bio Babybio Maïs poulet - 8 mois - 2x200g","p":4.55,"u":"11,38 €/KG","img":"https://fd15-photos.leclercdrive.fr/image.ashx?id=2827461&use=l&cat=p&typeid=i","cat":312236},{"id":18364,"n":"Haricots rouges D'aucy  250g","p":1.65,"u":"6,60 €/KG","img":"https://fd15-photos.leclercdrive.fr/image.ashx?id=2538434&use=l&cat=p&typeid=i","cat":312606},{"id":18374,"n":"Petits pois d'aucy  Extra-fins - 280g","p":1.65,"u":"5,89 €/KG","img":"https://fd15-photos.leclercdrive.fr/image.ashx?id=2503434&use=l&cat=p&typeid=i","cat":312607},{"id":18375,"n":"Petits pois carottes d''Aucy Extra fins - 265g","p":1.65,"u":"6,23 €/KG","img":"https://fd15-photos.leclercdrive.fr/image.ashx?id=2475324&use=l&cat=p&typeid=i","cat":312607},{"id":18381,"n":"Cannelle moulue Ducros 39g","p":1.99,"u":"51,03 €/KG","img":"https://fd15-photos.leclercdrive.fr/image.ashx?id=2983204&use=l&cat=p&typeid=i","cat":298297},{"id":18387,"n":"Herbes de Provence Ducros Barbecue - 100g","p":2.55,"u":"25,50 €/KG","img":"https://fd15-photos.leclercdrive.fr/image.ashx?id=2414717&use=l&cat=p&typeid=i","cat":298297},{"id":18392,"n":"Paprika doux moulu Ducros 40g","p":2.05,"u":"51,25 €/KG","img":"https://fd15-photos.leclercdrive.fr/image.ashx?id=2854414&use=l&cat=p&typeid=i","cat":298297},{"id":18393,"n":"Persil Ducros 17g","p":2.8,"u":"164,71 €/KG","img":"https://fd15-photos.leclercdrive.fr/image.ashx?id=2559436&use=l&cat=p&typeid=i","cat":298297},{"id":18394,"n":"Persil Ducros 30g","p":5.15,"u":"171,67 €/KG","img":"https://fd15-photos.leclercdrive.fr/image.ashx?id=2486554&use=l&cat=p&typeid=i","cat":298297},{"id":18398,"n":"Piment doux moulu Ducros 40g","p":1.9,"u":"47,50 €/KG","img":"https://fd15-photos.leclercdrive.fr/image.ashx?id=2490494&use=l&cat=p&typeid=i","cat":298297},{"id":18403,"n":"Poivre saveur et épices Ducros Moulin - 30g","p":3.85,"u":"128,33 €/KG","img":"https://fd15-photos.leclercdrive.fr/image.ashx?id=2353698&use=l&cat=p&typeid=i","cat":284457},{"id":18408,"n":"Thon entier Pêche Océan Naturel - 140g","p":2.65,"u":"18,93 €/KG","img":"https://fd15-photos.leclercdrive.fr/image.ashx?id=2941426&use=l&cat=p&typeid=i","cat":303867},{"id":18409,"n":"Thon entier Pêche Océan Naturel - 93g","p":2.15,"u":"23,12 €/KG","img":"https://fd15-photos.leclercdrive.fr/image.ashx?id=2942184&use=l&cat=p&typeid=i","cat":303867},{"id":18437,"n":"Allumettes Bacon Tradilège Fumées - 2x100g","p":2.41,"u":"12,05 €/KG","img":"https://fd15-photos.leclercdrive.fr/image.ashx?id=2905952&use=l&cat=p&typeid=i","cat":316011},{"id":18441,"n":"Pur jus de fruits Jafaden Mandarine - 1L","p":3.39,"u":"3,39 €/L","img":"https://fd15-photos.leclercdrive.fr/image.ashx?id=2956044&use=l&cat=p&typeid=i","cat":284915},{"id":18521,"n":"Papier toilette Mimosa Blanc double épaisseur - x12","p":5.71,"u":"0,48 €/P","img":"https://fd15-photos.leclercdrive.fr/image.ashx?id=2434230&use=l&cat=p&typeid=i","cat":284634},{"id":18571,"n":"Surligneur Stabilo Boss Original - Jaune","p":2.09,"img":"https://fd15-photos.leclercdrive.fr/image.ashx?id=2736265&use=l&cat=p&typeid=i","cat":284696},{"id":18573,"n":"Surligneur Stabilo Boss Original - Rose","p":2.09,"img":"https://fd15-photos.leclercdrive.fr/image.ashx?id=2614645&use=l&cat=p&typeid=i","cat":284696},{"id":18577,"n":"Papier toilette Mimosa Blanc - Ultra doux - x24","p":9.17,"u":"0,38 €/P","img":"https://fd15-photos.leclercdrive.fr/image.ashx?id=2796488&use=l&cat=p&typeid=i","cat":284634},{"id":18595,"n":"Saucisse Strasbourg Bio Village bio x4 - 180g","p":3.69,"u":"20,50 €/KG","img":"https://fd15-photos.leclercdrive.fr/image.ashx?id=2362294&use=l&cat=p&typeid=i","cat":316012},{"id":18598,"n":"Yaourts à la Grecque Délisse Mûre Framboise - 4x150g","p":2.98,"u":"4,97 €/KG","img":"https://fd15-photos.leclercdrive.fr/image.ashx?id=2699441&use=l&cat=p&typeid=i","cat":314999},{"id":18652,"n":"Crépes Nature P'tit Déli x10 300g","p":3.45,"u":"11,50 €/KG","img":"https://fd15-photos.leclercdrive.fr/image.ashx?id=2391092&use=l&cat=p&typeid=i","cat":284494},{"id":18669,"n":"Snacks Tokapi 4 saveurs - 100g","p":1.95,"u":"19,50 €/KG","img":"https://fd15-photos.leclercdrive.fr/image.ashx?id=2588932&use=l&cat=p&typeid=i","cat":284449},{"id":18670,"n":"Tuiles Tokapi Bacon - 170g","p":2.59,"u":"15,24 €/KG","img":"https://fd15-photos.leclercdrive.fr/image.ashx?id=2657205&use=l&cat=p&typeid=i","cat":287899},{"id":18671,"n":"Tuiles Tokapi Paprika - 170g","p":2.24,"u":"13,18 €/KG","img":"https://fd15-photos.leclercdrive.fr/image.ashx?id=2632852&use=l&cat=p&typeid=i","cat":287899},{"id":18676,"n":"Allume-feu Silex cubes 18 sachets individuels","p":4.22,"img":"https://fd15-photos.leclercdrive.fr/image.ashx?id=2643584&use=l&cat=p&typeid=i","cat":300578},{"id":18953,"n":"Thon entier Pêche Océan Naturel - 186g","p":3.74,"u":"20,11 €/KG","img":"https://fd15-photos.leclercdrive.fr/image.ashx?id=2942190&use=l&cat=p&typeid=i","cat":303867},{"id":18968,"n":"Gâteaux mini marbrés P'tit Déli Chocolat x7 - 189g","p":3.15,"u":"16,67 €/KG","img":"https://fd15-photos.leclercdrive.fr/image.ashx?id=1947360&use=l&cat=p&typeid=i","cat":284495},{"id":18983,"n":"Crème glacée Eskiss Noix de coco - 494g","p":3.47,"u":"7,02 €/KG","img":"https://fd15-photos.leclercdrive.fr/image.ashx?id=2982607&use=l&cat=p&typeid=i","cat":284263},{"id":18996,"n":"Confiture Bonne Maman 4 fruits rouges - 370g","p":5.25,"u":"14,19 €/KG","img":"https://fd15-photos.leclercdrive.fr/image.ashx?id=2547474&use=l&cat=p&typeid=i","cat":284480},{"id":18997,"n":"Confiture Bonne Maman Châtaigne 370g","p":4.33,"u":"11,70 €/KG","img":"https://fd15-photos.leclercdrive.fr/image.ashx?id=2474987&use=l&cat=p&typeid=i","cat":284480},{"id":19022,"n":"Sirop Frucci Orange - 1L","p":4.65,"u":"4,65 €/L","img":"https://fd15-photos.leclercdrive.fr/image.ashx?id=2954070&use=l&cat=p&typeid=i","cat":295020},{"id":19098,"n":"Cookies gros éclats Granola Chocolat - 184g","p":2.7,"u":"14,67 €/KG","img":"https://fd15-photos.leclercdrive.fr/image.ashx?id=2996413&use=l&cat=p&typeid=i","cat":325066},{"id":19099,"n":"Cookies gros éclats Granola Chocolat et Amandes - 184g","p":3.55,"u":"19,29 €/KG","img":"https://fd15-photos.leclercdrive.fr/image.ashx?id=2958824&use=l&cat=p&typeid=i","cat":325066},{"id":19102,"n":"Croquettes chat Purina One Stérilisé-Saumon/Céréales-1,5kg","p":11.45,"u":"7,63 €/KG","img":"https://fd15-photos.leclercdrive.fr/image.ashx?id=2541268&use=l&cat=p&typeid=i","cat":284680},{"id":19109,"n":"Café moulu Bio Ethiquable  100% Arabica Equateur - 250g","p":5.74,"u":"22,96 €/KG","img":"https://fd15-photos.leclercdrive.fr/image.ashx?id=2875153&use=l&cat=p&typeid=i","cat":284750},{"id":19110,"n":"Boeuf Bourguignon Côté Table 300g","p":3.35,"u":"11,17 €/KG","img":"https://fd15-photos.leclercdrive.fr/image.ashx?id=2517679&use=l&cat=p&typeid=i","cat":284953},{"id":19114,"n":"Sucre de canne Bio Ethiquable Complet en poudre - 500g","p":3.35,"u":"6,70 €/KG","img":"https://fd15-photos.leclercdrive.fr/image.ashx?id=2875483&use=l&cat=p&typeid=i","cat":284502},{"id":19119,"n":"Pains au lait La Boulangère Bio x8 - 280g","p":3.25,"u":"11,61 €/KG","img":"https://fd15-photos.leclercdrive.fr/image.ashx?id=2972460&use=l&cat=p&typeid=i","cat":293505},{"id":19138,"n":"Semoule Couscous Bio Village Semi complet Bio - 500g","p":2.15,"u":"4,30 €/KG","img":"https://fd15-photos.leclercdrive.fr/image.ashx?id=2814217&use=l&cat=p&typeid=i","cat":284429},{"id":19202,"n":"Galettes bio Bio Village 4 céréales x17 - 130g","p":1.69,"u":"13,00 €/KG","img":"https://fd15-photos.leclercdrive.fr/image.ashx?id=2816154&use=l&cat=p&typeid=i","cat":318651},{"id":19203,"n":"Flocons d'avoine complet Bjorg Bio 500g","p":3.7,"u":"7,40 €/KG","img":"https://fd15-photos.leclercdrive.fr/image.ashx?id=2906151&use=l&cat=p&typeid=i","cat":309512},{"id":19210,"n":"Flageolets Préparés Cassegrain Extra Fins 265g","p":3.13,"u":"11,81 €/KG","img":"https://fd15-photos.leclercdrive.fr/image.ashx?id=2983084&use=l&cat=p&typeid=i","cat":312606},{"id":19232,"n":"Printanière Cassegrain Carotte, Petit Pois, Champignon - 265g","p":3.87,"u":"14,60 €/KG","img":"https://fd15-photos.leclercdrive.fr/image.ashx?id=2913001&use=l&cat=p&typeid=i","cat":312612},{"id":19239,"n":"Fruits au sirop St Mamet Pêches - 475g","p":5.45,"u":"11,47 €/KG","img":"https://fd15-photos.leclercdrive.fr/image.ashx?id=2630217&use=l&cat=p&typeid=i","cat":284507},{"id":19255,"n":"Croquettes chat Purina One Light Adulte -Poulet/Blé -1,5kg","p":12.05,"u":"8,03 €/KG","img":"https://fd15-photos.leclercdrive.fr/image.ashx?id=2432010&use=l&cat=p&typeid=i","cat":284680},{"id":19257,"n":"Croquettes chat Purina One Sensible Adulte-Dinde/Riz-450g","p":4.6,"u":"10,22 €/KG","img":"https://fd15-photos.leclercdrive.fr/image.ashx?id=2459658&use=l&cat=p&typeid=i","cat":284680},{"id":19258,"n":"Croquettes chat Plénima Premium Stérilisé - 450g","p":3.25,"u":"7,22 €/KG","img":"https://fd15-photos.leclercdrive.fr/image.ashx?id=1943373&use=l&cat=p&typeid=i","cat":284680},{"id":19262,"n":"Thon Saupiquet Mayonnaise - 2x135g","p":3.13,"u":"11,59 €/KG","img":"https://fd15-photos.leclercdrive.fr/image.ashx?id=2681017&use=l&cat=p&typeid=i","cat":303867},{"id":19263,"n":"Filets de maquereaux Saupiquet A la moutarde - 169g","p":3.75,"u":"22,19 €/KG","img":"https://fd15-photos.leclercdrive.fr/image.ashx?id=2829961&use=l&cat=p&typeid=i","cat":303868},{"id":19279,"n":"Sucre de canne Daddy En morceaux - 1kg","p":3.99,"u":"3,99 €/KG","img":"https://fd15-photos.leclercdrive.fr/image.ashx?id=2908576&use=l&cat=p&typeid=i","cat":284502},{"id":19283,"n":"Huile pépins de raisin Tramier 1L","p":7.61,"u":"7,61 €/L","img":"https://fd15-photos.leclercdrive.fr/image.ashx?id=2299454&use=l&cat=p&typeid=i","cat":284453},{"id":19284,"n":"Huile pépins de raisin Cauvin 1l","p":11.89,"u":"11,89 €/L","img":"https://fd15-photos.leclercdrive.fr/image.ashx?id=2479234&use=l&cat=p&typeid=i","cat":284453},{"id":19285,"n":"Sauce crudités Rustica Fines herbes - 50cl","p":1.55,"u":"3,10 €/L","img":"https://fd15-photos.leclercdrive.fr/image.ashx?id=1972916&use=l&cat=p&typeid=i","cat":284456},{"id":19296,"n":"Gressins Tokapi Sésame - 125g","p":1.89,"u":"15,12 €/KG","img":"https://fd15-photos.leclercdrive.fr/image.ashx?id=1993574&use=l&cat=p&typeid=i","cat":297000},{"id":19297,"n":"Lait céréales bébé Blédiner 6m Potiron soir - 2x250ml","p":3.05,"u":"6,10 €/L","img":"https://fd15-photos.leclercdrive.fr/image.ashx?id=2960141&use=l&cat=p&typeid=i","cat":312239},{"id":19298,"n":"Gressins Tokapi  Huile d'olive romarin - 125g","p":1.9,"u":"15,20 €/KG","img":"https://fd15-photos.leclercdrive.fr/image.ashx?id=1993577&use=l&cat=p&typeid=i","cat":297000},{"id":19301,"n":"Céréales Tipiak Méditerranéennes 2x200g","p":4.1,"u":"10,25 €/KG","img":"https://fd15-photos.leclercdrive.fr/image.ashx?id=2766253&use=l&cat=p&typeid=i","cat":284429},{"id":19303,"n":"Mini penne Turini 500g","p":1.35,"u":"2,70 €/KG","img":"https://fd15-photos.leclercdrive.fr/image.ashx?id=3015063&use=l&cat=p&typeid=i","cat":284427},{"id":19304,"n":"Mini farfalle Turini 500g","p":1.41,"u":"2,82 €/KG","img":"https://fd15-photos.leclercdrive.fr/image.ashx?id=2607494&use=l&cat=p&typeid=i","cat":284427},{"id":19305,"n":"Pâtes Spaghetti Panzani 3 Minutes - 500G","p":1.94,"u":"3,88 €/KG","img":"https://fd15-photos.leclercdrive.fr/image.ashx?id=3008035&use=l&cat=p&typeid=i","cat":284427},{"id":19308,"n":"Epices pour guacamole Old el paso - 20g","p":2.04,"u":"102,00 €/KG","img":"https://fd15-photos.leclercdrive.fr/image.ashx?id=2858168&use=l&cat=p&typeid=i","cat":288993},{"id":19319,"n":"Cookies Eco+ Pépites de chocolat - 200g","p":1.55,"u":"7,75 €/KG","img":"https://fd15-photos.leclercdrive.fr/image.ashx?id=2821875&use=l&cat=p&typeid=i","cat":325066},{"id":19338,"n":"IGP Côtes de Gascogne blanc sec Florenbelle - 10,5% vol 75 cl","p":6.95,"u":"9,27 €/L","img":"https://fd15-photos.leclercdrive.fr/image.ashx?id=2848178&use=l&cat=p&typeid=i","cat":289557},{"id":19353,"n":"Mao Croqui Haribo Sachet bonbons - 250g","p":2.95,"u":"11,80 €/KG","img":"https://fd15-photos.leclercdrive.fr/image.ashx?id=2805192&use=l&cat=p&typeid=i","cat":304250},{"id":19356,"n":"Infusion bio Jardin Bio Thym Menthe - x20 sachets - 30g","p":4.25,"u":"141,67 €/KG","img":"https://fd15-photos.leclercdrive.fr/image.ashx?id=2792654&use=l&cat=p&typeid=i","cat":293234},{"id":19364,"n":"Madeleines extra Ker Cadélac Coquilles moelleuses x24 - 600g","p":7.35,"u":"12,25 €/KG","img":"https://fd15-photos.leclercdrive.fr/image.ashx?id=2939511&use=l&cat=p&typeid=i","cat":284492},{"id":19366,"n":"Barres céréales Grany Chocolat - 125g","p":3.2,"u":"25,60 €/KG","img":"https://fd15-photos.leclercdrive.fr/image.ashx?id=2773613&use=l&cat=p&typeid=i","cat":285869},{"id":19368,"n":"Barres céréales Grany Noisettes - 125g","p":3.35,"u":"26,80 €/KG","img":"https://fd15-photos.leclercdrive.fr/image.ashx?id=2773607&use=l&cat=p&typeid=i","cat":285869},{"id":19386,"n":"Méli mélo céréales lég Tipiak 330g","p":4.25,"u":"12,88 €/KG","img":"https://fd15-photos.leclercdrive.fr/image.ashx?id=2563715&use=l&cat=p&typeid=i","cat":284429},{"id":19393,"n":"Café moulu Eco+ Décaféiné - 250g","p":4.39,"u":"17,56 €/KG","img":"https://fd15-photos.leclercdrive.fr/image.ashx?id=2124585&use=l&cat=p&typeid=i","cat":284750},{"id":19402,"n":"Chocolat Côte d'Or Noir pâte d'amandes 150g","p":4.46,"u":"29,73 €/KG","img":"https://fd15-photos.leclercdrive.fr/image.ashx?id=2985585&use=l&cat=p&typeid=i","cat":284956},{"id":19408,"n":"Soupe Velouté Bio Village Bio Légumes verts - 1L","p":3.69,"u":"3,69 €/L","img":"https://fd15-photos.leclercdrive.fr/image.ashx?id=2352237&use=l&cat=p&typeid=i","cat":284462},{"id":19411,"n":"Compote Allégée en sucres Eco+ Coupelle pomme - 4x100g","p":1.01,"u":"2,53 €/KG","img":"https://fd15-photos.leclercdrive.fr/image.ashx?id=2953188&use=l&cat=p&typeid=i","cat":284508},{"id":19416,"n":"Dessert fruitier Andros Pomme allégé 730g","p":3.25,"u":"4,45 €/KG","img":"https://fd15-photos.leclercdrive.fr/image.ashx?id=2369930&use=l&cat=p&typeid=i","cat":284508},{"id":19418,"n":"Pâtes serpentini Turini 500g","p":1.16,"u":"2,32 €/KG","img":"https://fd15-photos.leclercdrive.fr/image.ashx?id=2744231&use=l&cat=p&typeid=i","cat":284427},{"id":19420,"n":"Pâtes Torsades Turini Nature tomate épinard - 500g","p":1.24,"u":"2,48 €/KG","img":"https://fd15-photos.leclercdrive.fr/image.ashx?id=2607485&use=l&cat=p&typeid=i","cat":284427},{"id":19424,"n":"Spaghetti Turini Au blé complet - 500g","p":1.15,"u":"2,30 €/KG","img":"https://fd15-photos.leclercdrive.fr/image.ashx?id=2607497&use=l&cat=p&typeid=i","cat":284427},{"id":19426,"n":"Gâteaux L'Ourson Lulu LU Chocolat - 150g","p":3.15,"u":"21,00 €/KG","img":"https://fd15-photos.leclercdrive.fr/image.ashx?id=3014425&use=l&cat=p&typeid=i","cat":284495},{"id":19427,"n":"Pâtes penne Turini Blé complet - 500g","p":1.5,"u":"3,00 €/KG","img":"https://fd15-photos.leclercdrive.fr/image.ashx?id=2607500&use=l&cat=p&typeid=i","cat":284427},{"id":19432,"n":"Pains au chocolat Eco+ x10 - 450g","p":2.9,"u":"6,44 €/KG","img":"https://fd15-photos.leclercdrive.fr/image.ashx?id=2927833&use=l&cat=p&typeid=i","cat":296366},{"id":19433,"n":"Pain au lait Eco+ x10 - 400g","p":1.6,"u":"4,00 €/KG","img":"https://fd15-photos.leclercdrive.fr/image.ashx?id=2643578&use=l&cat=p&typeid=i","cat":293505},{"id":19435,"n":"Barres de céréales Special K Kellogg's Chocolat lait - 6x20g","p":3.18,"u":"26,50 €/KG","img":"https://fd15-photos.leclercdrive.fr/image.ashx?id=2306366&use=l&cat=p&typeid=i","cat":285869},{"id":19440,"n":"Flageolets d'aucy  Extra-fins - 530g","p":2.97,"u":"5,60 €/KG","img":"https://fd15-photos.leclercdrive.fr/image.ashx?id=2486152&use=l&cat=p&typeid=i","cat":312606},{"id":19442,"n":"Flageolets d'aucy  Extra-fins - 265g","p":1.89,"u":"7,13 €/KG","img":"https://fd15-photos.leclercdrive.fr/image.ashx?id=2503437&use=l&cat=p&typeid=i","cat":312606},{"id":19459,"n":"Flageolets cuisinés Roquelaure A l'auvergnate - 820g","p":4.11,"u":"5,01 €/KG","img":"https://fd15-photos.leclercdrive.fr/image.ashx?id=2928399&use=l&cat=p&typeid=i","cat":312606},{"id":19463,"n":"Sticks dentaires Lydog Moyen chien - x7 - 180g","p":1.19,"u":"6,61 €/KG","img":"https://fd15-photos.leclercdrive.fr/image.ashx?id=1878598&use=l&cat=p&typeid=i","cat":294527},{"id":19464,"n":"Carottes rondelles D'aucy  240g","p":1.63,"u":"6,79 €/KG","img":"https://fd15-photos.leclercdrive.fr/image.ashx?id=2503431&use=l&cat=p&typeid=i","cat":312607},{"id":19470,"n":"Gourmandise de Pois Cassegrain à la Provençale 375g","p":6.55,"u":"17,47 €/KG","img":"https://fd15-photos.leclercdrive.fr/image.ashx?id=2912998&use=l&cat=p&typeid=i","cat":312607},{"id":19471,"n":"Mélange Le Sélect Vico Graines variées - 100g","p":3.35,"u":"33,50 €/KG","img":"https://fd15-photos.leclercdrive.fr/image.ashx?id=2569839&use=l&cat=p&typeid=i","cat":284448},{"id":19472,"n":"Fruits au sirop Del Monte Ananas en tranches - 350g","p":3.15,"u":"9,00 €/KG","img":"https://fd15-photos.leclercdrive.fr/image.ashx?id=2802326&use=l&cat=p&typeid=i","cat":284507},{"id":19487,"n":"Cassoulet Toulousain   Raynal Et Roquelaure - 840g","p":7.9,"u":"9,40 €/KG","img":"https://fd15-photos.leclercdrive.fr/image.ashx?id=2928387&use=l&cat=p&typeid=i","cat":284440},{"id":19491,"n":"Couscous tunisien Côté Table Kefta merguez - 300g","p":3.35,"u":"11,17 €/KG","img":"https://fd15-photos.leclercdrive.fr/image.ashx?id=2499498&use=l&cat=p&typeid=i","cat":284953},{"id":19493,"n":"Colin d'alaska Côté Table Barquette micro-ondable 300g","p":2.95,"u":"9,83 €/KG","img":"https://fd15-photos.leclercdrive.fr/image.ashx?id=2770311&use=l&cat=p&typeid=i","cat":284953},{"id":19518,"n":"Cahier de Brouillon Eco+ 96 pages","p":0.51,"img":"https://fd15-photos.leclercdrive.fr/image.ashx?id=2943133&use=l&cat=p&typeid=i","cat":284697},{"id":19535,"n":"Stick lèvres Inell Nourrissant - 2 pièces","p":2.65,"u":"1,33 €/P","img":"https://fd15-photos.leclercdrive.fr/image.ashx?id=2841622&use=l&cat=p&typeid=i","cat":285485},{"id":19542,"n":"Filets de saumon rose Findus Pacifique - MSC - x4 - 400g","p":14.6,"u":"36,50 €/KG","img":"https://fd15-photos.leclercdrive.fr/image.ashx?id=2735326&use=l&cat=p&typeid=i","cat":319786},{"id":19575,"n":"Lait démaquillant Inell Douceur 250ml","p":2.15,"u":"8,60 €/L","img":"https://fd15-photos.leclercdrive.fr/image.ashx?id=2691622&use=l&cat=p&typeid=i","cat":284603},{"id":19601,"n":"Gâteaux marbrés P'tit Déli x14 378g","p":4.69,"u":"12,41 €/KG","img":"https://fd15-photos.leclercdrive.fr/image.ashx?id=1947363&use=l&cat=p&typeid=i","cat":284495},{"id":19604,"n":"Gâteaux P'tit Déli A base de yaourt x7 - 189g","p":2.89,"u":"15,29 €/KG","img":"https://fd15-photos.leclercdrive.fr/image.ashx?id=2059086&use=l&cat=p&typeid=i","cat":294776},{"id":19609,"n":"Tuiles Tokapi Fromage - 170g","p":2.83,"u":"16,65 €/KG","img":"https://fd15-photos.leclercdrive.fr/image.ashx?id=2647426&use=l&cat=p&typeid=i","cat":287899},{"id":19617,"n":"Soupe Boeuf tomates Régal Soupe Vermicelles - 54g","p":1.35,"u":"25,00 €/KG","img":"https://fd15-photos.leclercdrive.fr/image.ashx?id=2663278&use=l&cat=p&typeid=i","cat":284463},{"id":19622,"n":"Soupe Minestrone Régal Soupe Déshydratée - 104g","p":1.25,"u":"12,02 €/KG","img":"https://fd15-photos.leclercdrive.fr/image.ashx?id=2663275&use=l&cat=p&typeid=i","cat":284463},{"id":19623,"n":"Soupe Crème asperge Régal Soupe Déshydratée - 70g","p":1.01,"u":"14,43 €/KG","img":"https://fd15-photos.leclercdrive.fr/image.ashx?id=2352413&use=l&cat=p&typeid=i","cat":284463},{"id":19625,"n":"Mini goûters P'tit Déli Fraise 168g","p":2.0,"u":"11,90 €/KG","img":"https://fd15-photos.leclercdrive.fr/image.ashx?id=2310498&use=l&cat=p&typeid=i","cat":284489},{"id":19633,"n":"Soufflés Tornades Tokapi Nature - 85g","p":1.25,"u":"14,71 €/KG","img":"https://fd15-photos.leclercdrive.fr/image.ashx?id=1855969&use=l&cat=p&typeid=i","cat":284449},{"id":19635,"n":"Soufflés Tornades Tokapi Bacon - 85g","p":1.29,"u":"15,18 €/KG","img":"https://fd15-photos.leclercdrive.fr/image.ashx?id=1855966&use=l&cat=p&typeid=i","cat":284449},{"id":19645,"n":"Mini-crêpes fourrées Tokapi Cheddar - 65g","p":3.35,"u":"51,54 €/KG","img":"https://fd15-photos.leclercdrive.fr/image.ashx?id=2499082&use=l&cat=p&typeid=i","cat":297000},{"id":19659,"n":"Poêlée landaise Côté Table Surgelée - 900g","p":6.8,"u":"7,56 €/KG","img":"https://fd15-photos.leclercdrive.fr/image.ashx?id=2762629&use=l&cat=p&typeid=i","cat":319823},{"id":19660,"n":"Cordons bleus Pic'Express Au poulet 4x100g","p":6.45,"u":"16,13 €/KG","img":"https://fd15-photos.leclercdrive.fr/image.ashx?id=2852949&use=l&cat=p&typeid=i","cat":319780},{"id":19684,"n":"tofu nature bio bjorg  - 2x200g","p":4.75,"u":"11,88 €/KG","img":"https://fd15-photos.leclercdrive.fr/image.ashx?id=2907979&use=l&cat=p&typeid=i","cat":284953},{"id":19699,"n":"Sucre pure canne blond Beghin Say - 1kg","p":3.2,"u":"3,20 €/KG","img":"https://fd15-photos.leclercdrive.fr/image.ashx?id=2977321&use=l&cat=p&typeid=i","cat":284502},{"id":19700,"n":"Sucre spécial confiture Daddy 1kg","p":4.45,"u":"4,45 €/KG","img":"https://fd15-photos.leclercdrive.fr/image.ashx?id=2975858&use=l&cat=p&typeid=i","cat":284502},{"id":19702,"n":"Sucre en poudre Béghin Say 750g","p":2.25,"u":"3,00 €/KG","img":"https://fd15-photos.leclercdrive.fr/image.ashx?id=2866352&use=l&cat=p&typeid=i","cat":284502},{"id":19709,"n":"Chili con carne Zapetti 800g","p":4.89,"u":"6,11 €/KG","img":"https://fd15-photos.leclercdrive.fr/image.ashx?id=2545717&use=l&cat=p&typeid=i","cat":325094},{"id":19719,"n":"Yaourts Lait entier Bio Village Bio Vanille - 4x125g","p":2.05,"u":"4,10 €/KG","img":"https://fd15-photos.leclercdrive.fr/image.ashx?id=2702336&use=l&cat=p&typeid=i","cat":286006},{"id":19723,"n":"Sacs congélation zip Elembal Grand x15","p":1.9,"u":"0,13 €/P","img":"https://fd15-photos.leclercdrive.fr/image.ashx?id=2751889&use=l&cat=p&typeid=i","cat":334134},{"id":19729,"n":"Biscuit P'tit Déli Palmiers Chocolat au lait 110g","p":1.73,"u":"15,73 €/KG","img":"https://fd15-photos.leclercdrive.fr/image.ashx?id=2573403&use=l&cat=p&typeid=i","cat":284488},{"id":19732,"n":"Les p'tites spirales P'tit Déli Chocolat  x6 - 150g","p":2.14,"u":"14,27 €/KG","img":"https://fd15-photos.leclercdrive.fr/image.ashx?id=2660422&use=l&cat=p&typeid=i","cat":284495},{"id":19743,"n":"Déodorant atomiseur Carré Homme Musc 200ml","p":1.69,"u":"8,45 €/L","img":"https://fd15-photos.leclercdrive.fr/image.ashx?id=2375998&use=l&cat=p&typeid=i","cat":284618},{"id":19744,"n":"Déodorant atomiseur Carré Homme Marine 200ml","p":1.69,"u":"8,45 €/L","img":"https://fd15-photos.leclercdrive.fr/image.ashx?id=2390707&use=l&cat=p&typeid=i","cat":284618},{"id":19758,"n":"Essuie-tout Bobine Uni Vert Compact - 500 feuilles x1","p":5.94,"img":"https://fd15-photos.leclercdrive.fr/image.ashx?id=2684826&use=l&cat=p&typeid=i","cat":284635},{"id":19796,"n":"Papier aluminium Elembal 30m","p":3.79,"img":"https://fd15-photos.leclercdrive.fr/image.ashx?id=2854231&use=l&cat=p&typeid=i","cat":334134},{"id":19798,"n":"Dissolvant doux Inell Sans acétone - 150ml","p":1.39,"u":"9,27 €/L","img":"https://fd15-photos.leclercdrive.fr/image.ashx?id=2691640&use=l&cat=p&typeid=i","cat":325347},{"id":19814,"n":"Piles alcalines Foxter AA/LR6 1,5V - x8","p":3.39,"u":"0,42 €/P","img":"https://fd15-photos.leclercdrive.fr/image.ashx?id=2162174&use=l&cat=p&typeid=i","cat":300572},{"id":19815,"n":"Piles alcalines Foxter AAA/LR3 1,5V - x8","p":3.39,"img":"https://fd15-photos.leclercdrive.fr/image.ashx?id=2162153&use=l&cat=p&typeid=i","cat":300572},{"id":19856,"n":"Pâtes Barilla Coquillettes - 1kg","p":2.72,"u":"2,72 €/KG","img":"https://fd15-photos.leclercdrive.fr/image.ashx?id=2392230&use=l&cat=p&typeid=i","cat":284427},{"id":19869,"n":"Sirop d'agave Sunny Via 350g","p":5.05,"u":"14,43 €/KG","img":"https://fd15-photos.leclercdrive.fr/image.ashx?id=3004834&use=l&cat=p&typeid=i","cat":287643},{"id":19870,"n":"Riz au lait la Laitière Saveur vanille - 500g","p":4.25,"u":"8,50 €/KG","img":"https://fd15-photos.leclercdrive.fr/image.ashx?id=2692716&use=l&cat=p&typeid=i","cat":284418},{"id":19874,"n":"Clafoutis La Laitière Aux cerises - 4x85g","p":5.65,"u":"16,62 €/KG","img":"https://fd15-photos.leclercdrive.fr/image.ashx?id=2628230&use=l&cat=p&typeid=i","cat":284419},{"id":19875,"n":"Clafoutis La Laitière Aux abricots - 4x85g","p":5.4,"u":"15,88 €/KG","img":"https://fd15-photos.leclercdrive.fr/image.ashx?id=3007975&use=l&cat=p&typeid=i","cat":284419},{"id":19877,"n":"Mozzarella Spécial Cuisine Les Croisés - 400g","p":5.55,"u":"13,88 €/KG","img":"https://fd15-photos.leclercdrive.fr/image.ashx?id=2992531&use=l&cat=p&typeid=i","cat":314026},{"id":19879,"n":"Liégois Délisse Framboise - 4x100g","p":2.49,"u":"6,23 €/KG","img":"https://fd15-photos.leclercdrive.fr/image.ashx?id=2694280&use=l&cat=p&typeid=i","cat":285042},{"id":19880,"n":"Gâteau Autour du Dessert Moelleux au Chocolat - 450g","p":6.29,"u":"13,98 €/KG","img":"https://fd15-photos.leclercdrive.fr/image.ashx?id=2856278&use=l&cat=p&typeid=i","cat":284267},{"id":19881,"n":"Dés Salakis herbes de Provence Fromage brebis - 300g","p":5.39,"u":"17,97 €/KG","img":"https://fd15-photos.leclercdrive.fr/image.ashx?id=2729686&use=l&cat=p&typeid=i","cat":314026},{"id":19909,"n":"Yaourts Lait entier Bio Village Bio Vanille - 12x125g","p":5.39,"u":"3,59 €/KG","img":"https://fd15-photos.leclercdrive.fr/image.ashx?id=2032376&use=l&cat=p&typeid=i","cat":286006},{"id":19924,"n":"Dessert fruitier pomme Bio Bio village - 4x100g","p":2.79,"u":"6,98 €/KG","img":"https://fd15-photos.leclercdrive.fr/image.ashx?id=2462427&use=l&cat=p&typeid=i","cat":284416},{"id":19932,"n":"Yaourts allégés Sveltesse  Saveur Crème brûlée 4x125g","p":2.47,"u":"4,94 €/KG","img":"https://fd15-photos.leclercdrive.fr/image.ashx?id=2483843&use=l&cat=p&typeid=i","cat":284419},{"id":19935,"n":"Pizza Crousti-moelleuse Marie 4 fromages - 3x390g","p":10.5,"u":"8,97 €/KG","img":"https://fd15-photos.leclercdrive.fr/image.ashx?id=2996803&use=l&cat=p&typeid=i","cat":284256},{"id":19941,"n":"Pur jus d'orange Jafaden Avec pulpe - 1L","p":3.59,"u":"3,59 €/L","img":"https://fd15-photos.leclercdrive.fr/image.ashx?id=2395258&use=l&cat=p&typeid=i","cat":285435},{"id":19948,"n":"fromage blanc sous mousse gervita fraise melba - 4x100g","p":3.89,"u":"9,73 €/KG","img":"https://fd15-photos.leclercdrive.fr/image.ashx?id=2103400&use=l&cat=p&typeid=i","cat":284409},{"id":19957,"n":"Purée brocolis Notre Jardin Nature 750g","p":2.69,"u":"3,59 €/KG","img":"https://fd15-photos.leclercdrive.fr/image.ashx?id=2856163&use=l&cat=p&typeid=i","cat":319805},{"id":19960,"n":"Purée carottes Notre Jardin Nature 750g","p":2.42,"u":"3,23 €/KG","img":"https://fd15-photos.leclercdrive.fr/image.ashx?id=2856166&use=l&cat=p&typeid=i","cat":319805},{"id":19991,"n":"Fromage frais Délisse Fruits panachés - 6x100g","p":2.79,"u":"4,65 €/KG","img":"https://fd15-photos.leclercdrive.fr/image.ashx?id=2913669&use=l&cat=p&typeid=i","cat":284414},{"id":19993,"n":"Crème dessert Délisse Vanille sur lit chocolat 4x125g","p":2.09,"u":"4,18 €/KG","img":"https://fd15-photos.leclercdrive.fr/image.ashx?id=2841950&use=l&cat=p&typeid=i","cat":285041},{"id":20003,"n":"Alcool ménager citron Phébus 1L","p":5.65,"u":"5,65 €/L","img":"https://fd15-photos.leclercdrive.fr/image.ashx?id=1900363&use=l&cat=p&typeid=i","cat":300576},{"id":20024,"n":"Camembert J.Gillot noir AOP 45%mg - 250g","p":4.59,"u":"18,36 €/KG","img":"https://fd15-photos.leclercdrive.fr/image.ashx?id=2914504&use=l&cat=p&typeid=i","cat":314033},{"id":20030,"n":"Mayonnaise Colona Tube 500ml","p":2.73,"u":"5,46 €/L","img":"https://fd15-photos.leclercdrive.fr/image.ashx?id=2687176&use=l&cat=p&typeid=i","cat":298295},{"id":20034,"n":"Crème dessert La Laitière Pot crème biscuit - 4x100g","p":3.93,"u":"9,83 €/KG","img":"https://fd15-photos.leclercdrive.fr/image.ashx?id=2692128&use=l&cat=p&typeid=i","cat":285041},{"id":20038,"n":"Crème aux œufs La Laitière lit de caramel - 4x100g","p":3.85,"u":"9,63 €/KG","img":"https://fd15-photos.leclercdrive.fr/image.ashx?id=2744593&use=l&cat=p&typeid=i","cat":284419},{"id":20043,"n":"Gâteaux de riz La Laitière   Caramel - 4x100g","p":3.66,"u":"9,15 €/KG","img":"https://fd15-photos.leclercdrive.fr/image.ashx?id=2630202&use=l&cat=p&typeid=i","cat":284418},{"id":20044,"n":"Bière Leffe Ruby 5% - 75cl","p":6.44,"u":"8,59 €/L","img":"https://fd15-photos.leclercdrive.fr/image.ashx?id=1589629&use=l&cat=p&typeid=i","cat":334878},{"id":20047,"n":"Bière belge blonde Kasteel 11%vol. - 33cl","p":3.99,"u":"12,09 €/L","img":"https://fd15-photos.leclercdrive.fr/image.ashx?id=2483215&use=l&cat=p&typeid=i","cat":334872},{"id":20050,"n":"Bière belge Duvel 8,5%vol. - 33cl","p":3.55,"u":"10,76 €/L","img":"https://fd15-photos.leclercdrive.fr/image.ashx?id=2389304&use=l&cat=p&typeid=i","cat":334872},{"id":20056,"n":"Calvados Busnel 40%vol - sous blister - 20cl","p":8.43,"u":"42,15 €/L","img":"https://fd15-photos.leclercdrive.fr/image.ashx?id=2955158&use=l&cat=p&typeid=i","cat":286032},{"id":20058,"n":"Madère Cruz 17%vol sous blister 20cl","p":7.18,"u":"35,90 €/L","img":"https://fd15-photos.leclercdrive.fr/image.ashx?id=2484044&use=l&cat=p&typeid=i","cat":284913},{"id":20075,"n":"Corned beef Hereford 340g","p":4.3,"u":"12,65 €/KG","img":"https://fd15-photos.leclercdrive.fr/image.ashx?id=2896946&use=l&cat=p&typeid=i","cat":305149},{"id":20086,"n":"Bière brune Chimay Rouge - 7%vol. - 33cl","p":3.09,"u":"9,36 €/L","img":"https://fd15-photos.leclercdrive.fr/image.ashx?id=1758843&use=l&cat=p&typeid=i","cat":334872},{"id":20099,"n":"Boules Démanquillantes Inell x100","p":1.81,"u":"0,02 €/P","img":"https://fd15-photos.leclercdrive.fr/image.ashx?id=2558802&use=l&cat=p&typeid=i","cat":285593},{"id":20109,"n":"Whisky Bourbon John Davon's 40%vol. - 70cl","p":19.59,"u":"27,99 €/L","img":"https://fd15-photos.leclercdrive.fr/image.ashx?id=2907174&use=l&cat=p&typeid=i","cat":284547},{"id":20138,"n":"Chips Pom'Lisse Nature - 200g","p":1.91,"u":"9,55 €/KG","img":"https://fd15-photos.leclercdrive.fr/image.ashx?id=2710783&use=l&cat=p&typeid=i","cat":284447},{"id":20146,"n":"Brique de brebis Les Croisés 150g","p":3.5,"u":"23,33 €/KG","img":"https://fd15-photos.leclercdrive.fr/image.ashx?id=2645903&use=l&cat=p&typeid=i","cat":314031},{"id":20149,"n":"Fenouil  1kg","p":5.55,"u":"5,55 €/KG","img":"https://fd15-photos.leclercdrive.fr/image.ashx?id=662984&use=l&cat=p&typeid=i","cat":284352},{"id":20154,"n":"Pâtes Barilla Macaroni - 1kg","p":3.0,"u":"3,00 €/KG","img":"https://fd15-photos.leclercdrive.fr/image.ashx?id=2602317&use=l&cat=p&typeid=i","cat":284427},{"id":20172,"n":"Petits pots bébé P'TIT SOUPER Aubergine pâtes 8M+ - 2x200g","p":3.87,"u":"9,68 €/KG","img":"https://fd15-photos.leclercdrive.fr/image.ashx?id=2526511&use=l&cat=p&typeid=i","cat":312239},{"id":20180,"n":"Crème Fraîche Elle&Vire Epaisse Légère - 12% MG - 33cl","p":2.59,"u":"7,85 €/L","img":"https://fd15-photos.leclercdrive.fr/image.ashx?id=2871949&use=l&cat=p&typeid=i","cat":284381},{"id":20183,"n":"Emmental français Entremont 45%mg - 250g","p":4.95,"u":"19,80 €/KG","img":"https://fd15-photos.leclercdrive.fr/image.ashx?id=2983138&use=l&cat=p&typeid=i","cat":314034},{"id":20195,"n":"Camembert Isigny Ste Mère Au lait cru - 250g","p":4.5,"u":"18,00 €/KG","img":"https://fd15-photos.leclercdrive.fr/image.ashx?id=2284415&use=l&cat=p&typeid=i","cat":314033},{"id":20198,"n":"Yaourts au lait entier Malo Vanille - 4x125g","p":3.49,"u":"6,98 €/KG","img":"https://fd15-photos.leclercdrive.fr/image.ashx?id=2684707&use=l&cat=p&typeid=i","cat":286006},{"id":20213,"n":"Camembert Cœur de Lion  8 portions - 240g","p":3.92,"u":"16,33 €/KG","img":"https://fd15-photos.leclercdrive.fr/image.ashx?id=2767962&use=l&cat=p&typeid=i","cat":314033},{"id":20214,"n":"Mousse Délisse Caramel beurre salé - 4x60g","p":2.25,"u":"9,38 €/KG","img":"https://fd15-photos.leclercdrive.fr/image.ashx?id=3009511&use=l&cat=p&typeid=i","cat":284417},{"id":20217,"n":"Préparation pour crème brûlée Délisse - 2x100g","p":2.99,"u":"14,95 €/KG","img":"https://fd15-photos.leclercdrive.fr/image.ashx?id=2686464&use=l&cat=p&typeid=i","cat":284419},{"id":20218,"n":"Mozzarella vache Casa Azzurra Boule - 125g","p":2.69,"u":"21,52 €/KG","img":"https://fd15-photos.leclercdrive.fr/image.ashx?id=2904302&use=l&cat=p&typeid=i","cat":314026},{"id":20221,"n":"Mascarpone Casa Azzurra 250g","p":3.15,"u":"12,60 €/KG","img":"https://fd15-photos.leclercdrive.fr/image.ashx?id=2290266&use=l&cat=p&typeid=i","cat":314026},{"id":20222,"n":"Ricotta Casa Azzurra 250g","p":2.09,"u":"8,36 €/KG","img":"https://fd15-photos.leclercdrive.fr/image.ashx?id=1849630&use=l&cat=p&typeid=i","cat":314026},{"id":20223,"n":"Riz au lait Délisse  Nature - 4x115g","p":2.05,"u":"4,46 €/KG","img":"https://fd15-photos.leclercdrive.fr/image.ashx?id=2595104&use=l&cat=p&typeid=i","cat":284418},{"id":20228,"n":"Crème aux oeufs Délisse Lit caramel - 4x100g","p":2.98,"u":"7,45 €/KG","img":"https://fd15-photos.leclercdrive.fr/image.ashx?id=2340003&use=l&cat=p&typeid=i","cat":284419},{"id":20239,"n":"Gâteaux fourrés P'tit Déli Chocolat x7 - 189g","p":3.29,"u":"17,41 €/KG","img":"https://fd15-photos.leclercdrive.fr/image.ashx?id=2554517&use=l&cat=p&typeid=i","cat":284495},{"id":20247,"n":"Lait écrémé Bio Village Bio - UHT - Bouteille : 1L","p":1.45,"u":"1,45 €/L","img":"https://fd15-photos.leclercdrive.fr/image.ashx?id=2981918&use=l&cat=p&typeid=i","cat":284949},{"id":20267,"n":"Compote bio Bio Village Coupelle pomme poire - 4x100g","p":2.3,"u":"5,75 €/KG","img":"https://fd15-photos.leclercdrive.fr/image.ashx?id=2442710&use=l&cat=p&typeid=i","cat":284508},{"id":20288,"n":"Soufflés Snack's Tokapi Cacahuète - 55g","p":0.65,"u":"11,82 €/KG","img":"https://fd15-photos.leclercdrive.fr/image.ashx?id=2844517&use=l&cat=p&typeid=i","cat":284449},{"id":20300,"n":"Tarte Tomates Chèvre Courgette Côté Table - 400g","p":3.49,"u":"8,73 €/KG","img":"https://fd15-photos.leclercdrive.fr/image.ashx?id=2791767&use=l&cat=p&typeid=i","cat":284257},{"id":20306,"n":"Rillettes crabe Ronde des Mers 150g","p":3.45,"u":"23,00 €/KG","img":"https://fd15-photos.leclercdrive.fr/image.ashx?id=2981876&use=l&cat=p&typeid=i","cat":285191},{"id":20307,"n":"Crème glacée Bio Bio Village Vanille - Bac 450g","p":4.66,"u":"10,36 €/KG","img":"https://fd15-photos.leclercdrive.fr/image.ashx?id=2902570&use=l&cat=p&typeid=i","cat":284263},{"id":20309,"n":"Jambon supérieur Tradilège -25% de sel - Découenné x4-160g","p":3.19,"u":"19,94 €/KG","img":"https://fd15-photos.leclercdrive.fr/image.ashx?id=2153186&use=l&cat=p&typeid=i","cat":316009},{"id":20362,"n":"Coeurs filets merlu Pêche Océan MSC 4 à 5 pièces 400g","p":6.55,"u":"16,38 €/KG","img":"https://fd15-photos.leclercdrive.fr/image.ashx?id=2953725&use=l&cat=p&typeid=i","cat":319786},{"id":20375,"n":"Saucisson Justin Bridou Bâton de Berger Noisette - 250g","p":5.45,"u":"21,80 €/KG","img":"https://fd15-photos.leclercdrive.fr/image.ashx?id=2948054&use=l&cat=p&typeid=i","cat":316006},{"id":20376,"n":"Colin d'Alaska Marie Beurre citron thym - 400g","p":8.39,"u":"20,98 €/KG","img":"https://fd15-photos.leclercdrive.fr/image.ashx?id=2996809&use=l&cat=p&typeid=i","cat":319786},{"id":20380,"n":"Jambon cru 6 tranches Aoste sans conservateur - 165g","p":6.5,"u":"39,39 €/KG","img":"https://fd15-photos.leclercdrive.fr/image.ashx?id=2950285&use=l&cat=p&typeid=i","cat":316007},{"id":20385,"n":"Poêlée de riz Côté Table Saint jacques, crevettes - 600g","p":8.24,"u":"13,73 €/KG","img":"https://fd15-photos.leclercdrive.fr/image.ashx?id=2483614&use=l&cat=p&typeid=i","cat":284254},{"id":20397,"n":"Tagliatelles Weight Watchers Poulet champignons 300g","p":5.39,"u":"17,97 €/KG","img":"https://fd15-photos.leclercdrive.fr/image.ashx?id=2960759&use=l&cat=p&typeid=i","cat":333665},{"id":20408,"n":"Déodorant bille Carré homme Anti traces et transpirant 50ml","p":1.19,"u":"23,80 €/L","img":"https://fd15-photos.leclercdrive.fr/image.ashx?id=2596772&use=l&cat=p&typeid=i","cat":284618},{"id":20413,"n":"Petites gambas fettucine Marie Au pesto tomates confites 280g","p":5.99,"u":"21,39 €/KG","img":"https://fd15-photos.leclercdrive.fr/image.ashx?id=2921537&use=l&cat=p&typeid=i","cat":333665},{"id":20418,"n":"Cabillaud au citron Marie Printanière de légumes - 290g","p":4.99,"u":"17,21 €/KG","img":"https://fd15-photos.leclercdrive.fr/image.ashx?id=2317417&use=l&cat=p&typeid=i","cat":333665},{"id":20429,"n":"Clafoutis aux cerises Délisse 4x85g","p":3.38,"u":"9,94 €/KG","img":"https://fd15-photos.leclercdrive.fr/image.ashx?id=2891776&use=l&cat=p&typeid=i","cat":284419},{"id":20447,"n":"Chips Pom'lisse Nature - 350g","p":2.99,"u":"8,54 €/KG","img":"https://fd15-photos.leclercdrive.fr/image.ashx?id=2710786&use=l&cat=p&typeid=i","cat":284447},{"id":20452,"n":"Paëlla Valenciana Fleury Michon 400g","p":5.75,"u":"14,38 €/KG","img":"https://fd15-photos.leclercdrive.fr/image.ashx?id=2656739&use=l&cat=p&typeid=i","cat":333665},{"id":20468,"n":"Blanc de poulet Fleury Michon -25% de sel - x2 - 80g","p":2.15,"u":"26,88 €/KG","img":"https://fd15-photos.leclercdrive.fr/image.ashx?id=2885971&use=l&cat=p&typeid=i","cat":316010},{"id":20484,"n":"AOP Cabernet d'Anjou rosé Plessis-Duval - 75cl","p":8.59,"u":"11,45 €/L","img":"https://fd15-photos.leclercdrive.fr/image.ashx?id=2941035&use=l&cat=p&typeid=i","cat":289558},{"id":20488,"n":"Crème de cassis de Dijon Guyot 15%vol. - 70cl","p":13.99,"u":"19,99 €/L","img":"https://fd15-photos.leclercdrive.fr/image.ashx?id=1727598&use=l&cat=p&typeid=i","cat":286032},{"id":20489,"n":"Crème de pêche Héritier Guyot 15%vol. - 70cl","p":15.93,"u":"22,76 €/L","img":"https://fd15-photos.leclercdrive.fr/image.ashx?id=1739969&use=l&cat=p&typeid=i","cat":286032},{"id":20495,"n":"Boisson Jafaden Cranberry Light - 1L","p":2.95,"u":"2,95 €/L","img":"https://fd15-photos.leclercdrive.fr/image.ashx?id=2584014&use=l&cat=p&typeid=i","cat":284915},{"id":20501,"n":"Yaourts aux fruits Délisse Fruits Jaunes - 8x125g","p":3.99,"u":"3,99 €/KG","img":"https://fd15-photos.leclercdrive.fr/image.ashx?id=2533319&use=l&cat=p&typeid=i","cat":284410},{"id":20545,"n":"Haricots verts Bio Bio Village 600g","p":2.35,"u":"3,92 €/KG","img":"https://fd15-photos.leclercdrive.fr/image.ashx?id=1691291&use=l&cat=p&typeid=i","cat":319805},{"id":20603,"n":"Sauce à l'Echalote Rustica Déshydratée 33g","p":0.99,"u":"30,00 €/KG","img":"https://fd15-photos.leclercdrive.fr/image.ashx?id=2188835&use=l&cat=p&typeid=i","cat":288381},{"id":20605,"n":"Compote bio Bio Village Coupelle pomme - 4x100g","p":2.15,"u":"5,38 €/KG","img":"https://fd15-photos.leclercdrive.fr/image.ashx?id=2085275&use=l&cat=p&typeid=i","cat":284508},{"id":20612,"n":"Thon Pêche Océan A la catalane - 2x135g","p":2.59,"u":"9,59 €/KG","img":"https://fd15-photos.leclercdrive.fr/image.ashx?id=2941432&use=l&cat=p&typeid=i","cat":303867},{"id":20634,"n":"Lait céréales Blédidej 6 mois Vanille - 4x250ml","p":5.7,"u":"5,70 €/L","img":"https://fd15-photos.leclercdrive.fr/image.ashx?id=2921046&use=l&cat=p&typeid=i","cat":312226},{"id":20635,"n":"Litière agglomérante Catsan  Pour chat - 5L","p":11.45,"u":"2,29 €/L","img":"https://fd15-photos.leclercdrive.fr/image.ashx?id=2681925&use=l&cat=p&typeid=i","cat":284683},{"id":20642,"n":"Gants de ménage Mamison Taille L - x1 paire","p":1.79,"img":"https://fd15-photos.leclercdrive.fr/image.ashx?id=2635682&use=l&cat=p&typeid=i","cat":284668},{"id":20646,"n":"Filtre à thé Britley x30","p":2.9,"u":"0,10 €/P","img":"https://fd15-photos.leclercdrive.fr/image.ashx?id=2755058&use=l&cat=p&typeid=i","cat":293233},{"id":20653,"n":"Lait démaquillant Inell Peaux normales et mixtes 250ml","p":2.79,"u":"11,16 €/L","img":"https://fd15-photos.leclercdrive.fr/image.ashx?id=2691619&use=l&cat=p&typeid=i","cat":284603},{"id":20665,"n":"Saucisson sec Bio Village bio 200g","p":6.91,"u":"34,55 €/KG","img":"https://fd15-photos.leclercdrive.fr/image.ashx?id=2330511&use=l&cat=p&typeid=i","cat":316006},{"id":20683,"n":"Pommes duchesse Pom'lisse 750g","p":2.14,"u":"2,85 €/KG","img":"https://fd15-photos.leclercdrive.fr/image.ashx?id=2851577&use=l&cat=p&typeid=i","cat":319792},{"id":20684,"n":"Cordon bleu de poulet Eco+ 800g","p":6.69,"u":"8,36 €/KG","img":"https://fd15-photos.leclercdrive.fr/image.ashx?id=2779871&use=l&cat=p&typeid=i","cat":319780},{"id":20685,"n":"Purée 4 légumes Notre Jardin 750g","p":3.19,"u":"4,25 €/KG","img":"https://fd15-photos.leclercdrive.fr/image.ashx?id=2856160&use=l&cat=p&typeid=i","cat":319805},{"id":20686,"n":"Haricots plats Notre Jardin 1kg","p":2.29,"u":"2,29 €/KG","img":"https://fd15-photos.leclercdrive.fr/image.ashx?id=2431122&use=l&cat=p&typeid=i","cat":319805},{"id":20688,"n":"Tagliatelles carbonara Marie 330g","p":4.19,"u":"12,70 €/KG","img":"https://fd15-photos.leclercdrive.fr/image.ashx?id=2980920&use=l&cat=p&typeid=i","cat":333665},{"id":20692,"n":"Filet de saumon Fleury Michon purée de brocolis - 300g","p":6.39,"u":"21,30 €/KG","img":"https://fd15-photos.leclercdrive.fr/image.ashx?id=3003278&use=l&cat=p&typeid=i","cat":333665},{"id":20696,"n":"Sandwich Club Sodebo Simple&Bon  Jambon Emmental - 145g","p":3.4,"u":"23,45 €/KG","img":"https://fd15-photos.leclercdrive.fr/image.ashx?id=2851497&use=l&cat=p&typeid=i","cat":333658},{"id":20697,"n":"Sandwich Suédois Sodebo Jambon Cheddar 135g","p":4.59,"u":"34,00 €/KG","img":"https://fd15-photos.leclercdrive.fr/image.ashx?id=2912095&use=l&cat=p&typeid=i","cat":333658},{"id":20705,"n":"Salade Notre Jardin Coeurs de laitue - 70g","p":1.49,"u":"21,29 €/KG","img":"https://fd15-photos.leclercdrive.fr/image.ashx?id=2720166&use=l&cat=p&typeid=i","cat":284353},{"id":20706,"n":"Salade Notre jardin Bouquets de Mâche - 45g","p":1.89,"u":"42,00 €/KG","img":"https://fd15-photos.leclercdrive.fr/image.ashx?id=2850315&use=l&cat=p&typeid=i","cat":284353},{"id":20715,"n":"Betterave rouge Bio  Bio Village - 500g","p":1.65,"u":"3,30 €/KG","img":"https://fd15-photos.leclercdrive.fr/image.ashx?id=2888434&use=l&cat=p&typeid=i","cat":284352},{"id":20717,"n":"Sirop Frucci Cassis - 1L","p":4.89,"u":"4,89 €/L","img":"https://fd15-photos.leclercdrive.fr/image.ashx?id=2954079&use=l&cat=p&typeid=i","cat":295020},{"id":20718,"n":"Sirop Frucci Orgeat - 1L","p":4.59,"u":"4,59 €/L","img":"https://fd15-photos.leclercdrive.fr/image.ashx?id=2954085&use=l&cat=p&typeid=i","cat":295020},{"id":20721,"n":"Epinards Bonduelle Feuilles préservées - 750g","p":2.85,"u":"3,80 €/KG","img":"https://fd15-photos.leclercdrive.fr/image.ashx?id=2910028&use=l&cat=p&typeid=i","cat":319805},{"id":20724,"n":"Cheeseburger Charal 6x140g - 840g","p":12.9,"u":"15,36 €/KG","img":"https://fd15-photos.leclercdrive.fr/image.ashx?id=2741952&use=l&cat=p&typeid=i","cat":319822},{"id":20726,"n":"Yaourts Malo Nature Bio - 4x125g","p":3.15,"u":"6,30 €/KG","img":"https://fd15-photos.leclercdrive.fr/image.ashx?id=2908630&use=l&cat=p&typeid=i","cat":284409},{"id":20753,"n":"Mouchoirs The Original Kleenex® Etuis mini x24","p":6.53,"u":"0,27 €/P","img":"https://fd15-photos.leclercdrive.fr/image.ashx?id=2840301&use=l&cat=p&typeid=i","cat":284638},{"id":20758,"n":"Riz cantonais Tables du Monde 900g","p":4.36,"u":"4,84 €/KG","img":"https://fd15-photos.leclercdrive.fr/image.ashx?id=2903953&use=l&cat=p&typeid=i","cat":284254},{"id":20759,"n":"Purée de céleris Notre Jardin Nature 750g","p":1.87,"u":"2,49 €/KG","img":"https://fd15-photos.leclercdrive.fr/image.ashx?id=2856169&use=l&cat=p&typeid=i","cat":319805},{"id":20760,"n":"Légumes vapeurs Notre Jardin 2x200g","p":1.85,"u":"4,63 €/KG","img":"https://fd15-photos.leclercdrive.fr/image.ashx?id=2900106&use=l&cat=p&typeid=i","cat":319805},{"id":20762,"n":"Légumes vapeurs Notre Jardin Méditerranéens 2x200g","p":2.04,"u":"5,10 €/KG","img":"https://fd15-photos.leclercdrive.fr/image.ashx?id=2916689&use=l&cat=p&typeid=i","cat":319805},{"id":20785,"n":"Graisse de canard Montfort 320g","p":4.5,"u":"14,06 €/KG","img":"https://fd15-photos.leclercdrive.fr/image.ashx?id=2896156&use=l&cat=p&typeid=i","cat":316008},{"id":20786,"n":"Lait Bio demi-écrémé Grandlait Candia Bouteille - 4x50cl","p":6.27,"u":"3,14 €/L","img":"https://fd15-photos.leclercdrive.fr/image.ashx?id=2947039&use=l&cat=p&typeid=i","cat":284377},{"id":20789,"n":"Déodorant Carré Homme Anti-transpirant 200ml","p":1.85,"u":"9,25 €/L","img":"https://fd15-photos.leclercdrive.fr/image.ashx?id=2610693&use=l&cat=p&typeid=i","cat":284618},{"id":20792,"n":"Cire Institut Siliss Professionnelle - 400g","p":10.49,"u":"26,23 €/KG","img":"https://fd15-photos.leclercdrive.fr/image.ashx?id=2699684&use=l&cat=p&typeid=i","cat":325351},{"id":20811,"n":"Couronne de crevettes Delpierre ASC Sauce cocktail - 130g","p":11.5,"u":"88,46 €/KG","img":"https://fd15-photos.leclercdrive.fr/image.ashx?id=2958851&use=l&cat=p&typeid=i","cat":327284},{"id":20818,"n":"Tomate cocktail en grappe Panier du Primeur - 500g","p":3.99,"u":"7,98 €/KG","img":"https://fd15-photos.leclercdrive.fr/image.ashx?id=2649897&use=l&cat=p&typeid=i","cat":284352},{"id":20828,"n":"AOP Côtes de Bourg rouge Château du Bousquet - 75cl","p":15.09,"u":"20,12 €/L","img":"https://fd15-photos.leclercdrive.fr/image.ashx?id=2313942&use=l&cat=p&typeid=i","cat":289556},{"id":20862,"n":"Sauce Provençale Turini 190g","p":0.82,"u":"4,32 €/KG","img":"https://fd15-photos.leclercdrive.fr/image.ashx?id=2386152&use=l&cat=p&typeid=i","cat":287599},{"id":20863,"n":"Allumettes de bacon Herta Fumées 200g","p":3.67,"u":"18,35 €/KG","img":"https://fd15-photos.leclercdrive.fr/image.ashx?id=2876242&use=l&cat=p&typeid=i","cat":316011},{"id":20986,"n":"Sauce Napolitaine Turini 190g","p":0.86,"u":"4,53 €/KG","img":"https://fd15-photos.leclercdrive.fr/image.ashx?id=2552430&use=l&cat=p&typeid=i","cat":287599},{"id":20987,"n":"Liqueur Litchi Soho 15%vol. - 70cl","p":16.49,"u":"23,56 €/L","img":"https://fd15-photos.leclercdrive.fr/image.ashx?id=2971927&use=l&cat=p&typeid=i","cat":286032},{"id":21017,"n":"Poisson Pané Findus  Colin d'Alaska - x10 - 510g","p":6.58,"u":"12,90 €/KG","img":"https://fd15-photos.leclercdrive.fr/image.ashx?id=2735332&use=l&cat=p&typeid=i","cat":319788},{"id":21027,"n":"Sauce bolognaise Turini 190g","p":1.23,"u":"6,47 €/KG","img":"https://fd15-photos.leclercdrive.fr/image.ashx?id=2634869&use=l&cat=p&typeid=i","cat":287599},{"id":21200,"n":"Briquet Multi-usages Megalighter U140","p":5.9,"u":"1,48 €/P","img":"https://fd15-photos.leclercdrive.fr/image.ashx?id=2887614&use=l&cat=p&typeid=i","cat":300578},{"id":21218,"n":"Filtre à café Melitta 1x4 Bambou - x80","p":4.9,"u":"0,06 €/P","img":"https://fd15-photos.leclercdrive.fr/image.ashx?id=2219327&use=l&cat=p&typeid=i","cat":284751},{"id":21222,"n":"Déodorant Bille Homme Nivea Men Dry Impact 72H - 50ml","p":4.8,"u":"96,00 €/L","img":"https://fd15-photos.leclercdrive.fr/image.ashx?id=2865995&use=l&cat=p&typeid=i","cat":284618},{"id":21223,"n":"Déodorant Bille Homme Nivea Men Cool Kick 48H - 50ml","p":4.5,"u":"90,00 €/L","img":"https://fd15-photos.leclercdrive.fr/image.ashx?id=2945727&use=l&cat=p&typeid=i","cat":284618},{"id":21241,"n":"Spirales Insectivor Anti-moustiques - x10","p":2.09,"u":"0,21 €/P","img":"https://fd15-photos.leclercdrive.fr/image.ashx?id=2675682&use=l&cat=p&typeid=i","cat":298368},{"id":21266,"n":"Dentifrice Homéophytol Vademecum - 75ml","p":2.62,"u":"34,93 €/L","img":"https://fd15-photos.leclercdrive.fr/image.ashx?id=2499130&use=l&cat=p&typeid=i","cat":284612},{"id":21288,"n":"Délice de dinde Isla Délice Halal - 160g","p":3.05,"u":"19,06 €/KG","img":"https://fd15-photos.leclercdrive.fr/image.ashx?id=2305538&use=l&cat=p&typeid=i","cat":316013},{"id":21326,"n":"Tapenade olives noires NRT 90g","p":1.71,"u":"19,00 €/KG","img":"https://fd15-photos.leclercdrive.fr/image.ashx?id=2839959&use=l&cat=p&typeid=i","cat":284451},{"id":21337,"n":"IGP Comté Tolosan rosé Terreo 11.5% - 75cl","p":5.95,"u":"7,93 €/L","img":"https://fd15-photos.leclercdrive.fr/image.ashx?id=2602215&use=l&cat=p&typeid=i","cat":289558},{"id":21370,"n":"Emincés pour chat Tous mes amis Viande 4x390g","p":5.59,"u":"3,58 €/KG","img":"https://fd15-photos.leclercdrive.fr/image.ashx?id=2050669&use=l&cat=p&typeid=i","cat":285601},{"id":21437,"n":"AOP Corbières Vin rouge La Rougeante - 75cl","p":8.5,"u":"11,33 €/L","img":"https://fd15-photos.leclercdrive.fr/image.ashx?id=2559292&use=l&cat=p&typeid=i","cat":289556},{"id":21490,"n":"Vin mousseux Charles Volner Rosé 12%vol. 75cl","p":9.72,"u":"12,96 €/L","img":"https://fd15-photos.leclercdrive.fr/image.ashx?id=1592043&use=l&cat=p&typeid=i","cat":284544},{"id":21494,"n":"AOC Côtes de Provence Valestrel rosé - BIB 3L","p":34.44,"u":"11,48 €/L","img":"https://fd15-photos.leclercdrive.fr/image.ashx?id=2997763&use=l&cat=p&typeid=i","cat":289560},{"id":21495,"n":"Whisky Glen Grant 40%vol. étui - 70cl","p":29.99,"u":"42,84 €/L","img":"https://fd15-photos.leclercdrive.fr/image.ashx?id=2578654&use=l&cat=p&typeid=i","cat":284547},{"id":21573,"n":"Bonbons LUTTI Arlequin Original 250g","p":3.29,"u":"13,16 €/KG","img":"https://fd15-photos.leclercdrive.fr/image.ashx?id=2817422&use=l&cat=p&typeid=i","cat":304252},{"id":21574,"n":"Bonbons Lutti Menthise Fondant aux 2 menthes 250g","p":3.3,"u":"13,20 €/KG","img":"https://fd15-photos.leclercdrive.fr/image.ashx?id=2962167&use=l&cat=p&typeid=i","cat":304252},{"id":21588,"n":"Semoule Floraline 500g","p":3.45,"u":"6,90 €/KG","img":"https://fd15-photos.leclercdrive.fr/image.ashx?id=2968187&use=l&cat=p&typeid=i","cat":284429},{"id":21592,"n":"Filets de cabillaud Findus MSC - x10 - 510g","p":10.49,"u":"20,57 €/KG","img":"https://fd15-photos.leclercdrive.fr/image.ashx?id=2735329&use=l&cat=p&typeid=i","cat":319788},{"id":21606,"n":"Cornichons Maille extra fins 380g","p":5.29,"u":"13,92 €/KG","img":"https://fd15-photos.leclercdrive.fr/image.ashx?id=2945826&use=l&cat=p&typeid=i","cat":284458},{"id":21609,"n":"Cornichons Extra-Fins MAILLE 220g","p":4.35,"u":"19,77 €/KG","img":"https://fd15-photos.leclercdrive.fr/image.ashx?id=2945823&use=l&cat=p&typeid=i","cat":284458},{"id":21610,"n":"Lotion fraîcheur Inell Tonique - 250ml","p":1.94,"u":"7,76 €/L","img":"https://fd15-photos.leclercdrive.fr/image.ashx?id=2694172&use=l&cat=p&typeid=i","cat":284603},{"id":21611,"n":"Lotion douceur Inell Tonique - 250ml","p":2.29,"u":"9,16 €/L","img":"https://fd15-photos.leclercdrive.fr/image.ashx?id=2707561&use=l&cat=p&typeid=i","cat":284603},{"id":21612,"n":"Liquide vaisselle Eco+ Citron 1L","p":1.29,"u":"1,29 €/L","img":"https://fd15-photos.leclercdrive.fr/image.ashx?id=2042939&use=l&cat=p&typeid=i","cat":284655},{"id":21652,"n":"Biscuits P'tit Déli Galettes Suédoise chocolat 150g","p":3.05,"u":"20,33 €/KG","img":"https://fd15-photos.leclercdrive.fr/image.ashx?id=1951046&use=l&cat=p&typeid=i","cat":284490},{"id":21655,"n":"Boîtes chiens Lydog Mitonnées Agneau poulet veau - 3x410g","p":4.75,"u":"3,86 €/KG","img":"https://fd15-photos.leclercdrive.fr/image.ashx?id=2376001&use=l&cat=p&typeid=i","cat":288578},{"id":21658,"n":"Boîte chiens Lydog Terrines Cabillaud saumon - 1.2kg","p":3.75,"u":"3,02 €/KG","img":"https://fd15-photos.leclercdrive.fr/image.ashx?id=2493667&use=l&cat=p&typeid=i","cat":288578},{"id":21662,"n":"Boîte chiens Lydog Bouchées Poulet légumes - 1,2kg","p":2.75,"u":"2,29 €/KG","img":"https://fd15-photos.leclercdrive.fr/image.ashx?id=2548100&use=l&cat=p&typeid=i","cat":288578},{"id":21663,"n":"Bouchées au poulet foie et  aux carottes Lydog - 1.23kg","p":2.95,"u":"2,40 €/KG","img":"https://fd15-photos.leclercdrive.fr/image.ashx?id=2691225&use=l&cat=p&typeid=i","cat":288578},{"id":21676,"n":"Bûche de chèvre Ste Maure Sélection Soignon - 200g","p":4.95,"u":"24,75 €/KG","img":"https://fd15-photos.leclercdrive.fr/image.ashx?id=2799925&use=l&cat=p&typeid=i","cat":314031},{"id":21678,"n":"AOP Munster Ermitage 50%mg - 200g","p":4.65,"u":"23,25 €/KG","img":"https://fd15-photos.leclercdrive.fr/image.ashx?id=2311279&use=l&cat=p&typeid=i","cat":329558},{"id":21686,"n":"Saucisson sec Saint Azay Spécialité 200g","p":4.4,"u":"22,00 €/KG","img":"https://fd15-photos.leclercdrive.fr/image.ashx?id=2472053&use=l&cat=p&typeid=i","cat":316006},{"id":21687,"n":"Fromage Cheddar Burger Les Croisés 10 Tranches - 200g","p":1.79,"u":"8,95 €/KG","img":"https://fd15-photos.leclercdrive.fr/image.ashx?id=2946835&use=l&cat=p&typeid=i","cat":314028},{"id":21688,"n":"Fromage Emmental Croque Les Croisés 10 Tranches - 200g","p":1.75,"u":"8,75 €/KG","img":"https://fd15-photos.leclercdrive.fr/image.ashx?id=2967561&use=l&cat=p&typeid=i","cat":314028},{"id":21696,"n":"Fromage Gruyère NRT IGP 250g","p":6.05,"u":"24,20 €/KG","img":"https://fd15-photos.leclercdrive.fr/image.ashx?id=2466229&use=l&cat=p&typeid=i","cat":314034},{"id":21697,"n":"Fromage Raclette Savoie NRT  IGP - 400g","p":7.99,"u":"19,98 €/KG","img":"https://fd15-photos.leclercdrive.fr/image.ashx?id=1937939&use=l&cat=p&typeid=i","cat":314037},{"id":21701,"n":"Glace Eco+ Vanille - 500g","p":2.04,"u":"4,08 €/KG","img":"https://fd15-photos.leclercdrive.fr/image.ashx?id=2711580&use=l&cat=p&typeid=i","cat":284263},{"id":21702,"n":"Haricots verts Eco+ Très fins - 1kg","p":2.3,"u":"2,30 €/KG","img":"https://fd15-photos.leclercdrive.fr/image.ashx?id=2891767&use=l&cat=p&typeid=i","cat":319805},{"id":21703,"n":"Fromage frais Eco+ Nature 20%MG - 1kg","p":2.45,"u":"2,45 €/KG","img":"https://fd15-photos.leclercdrive.fr/image.ashx?id=2699919&use=l&cat=p&typeid=i","cat":284409},{"id":21772,"n":"Calissons d'Aix le Roy René 500g","p":14.94,"u":"29,88 €/KG","img":"https://fd15-photos.leclercdrive.fr/image.ashx?id=2395372&use=l&cat=p&typeid=i","cat":327606},{"id":21809,"n":"Boules chocolat Jacquot Praliné noir - 1kg","p":12.65,"u":"12,65 €/KG","img":"https://fd15-photos.leclercdrive.fr/image.ashx?id=2303303&use=l&cat=p&typeid=i","cat":327595},{"id":21877,"n":"Purée surgelée Pom'lisse Pommes de terre 750g","p":2.25,"u":"3,00 €/KG","img":"https://fd15-photos.leclercdrive.fr/image.ashx?id=2759777&use=l&cat=p&typeid=i","cat":319793},{"id":21878,"n":"Jambon cru Aoste Grandes tranches - 55g","p":3.61,"u":"65,64 €/KG","img":"https://fd15-photos.leclercdrive.fr/image.ashx?id=2555610&use=l&cat=p&typeid=i","cat":316007},{"id":21888,"n":"Fromage enfant Ficello Emmental à effilocher x8 - 168g","p":4.59,"u":"27,32 €/KG","img":"https://fd15-photos.leclercdrive.fr/image.ashx?id=2375379&use=l&cat=p&typeid=i","cat":314030},{"id":21911,"n":"Tomato Ketchup Heinz - 342g","p":1.94,"u":"5,67 €/KG","img":"https://fd15-photos.leclercdrive.fr/image.ashx?id=2955288&use=l&cat=p&typeid=i","cat":284455},{"id":22033,"n":"Gin Brighton's London Dry 37.5%vol - 70cl","p":13.49,"u":"19,27 €/L","img":"https://fd15-photos.leclercdrive.fr/image.ashx?id=2907183&use=l&cat=p&typeid=i","cat":284550},{"id":22037,"n":"Bière blonde Abbaye Alveringem 6.2%vol. - 75cl","p":4.49,"u":"5,99 €/L","img":"https://fd15-photos.leclercdrive.fr/image.ashx?id=2637901&use=l&cat=p&typeid=i","cat":334852},{"id":22112,"n":"Vodka Sobieski 37.5%vol - 70cl","p":16.75,"u":"23,93 €/L","img":"https://fd15-photos.leclercdrive.fr/image.ashx?id=2948474&use=l&cat=p&typeid=i","cat":284550},{"id":22114,"n":"Thon Pêche Océan Mayonnaise - 2x135g","p":2.85,"u":"10,56 €/KG","img":"https://fd15-photos.leclercdrive.fr/image.ashx?id=2943650&use=l&cat=p&typeid=i","cat":303867},{"id":22115,"n":"Cidre brut Les Goelleries Bretagne 4.5%vol. - 1,5L","p":3.85,"u":"2,57 €/L","img":"https://fd15-photos.leclercdrive.fr/image.ashx?id=2842274&use=l&cat=p&typeid=i","cat":334880},{"id":22141,"n":"Riz Basmati Comptoir du grain Sélection Riz long - 5x90g","p":2.49,"u":"5,53 €/KG","img":"https://fd15-photos.leclercdrive.fr/image.ashx?id=2076685&use=l&cat=p&typeid=i","cat":284428},{"id":22143,"n":"Emincés Tous Mes Amis En sauce - 4x400g","p":4.5,"u":"2,81 €/KG","img":"https://fd15-photos.leclercdrive.fr/image.ashx?id=2050672&use=l&cat=p&typeid=i","cat":285601},{"id":22206,"n":"Blanc de poulet Tradilège Tranché en sel réduit x2 80g","p":2.35,"u":"29,38 €/KG","img":"https://fd15-photos.leclercdrive.fr/image.ashx?id=2905946&use=l&cat=p&typeid=i","cat":316010},{"id":22207,"n":"Blanc de Poulet Tradilège -25% de sel - 4 Tranches - 160g","p":3.23,"u":"20,19 €/KG","img":"https://fd15-photos.leclercdrive.fr/image.ashx?id=2837090&use=l&cat=p&typeid=i","cat":316010},{"id":22208,"n":"Lait écrémé Bio Bio Village UHT - Bouteille : 6x1L","p":8.39,"u":"1,40 €/L","img":"https://fd15-photos.leclercdrive.fr/image.ashx?id=2970015&use=l&cat=p&typeid=i","cat":284949},{"id":22229,"n":"Terrines chats Tous mes ami Foie volaille - 800g","p":3.35,"u":"4,19 €/KG","img":"https://fd15-photos.leclercdrive.fr/image.ashx?id=2520032&use=l&cat=p&typeid=i","cat":285601},{"id":22362,"n":"Tomate ronde 1kg","p":4.99,"u":"4,99 €/KG","img":"https://fd15-photos.leclercdrive.fr/image.ashx?id=1633139&use=l&cat=p&typeid=i","cat":284352},{"id":22373,"n":"Carré pour la vaisselle Mamison x5","p":1.95,"img":"https://fd15-photos.leclercdrive.fr/image.ashx?id=2622010&use=l&cat=p&typeid=i","cat":284667},{"id":22382,"n":"AOC Champagne Charles Lafitte Brut Grande cuvée - 75cl","p":30.55,"u":"40,73 €/L","img":"https://fd15-photos.leclercdrive.fr/image.ashx?id=2105884&use=l&cat=p&typeid=i","cat":284542},{"id":22390,"n":"AOC Côtes du Rhône vin rouge Grégoire XI - BIB 10L","p":47.6,"u":"4,76 €/L","img":"https://fd15-photos.leclercdrive.fr/image.ashx?id=2723359&use=l&cat=p&typeid=i","cat":289560},{"id":22506,"n":"Yaourts aromatisés Délisse 4 saveurs - 8x125g","p":4.19,"u":"4,19 €/KG","img":"https://fd15-photos.leclercdrive.fr/image.ashx?id=2758713&use=l&cat=p&typeid=i","cat":286006},{"id":22512,"n":"Compote Douceur du Verger  Pomme Abricot - 4x100g","p":1.39,"u":"3,48 €/KG","img":"https://fd15-photos.leclercdrive.fr/image.ashx?id=1910619&use=l&cat=p&typeid=i","cat":284416},{"id":22565,"n":"Yaourt Malo Vanille lait entier 4x125g","p":3.49,"u":"6,98 €/KG","img":"https://fd15-photos.leclercdrive.fr/image.ashx?id=2908021&use=l&cat=p&typeid=i","cat":286006},{"id":22566,"n":"Yaourts Malo Nature - 4x125g","p":3.55,"u":"7,10 €/KG","img":"https://fd15-photos.leclercdrive.fr/image.ashx?id=2908018&use=l&cat=p&typeid=i","cat":284409},{"id":22567,"n":"Yaourt nature Malo 4x125g","p":3.59,"u":"7,18 €/KG","img":"https://fd15-photos.leclercdrive.fr/image.ashx?id=2771187&use=l&cat=p&typeid=i","cat":284409},{"id":22569,"n":"Yaourts au lait entier Malo Citron - 4x125g","p":3.49,"u":"6,98 €/KG","img":"https://fd15-photos.leclercdrive.fr/image.ashx?id=2682240&use=l&cat=p&typeid=i","cat":286006},{"id":22574,"n":"Fromage frais Malo Nature - 500g","p":2.95,"u":"5,90 €/KG","img":"https://fd15-photos.leclercdrive.fr/image.ashx?id=1745606&use=l&cat=p&typeid=i","cat":284409},{"id":22589,"n":"Fromage Petit Munster AOP  Nos Régions ont du Talent 200g","p":3.99,"u":"19,95 €/KG","img":"https://fd15-photos.leclercdrive.fr/image.ashx?id=2546098&use=l&cat=p&typeid=i","cat":329558},{"id":22596,"n":"IGP Pays d'Oc Merlot vin rouge Vieux Carion - 4x25 cl","p":8.01,"u":"8,01 €/L","img":"https://fd15-photos.leclercdrive.fr/image.ashx?id=2462894&use=l&cat=p&typeid=i","cat":289556},{"id":22653,"n":"Crème entière fluide UHT Bio Bio Village 30% MG - 25cl","p":2.89,"u":"11,56 €/L","img":"https://fd15-photos.leclercdrive.fr/image.ashx?id=2801795&use=l&cat=p&typeid=i","cat":284381},{"id":22654,"n":"Fromage St Nectaire NRT AOP  600g","p":11.29,"u":"18,82 €/KG","img":"https://fd15-photos.leclercdrive.fr/image.ashx?id=2550854&use=l&cat=p&typeid=i","cat":329184},{"id":22659,"n":"Cancoillotte nature NRT IGP 250g","p":2.65,"u":"10,60 €/KG","img":"https://fd15-photos.leclercdrive.fr/image.ashx?id=2663845&use=l&cat=p&typeid=i","cat":314037},{"id":22660,"n":"Cancoillotte à l'ail NRT IGP 250g","p":2.45,"u":"9,80 €/KG","img":"https://fd15-photos.leclercdrive.fr/image.ashx?id=2663848&use=l&cat=p&typeid=i","cat":314037},{"id":22689,"n":"Confiture extra bio Bio Village Fraises - 370g","p":3.1,"u":"8,38 €/KG","img":"https://fd15-photos.leclercdrive.fr/image.ashx?id=2965626&use=l&cat=p&typeid=i","cat":284480},{"id":22690,"n":"Confiture extra bio Bio Village Abricots - 370g","p":3.09,"u":"8,35 €/KG","img":"https://fd15-photos.leclercdrive.fr/image.ashx?id=2965629&use=l&cat=p&typeid=i","cat":284480},{"id":22700,"n":"Gâteau de semoule Yabon Nappage chocolat - 4x125g","p":6.55,"u":"13,10 €/KG","img":"https://fd15-photos.leclercdrive.fr/image.ashx?id=2642675&use=l&cat=p&typeid=i","cat":284506},{"id":22776,"n":"Plateau charcuterie Petitgas 4 saisons, assortiment - 300g","p":9.49,"u":"31,63 €/KG","img":"https://fd15-photos.leclercdrive.fr/image.ashx?id=2589338&use=l&cat=p&typeid=i","cat":316007},{"id":22786,"n":"Desserts lactés Délisse Chocolat caramel - 6x60g","p":1.8,"u":"5,00 €/KG","img":"https://fd15-photos.leclercdrive.fr/image.ashx?id=2318420&use=l&cat=p&typeid=i","cat":285041},{"id":22787,"n":"Saumon Ronde des Mers Petites tranches - 100g","p":6.49,"u":"64,90 €/KG","img":"https://fd15-photos.leclercdrive.fr/image.ashx?id=3004612&use=l&cat=p&typeid=i","cat":285188},{"id":22794,"n":"Chocolat Daim Milka Chocolat au lait daim - 145g","p":3.9,"u":"26,90 €/KG","img":"https://fd15-photos.leclercdrive.fr/image.ashx?id=3002288&use=l&cat=p&typeid=i","cat":304238},{"id":22799,"n":"Mayonnaise Lesieur 710g","p":3.75,"u":"5,28 €/KG","img":"https://fd15-photos.leclercdrive.fr/image.ashx?id=2917693&use=l&cat=p&typeid=i","cat":298295},{"id":22803,"n":"Brioche tranchée Epi d'Or Nature - 700g","p":4.69,"u":"6,70 €/KG","img":"https://fd15-photos.leclercdrive.fr/image.ashx?id=2860733&use=l&cat=p&typeid=i","cat":284478},{"id":22804,"n":"Boisson végétale Bio Village Soja nature bio - 1l","p":1.52,"u":"1,52 €/L","img":"https://fd15-photos.leclercdrive.fr/image.ashx?id=2372350&use=l&cat=p&typeid=i","cat":316067},{"id":22805,"n":"Boisson végétale Bio Village Soja vanille bio - 1l","p":1.77,"u":"1,77 €/L","img":"https://fd15-photos.leclercdrive.fr/image.ashx?id=2357707&use=l&cat=p&typeid=i","cat":316067},{"id":22835,"n":"Whisky single malt The Deveron 10 ans d'âge 40° - 70cl","p":30.5,"u":"43,57 €/L","img":"https://fd15-photos.leclercdrive.fr/image.ashx?id=2793710&use=l&cat=p&typeid=i","cat":284547},{"id":22867,"n":"AOP Champagne Tradition Brut C. de Cazanove  - 75cl","p":28.9,"u":"38,53 €/L","img":"https://fd15-photos.leclercdrive.fr/image.ashx?id=2050174&use=l&cat=p&typeid=i","cat":284542},{"id":22887,"n":"Beurre Bio Grand Fermage Doux - 82% MG - 250g","p":3.54,"u":"14,16 €/KG","img":"https://fd15-photos.leclercdrive.fr/image.ashx?id=2951842&use=l&cat=p&typeid=i","cat":284379},{"id":22893,"n":"Cidre doux Les Goelleries 2%vol. - 1,5L","p":3.45,"u":"2,30 €/L","img":"https://fd15-photos.leclercdrive.fr/image.ashx?id=2842280&use=l&cat=p&typeid=i","cat":334880},{"id":22900,"n":"Eau de Cologne Belles Saisons Lavande 250ml","p":1.99,"u":"7,96 €/L","img":"https://fd15-photos.leclercdrive.fr/image.ashx?id=2851655&use=l&cat=p&typeid=i","cat":291525},{"id":22906,"n":"Gel à raser Carré Homme Sensitive - 75ml","p":1.83,"u":"24,40 €/L","img":"https://fd15-photos.leclercdrive.fr/image.ashx?id=2762952&use=l&cat=p&typeid=i","cat":284617},{"id":22907,"n":"Bière blonde Abbaye Alveringem Canette - 6.2%vol. - 50cl","p":2.39,"u":"4,78 €/L","img":"https://fd15-photos.leclercdrive.fr/image.ashx?id=2637898&use=l&cat=p&typeid=i","cat":334852},{"id":22911,"n":"Gants de ménage Mamison Taille S 1 paire","p":1.67,"img":"https://fd15-photos.leclercdrive.fr/image.ashx?id=2635676&use=l&cat=p&typeid=i","cat":284668},{"id":22960,"n":"Gants de ménage Mamison Taille M 1 paire","p":1.93,"img":"https://fd15-photos.leclercdrive.fr/image.ashx?id=2635679&use=l&cat=p&typeid=i","cat":284668},{"id":22961,"n":"Gants Mamison spécial vaisselle Taille M 1 paire","p":1.5,"u":"0,75 €/P","img":"https://fd15-photos.leclercdrive.fr/image.ashx?id=2595098&use=l&cat=p&typeid=i","cat":284668},{"id":22962,"n":"Gants Mamison spécial vaisselle Taille L 1 paire","p":1.5,"u":"75,00 €/L","img":"https://fd15-photos.leclercdrive.fr/image.ashx?id=2946172&use=l&cat=p&typeid=i","cat":284668},{"id":22963,"n":"Gants Mamison ultra résistant Taille M 1 paire","p":2.79,"img":"https://fd15-photos.leclercdrive.fr/image.ashx?id=676218&use=l&cat=p&typeid=i","cat":284668},{"id":22964,"n":"Gants Mamison ultra résistant Taille L 1 paire","p":2.79,"img":"https://fd15-photos.leclercdrive.fr/image.ashx?id=606116&use=l&cat=p&typeid=i","cat":284668},{"id":22965,"n":"Gants Mamison ultra résistant Taille S 1 paire","p":2.79,"img":"https://fd15-photos.leclercdrive.fr/image.ashx?id=676222&use=l&cat=p&typeid=i","cat":284668},{"id":22967,"n":"Tampon à récurer Mamison Surfaces fragiles xs","p":1.5,"u":"0,75 €/P","img":"https://fd15-photos.leclercdrive.fr/image.ashx?id=2669699&use=l&cat=p&typeid=i","cat":284667},{"id":22968,"n":"Eponges grattantes Mamison Surfaces délicates x2","p":2.09,"u":"1,05 €/P","img":"https://fd15-photos.leclercdrive.fr/image.ashx?id=2202392&use=l&cat=p&typeid=i","cat":284667},{"id":22969,"n":"Lavette Mamison multi-usages Microfibre plusieurs coloris x2","p":1.49,"u":"0,75 €/P","img":"https://fd15-photos.leclercdrive.fr/image.ashx?id=2595095&use=l&cat=p&typeid=i","cat":284667},{"id":22975,"n":"Crème visage hydrante  Inell Peau normale - 50ml","p":3.09,"u":"61,80 €/L","img":"https://fd15-photos.leclercdrive.fr/image.ashx?id=1665784&use=l&cat=p&typeid=i","cat":325345},{"id":22976,"n":"Crème visage nourrissante Inell Peau sèche - 50ml","p":2.09,"u":"41,80 €/L","img":"https://fd15-photos.leclercdrive.fr/image.ashx?id=2771124&use=l&cat=p&typeid=i","cat":325345},{"id":22979,"n":"Gel nettoyant Inell visage Purifiant px norm. mixtes 150ml","p":2.09,"u":"13,93 €/L","img":"https://fd15-photos.leclercdrive.fr/image.ashx?id=1961443&use=l&cat=p&typeid=i","cat":284603},{"id":22981,"n":"Eau de Cologne Belles Saisons Fraîcheur 250ml","p":2.35,"u":"9,40 €/L","img":"https://fd15-photos.leclercdrive.fr/image.ashx?id=2949179&use=l&cat=p&typeid=i","cat":291525},{"id":22996,"n":"Nettoyant détachant Clair Tapis moquettes 600ml","p":2.51,"u":"4,18 €/L","img":"https://fd15-photos.leclercdrive.fr/image.ashx?id=2242721&use=l&cat=p&typeid=i","cat":284907},{"id":23000,"n":"Smoothie innocent fraise banane 750ml","p":3.78,"u":"5,04 €/L","img":"https://fd15-photos.leclercdrive.fr/image.ashx?id=2891241&use=l&cat=p&typeid=i","cat":285435},{"id":23001,"n":"Smoothie innocent mangue passion 750ml","p":4.15,"u":"5,53 €/L","img":"https://fd15-photos.leclercdrive.fr/image.ashx?id=2872123&use=l&cat=p&typeid=i","cat":285435},{"id":23003,"n":"Smoothie innocent ananas coco 750ml","p":3.8,"u":"5,07 €/L","img":"https://fd15-photos.leclercdrive.fr/image.ashx?id=2891244&use=l&cat=p&typeid=i","cat":285435},{"id":23028,"n":"Biscuits St Michel Cocottes Chocolat -  140g","p":2.55,"u":"18,21 €/KG","img":"https://fd15-photos.leclercdrive.fr/image.ashx?id=2949943&use=l&cat=p&typeid=i","cat":284487},{"id":23034,"n":"Sirop d'agave Sunny Bio Doseur - 500g","p":7.4,"u":"14,80 €/KG","img":"https://fd15-photos.leclercdrive.fr/image.ashx?id=2303837&use=l&cat=p&typeid=i","cat":287643},{"id":23122,"n":"Fromage enfant Ficello Emmental à effilocher x4 - 84g","p":2.49,"u":"29,64 €/KG","img":"https://fd15-photos.leclercdrive.fr/image.ashx?id=2409553&use=l&cat=p&typeid=i","cat":314030},{"id":23123,"n":"Fromage enfant Ficello Nature à effilocher x4 -84g","p":2.49,"u":"29,64 €/KG","img":"https://fd15-photos.leclercdrive.fr/image.ashx?id=2375373&use=l&cat=p&typeid=i","cat":314030},{"id":23131,"n":"Jambon sec Saint Azay 4 grandes tranches - 110g","p":3.48,"u":"31,64 €/KG","img":"https://fd15-photos.leclercdrive.fr/image.ashx?id=2921372&use=l&cat=p&typeid=i","cat":316007},{"id":23132,"n":"Pâte feuilletée Tablier Blanc Epaisse - 280g","p":1.59,"u":"5,68 €/KG","img":"https://fd15-photos.leclercdrive.fr/image.ashx?id=2635910&use=l&cat=p&typeid=i","cat":333681},{"id":23133,"n":"Pâte brisée Tablier Blanc Epaisse - 280g","p":1.54,"u":"5,50 €/KG","img":"https://fd15-photos.leclercdrive.fr/image.ashx?id=2635913&use=l&cat=p&typeid=i","cat":333681},{"id":23157,"n":"AOP Champagne Brut Nicolas Feuillatte - 75cl","p":43.05,"u":"57,40 €/L","img":"https://fd15-photos.leclercdrive.fr/image.ashx?id=2962791&use=l&cat=p&typeid=i","cat":284542},{"id":23168,"n":"Beurre léger Les Croisés Doux - 40% MG - 250g","p":2.39,"u":"9,56 €/KG","img":"https://fd15-photos.leclercdrive.fr/image.ashx?id=2839909&use=l&cat=p&typeid=i","cat":284379},{"id":23169,"n":"Papier toilette Mimosa Blanc - Ultra Moelleux - x6","p":5.67,"u":"0,95 €/P","img":"https://fd15-photos.leclercdrive.fr/image.ashx?id=2780674&use=l&cat=p&typeid=i","cat":284634},{"id":23170,"n":"Papier toilette Mimosa Décoré - Ultra Confort - x6","p":4.95,"u":"0,83 €/P","img":"https://fd15-photos.leclercdrive.fr/image.ashx?id=2434239&use=l&cat=p&typeid=i","cat":284634},{"id":23176,"n":"Pur jus de tomate Bio Village Bio - 1L","p":3.05,"u":"3,05 €/L","img":"https://fd15-photos.leclercdrive.fr/image.ashx?id=2954115&use=l&cat=p&typeid=i","cat":284523},{"id":23177,"n":"Pur jus Bio Village Bio Carotte - 1L","p":3.65,"u":"3,65 €/L","img":"https://fd15-photos.leclercdrive.fr/image.ashx?id=2901533&use=l&cat=p&typeid=i","cat":284523},{"id":23179,"n":"Pur jus 7 fruits Bio Village Bio - 1L","p":3.75,"u":"3,75 €/L","img":"https://fd15-photos.leclercdrive.fr/image.ashx?id=2901530&use=l&cat=p&typeid=i","cat":284917},{"id":23180,"n":"Rasoirs jetables Carré Homme 3 lames - x4","p":4.06,"img":"https://fd15-photos.leclercdrive.fr/image.ashx?id=2704666&use=l&cat=p&typeid=i","cat":284616},{"id":23181,"n":"Lames de rasoir Carré Homme 5 lames - x4","p":6.14,"img":"https://fd15-photos.leclercdrive.fr/image.ashx?id=2704663&use=l&cat=p&typeid=i","cat":284616},{"id":23182,"n":"Rasoirs jetables Siliss 3 lames - x4","p":3.96,"u":"0,99 €/P","img":"https://fd15-photos.leclercdrive.fr/image.ashx?id=2699438&use=l&cat=p&typeid=i","cat":325352},{"id":23188,"n":"Tomato Ketchup Heinz - 250g","p":1.71,"u":"6,84 €/KG","img":"https://fd15-photos.leclercdrive.fr/image.ashx?id=2943801&use=l&cat=p&typeid=i","cat":284455},{"id":23212,"n":"Compote Douceur du Verger Coupelle pomme framboise-4x100g","p":2.15,"u":"5,38 €/KG","img":"https://fd15-photos.leclercdrive.fr/image.ashx?id=2663494&use=l&cat=p&typeid=i","cat":284508},{"id":23215,"n":"Biscuits Cookies P'tit Déli Chocolat raisin cranberrie 200g","p":2.69,"u":"13,45 €/KG","img":"https://fd15-photos.leclercdrive.fr/image.ashx?id=2529593&use=l&cat=p&typeid=i","cat":325066},{"id":23216,"n":"Sauce Hollandaise Rustica 32g","p":0.69,"u":"21,56 €/KG","img":"https://fd15-photos.leclercdrive.fr/image.ashx?id=2188832&use=l&cat=p&typeid=i","cat":288381},{"id":23219,"n":"Sauce Pesto Turini Basilic - 185g","p":1.55,"u":"8,38 €/KG","img":"https://fd15-photos.leclercdrive.fr/image.ashx?id=2546248&use=l&cat=p&typeid=i","cat":287599},{"id":23220,"n":"Chips Pom'Lisse Légumes - 100g","p":2.19,"u":"21,90 €/KG","img":"https://fd15-photos.leclercdrive.fr/image.ashx?id=2919610&use=l&cat=p&typeid=i","cat":284447},{"id":23221,"n":"Sauce Tomates Turini Basilic - 420g","p":1.55,"u":"3,69 €/KG","img":"https://fd15-photos.leclercdrive.fr/image.ashx?id=2487458&use=l&cat=p&typeid=i","cat":287599},{"id":23225,"n":"Compote bio Bio Village Coupelle pomme fraise - 4x100g","p":2.84,"u":"7,10 €/KG","img":"https://fd15-photos.leclercdrive.fr/image.ashx?id=2475179&use=l&cat=p&typeid=i","cat":284508},{"id":23227,"n":"Chips Bio Village Bio - Nature - 125g","p":2.83,"u":"22,64 €/KG","img":"https://fd15-photos.leclercdrive.fr/image.ashx?id=2743834&use=l&cat=p&typeid=i","cat":284447},{"id":23228,"n":"Chips paysannes Bio Village Nature bio - 125g","p":3.19,"u":"25,52 €/KG","img":"https://fd15-photos.leclercdrive.fr/image.ashx?id=2770301&use=l&cat=p&typeid=i","cat":284447},{"id":23235,"n":"Papillotes Préparation Maggi Côtes de porc au barbecue - 18g","p":1.19,"u":"66,11 €/KG","img":"https://fd15-photos.leclercdrive.fr/image.ashx?id=2953971&use=l&cat=p&typeid=i","cat":288380},{"id":23244,"n":"Désodorisant frigo Bien Air Sans parfum 40g","p":2.0,"u":"50,00 €/KG","img":"https://fd15-photos.leclercdrive.fr/image.ashx?id=2287737&use=l&cat=p&typeid=i","cat":311628},{"id":23248,"n":"Tampons Doulys Compact Mini - x20","p":3.91,"u":"0,20 €/P","img":"https://fd15-photos.leclercdrive.fr/image.ashx?id=2965494&use=l&cat=p&typeid=i","cat":284626},{"id":23249,"n":"Savon de Marseille Epsil Textiles délicats 4x200g","p":3.5,"u":"4,38 €/KG","img":"https://fd15-photos.leclercdrive.fr/image.ashx?id=2379591&use=l&cat=p&typeid=i","cat":284651},{"id":23251,"n":"Bâtonnets allume-feu Silex Sans odeur x24","p":2.5,"u":"0,10 €/P","img":"https://fd15-photos.leclercdrive.fr/image.ashx?id=2670953&use=l&cat=p&typeid=i","cat":300578},{"id":23253,"n":"Nettoyant spray Clair Surpuissant - 750ml","p":3.05,"u":"4,07 €/L","img":"https://fd15-photos.leclercdrive.fr/image.ashx?id=2520831&use=l&cat=p&typeid=i","cat":325357},{"id":23254,"n":"Baume après-rasage Carré Homme Apaisant px sensibles 100ml","p":2.82,"u":"28,20 €/L","img":"https://fd15-photos.leclercdrive.fr/image.ashx?id=2854234&use=l&cat=p&typeid=i","cat":288147},{"id":23255,"n":"Déodorant Carré Homme Vétiver longue durée 200ml","p":1.67,"u":"8,35 €/L","img":"https://fd15-photos.leclercdrive.fr/image.ashx?id=2375992&use=l&cat=p&typeid=i","cat":284618},{"id":23256,"n":"Ramequins aluminium Elembal x12","p":1.15,"u":"0,10 €/P","img":"https://fd15-photos.leclercdrive.fr/image.ashx?id=2582522&use=l&cat=p&typeid=i","cat":334134},{"id":23268,"n":"Vin mousseux de France rosé  Muscador Doux 11.5%vol. - 75cl","p":4.92,"u":"6,56 €/L","img":"https://fd15-photos.leclercdrive.fr/image.ashx?id=2157055&use=l&cat=p&typeid=i","cat":284544},{"id":23271,"n":"Vin mousseux de France blanc Muscador doux 11.5% Vol 75cl","p":4.4,"u":"5,87 €/L","img":"https://fd15-photos.leclercdrive.fr/image.ashx?id=2157052&use=l&cat=p&typeid=i","cat":284544},{"id":23299,"n":"Boursin Nature 150g","p":2.87,"u":"19,13 €/KG","img":"https://fd15-photos.leclercdrive.fr/image.ashx?id=2229542&use=l&cat=p&typeid=i","cat":314029},{"id":23304,"n":"Feuilletés paniers Côté Table Saumon - 4x100g","p":4.89,"u":"12,23 €/KG","img":"https://fd15-photos.leclercdrive.fr/image.ashx?id=2549400&use=l&cat=p&typeid=i","cat":319776},{"id":23327,"n":"IGP vin blanc Côtes de Gascogne Bio Terrasses d'Autan 12% 75cl","p":7.04,"u":"9,39 €/L","img":"https://fd15-photos.leclercdrive.fr/image.ashx?id=2623485&use=l&cat=p&typeid=i","cat":289557},{"id":23336,"n":"Soufflés Grignot' Tokapi Bacon - 90g","p":1.09,"u":"12,11 €/KG","img":"https://fd15-photos.leclercdrive.fr/image.ashx?id=1034682&use=l&cat=p&typeid=i","cat":284449},{"id":23363,"n":"Lait bébé poudre Nidal Nestlé 1er âge - 0-6 mois - 800g","p":15.9,"u":"19,88 €/KG","img":"https://fd15-photos.leclercdrive.fr/image.ashx?id=2811638&use=l&cat=p&typeid=i","cat":284726},{"id":23365,"n":"Lait bébé 2A NIDAL GEST  6-12 mois - 800g","p":18.85,"u":"23,56 €/KG","img":"https://fd15-photos.leclercdrive.fr/image.ashx?id=2890799&use=l&cat=p&typeid=i","cat":284727},{"id":23371,"n":"Mozzarella Maxi Les Croisés - 250g","p":5.25,"u":"21,00 €/KG","img":"https://fd15-photos.leclercdrive.fr/image.ashx?id=2992534&use=l&cat=p&typeid=i","cat":314026},{"id":23411,"n":"Petits pains grillés Epi d'Or Froment - 400g","p":2.54,"u":"6,35 €/KG","img":"https://fd15-photos.leclercdrive.fr/image.ashx?id=2496413&use=l&cat=p&typeid=i","cat":284479},{"id":23412,"n":"Vermicelles Tables du Monde Haricot mungo - 100g","p":1.91,"u":"19,10 €/KG","img":"https://fd15-photos.leclercdrive.fr/image.ashx?id=2679723&use=l&cat=p&typeid=i","cat":288992},{"id":23419,"n":"Chocolat noir Equador Fourré mousse 160g","p":3.11,"u":"19,44 €/KG","img":"https://fd15-photos.leclercdrive.fr/image.ashx?id=2834299&use=l&cat=p&typeid=i","cat":284956},{"id":23429,"n":"Croquettes chat Tous mes amis Chatons - 2kg","p":6.79,"u":"3,40 €/KG","img":"https://fd15-photos.leclercdrive.fr/image.ashx?id=2710485&use=l&cat=p&typeid=i","cat":284680},{"id":23430,"n":"Croquettes chat Tous mes amis Lapin/volailles - 2kg","p":6.35,"u":"3,18 €/KG","img":"https://fd15-photos.leclercdrive.fr/image.ashx?id=2301605&use=l&cat=p&typeid=i","cat":284680},{"id":23432,"n":"Croquettes Lydog Petits chiens - Vollaile - 2kg","p":6.79,"u":"3,40 €/KG","img":"https://fd15-photos.leclercdrive.fr/image.ashx?id=2191126&use=l&cat=p&typeid=i","cat":294526},{"id":23433,"n":"Croquettes chiens Lydog Allégées - Volaille - 4kg","p":9.15,"u":"2,29 €/KG","img":"https://fd15-photos.leclercdrive.fr/image.ashx?id=1923562&use=l&cat=p&typeid=i","cat":284672},{"id":23434,"n":"Cacahuètes Tokapi Sans sel ajouté - 200g","p":1.3,"u":"6,50 €/KG","img":"https://fd15-photos.leclercdrive.fr/image.ashx?id=2858833&use=l&cat=p&typeid=i","cat":284448},{"id":23437,"n":"Maïs Notre Jardin Croquant - 285g","p":1.15,"u":"4,04 €/KG","img":"https://fd15-photos.leclercdrive.fr/image.ashx?id=2988048&use=l&cat=p&typeid=i","cat":312611},{"id":23438,"n":"Soufflés RingsTokapi Oignon - 60g","p":0.79,"u":"13,17 €/KG","img":"https://fd15-photos.leclercdrive.fr/image.ashx?id=2898838&use=l&cat=p&typeid=i","cat":284449},{"id":23439,"n":"Crème dessert Délisse Choco Billes bicompartiment 4x117g","p":2.89,"u":"6,18 €/KG","img":"https://fd15-photos.leclercdrive.fr/image.ashx?id=2965482&use=l&cat=p&typeid=i","cat":285041},{"id":23444,"n":"Quenelles Côté Table volaille Au naturel 255g","p":2.25,"u":"8,82 €/KG","img":"https://fd15-photos.leclercdrive.fr/image.ashx?id=2977870&use=l&cat=p&typeid=i","cat":284441},{"id":23449,"n":"Dessert fruitier pomme mangue Douceur du Verger s/sucre4x100g","p":2.49,"u":"6,23 €/KG","img":"https://fd15-photos.leclercdrive.fr/image.ashx?id=2683532&use=l&cat=p&typeid=i","cat":284416},{"id":23450,"n":"Yaourts aux fruits Délisse Fruits rouges - 8x125g","p":3.15,"u":"3,15 €/KG","img":"https://fd15-photos.leclercdrive.fr/image.ashx?id=2616736&use=l&cat=p&typeid=i","cat":284410},{"id":23452,"n":"Terrines chats Tous mes amis Viandes variées - 4x400g","p":5.69,"u":"3,56 €/KG","img":"https://fd15-photos.leclercdrive.fr/image.ashx?id=2865191&use=l&cat=p&typeid=i","cat":285601},{"id":23459,"n":"Sauce Béchamel Rustica Déshydratée - 60g","p":0.69,"u":"11,50 €/KG","img":"https://fd15-photos.leclercdrive.fr/image.ashx?id=2188838&use=l&cat=p&typeid=i","cat":288381},{"id":23485,"n":"Terrines de st Jacques Guyader 120g","p":5.89,"u":"49,08 €/KG","img":"https://fd15-photos.leclercdrive.fr/image.ashx?id=2504725&use=l&cat=p&typeid=i","cat":285191},{"id":23492,"n":"Bonbons sans sucres Confiséo Goût caramel - 120g","p":2.55,"u":"21,25 €/KG","img":"https://fd15-photos.leclercdrive.fr/image.ashx?id=2934670&use=l&cat=p&typeid=i","cat":304252},{"id":23493,"n":"Bonbons sans sucres Confiséo Goût café - 120g","p":2.79,"u":"23,25 €/KG","img":"https://fd15-photos.leclercdrive.fr/image.ashx?id=2934673&use=l&cat=p&typeid=i","cat":304252},{"id":23497,"n":"Bonbons Confiséo Acacia menthe eucalyptus 300g","p":3.15,"u":"10,50 €/KG","img":"https://fd15-photos.leclercdrive.fr/image.ashx?id=2934676&use=l&cat=p&typeid=i","cat":304252},{"id":23499,"n":"Huile Bio Village mélange 4 huiles biologiques - 75 cl","p":4.9,"u":"6,53 €/L","img":"https://fd15-photos.leclercdrive.fr/image.ashx?id=2882349&use=l&cat=p&typeid=i","cat":284453},{"id":23500,"n":"Bouillon de légumes Bio Village Bio - 8x10g","p":1.85,"u":"23,13 €/KG","img":"https://fd15-photos.leclercdrive.fr/image.ashx?id=1943409&use=l&cat=p&typeid=i","cat":288379},{"id":23502,"n":"Pâtés de campagne Tradilège Supérieur VPF 2x50g","p":1.52,"u":"15,20 €/KG","img":"https://fd15-photos.leclercdrive.fr/image.ashx?id=2771612&use=l&cat=p&typeid=i","cat":316008},{"id":23505,"n":"Tripes à la mode de Caen Férial 500g","p":9.5,"u":"19,00 €/KG","img":"https://fd15-photos.leclercdrive.fr/image.ashx?id=2451937&use=l&cat=p&typeid=i","cat":333666},{"id":23506,"n":"Tripes à la provençale Férial 500g","p":9.5,"u":"19,00 €/KG","img":"https://fd15-photos.leclercdrive.fr/image.ashx?id=2451940&use=l&cat=p&typeid=i","cat":333666},{"id":23522,"n":"Bûche de chèvre Les Croisés Format famililal 25%mg 300g","p":4.3,"u":"14,33 €/KG","img":"https://fd15-photos.leclercdrive.fr/image.ashx?id=2915293&use=l&cat=p&typeid=i","cat":314031},{"id":23545,"n":"Rösti McCain 800g","p":3.03,"u":"3,79 €/KG","img":"https://fd15-photos.leclercdrive.fr/image.ashx?id=2988728&use=l&cat=p&typeid=i","cat":319792},{"id":23546,"n":"Poêlée savoyarde Marie Aux lardons fumés - 900g","p":9.95,"u":"11,06 €/KG","img":"https://fd15-photos.leclercdrive.fr/image.ashx?id=2996782&use=l&cat=p&typeid=i","cat":319823},{"id":23552,"n":"Lait bébé poudre Nidal Nestlé 2e âge -6-12 mois - 800g","p":16.15,"u":"20,19 €/KG","img":"https://fd15-photos.leclercdrive.fr/image.ashx?id=2805597&use=l&cat=p&typeid=i","cat":284727},{"id":23553,"n":"Lait bébé 1A NIDAL GEST  0-6 mois - 800g","p":17.25,"u":"21,56 €/KG","img":"https://fd15-photos.leclercdrive.fr/image.ashx?id=2890796&use=l&cat=p&typeid=i","cat":284726},{"id":23594,"n":"Fromage raclette Les Croisés Saveur vin blanc - 26%mg - 250g","p":4.85,"u":"19,40 €/KG","img":"https://fd15-photos.leclercdrive.fr/image.ashx?id=2791791&use=l&cat=p&typeid=i","cat":314037},{"id":23595,"n":"Fromage raclette Les Croisés 3 poivres 26%mg 250g","p":3.8,"u":"15,20 €/KG","img":"https://fd15-photos.leclercdrive.fr/image.ashx?id=2791782&use=l&cat=p&typeid=i","cat":314037},{"id":23598,"n":"Fromage raclette Les Croisés Sans croûte - 28%mg - 400g","p":5.3,"u":"13,25 €/KG","img":"https://fd15-photos.leclercdrive.fr/image.ashx?id=2969752&use=l&cat=p&typeid=i","cat":314037},{"id":23618,"n":"Couscous Weight Watchers Oriental 300g","p":4.79,"u":"15,97 €/KG","img":"https://fd15-photos.leclercdrive.fr/image.ashx?id=2610915&use=l&cat=p&typeid=i","cat":333665},{"id":23628,"n":"Fond de volaille Rustica 110g","p":1.95,"u":"17,73 €/KG","img":"https://fd15-photos.leclercdrive.fr/image.ashx?id=2140914&use=l&cat=p&typeid=i","cat":288379},{"id":23630,"n":"Mouliné de carottes Régal Soupe Poireaux pommes de terre 1L","p":3.49,"u":"3,49 €/L","img":"https://fd15-photos.leclercdrive.fr/image.ashx?id=2607506&use=l&cat=p&typeid=i","cat":284462},{"id":23631,"n":"Chocolat noir Equador Mini carrés 72% cacao 200g","p":5.89,"u":"29,45 €/KG","img":"https://fd15-photos.leclercdrive.fr/image.ashx?id=2856483&use=l&cat=p&typeid=i","cat":284956},{"id":23632,"n":"Liégeois Délisse Caramel - 4x100g","p":2.19,"u":"5,48 €/KG","img":"https://fd15-photos.leclercdrive.fr/image.ashx?id=2884240&use=l&cat=p&typeid=i","cat":285042},{"id":23633,"n":"Crème dessert Délisse Vanille sur lit caramel 4x125g","p":2.51,"u":"5,02 €/KG","img":"https://fd15-photos.leclercdrive.fr/image.ashx?id=2441276&use=l&cat=p&typeid=i","cat":285041},{"id":23636,"n":"Bouillon de volaille Rustica Dégraissé - Tablettes 12x10g","p":1.05,"u":"8,75 €/KG","img":"https://fd15-photos.leclercdrive.fr/image.ashx?id=1880033&use=l&cat=p&typeid=i","cat":288379},{"id":23642,"n":"Huile spéciale fondue Rustica Aux aromates - 1L","p":4.86,"u":"4,86 €/L","img":"https://fd15-photos.leclercdrive.fr/image.ashx?id=2546245&use=l&cat=p&typeid=i","cat":284453},{"id":23709,"n":"Riz à la Cantonaise Marie 900g","p":9.4,"u":"10,44 €/KG","img":"https://fd15-photos.leclercdrive.fr/image.ashx?id=2996791&use=l&cat=p&typeid=i","cat":284254},{"id":23712,"n":"Saumon fumé Eco+ Atlantique - 200g","p":7.45,"u":"37,25 €/KG","img":"https://fd15-photos.leclercdrive.fr/image.ashx?id=2815725&use=l&cat=p&typeid=i","cat":285188},{"id":23715,"n":"Samoussa Tables du Monde Au boeuf - x4 - 220g","p":6.59,"u":"29,95 €/KG","img":"https://fd15-photos.leclercdrive.fr/image.ashx?id=2807190&use=l&cat=p&typeid=i","cat":333673},{"id":23717,"n":"Nem au poulet Traditions d'Asie Sauce nuoc mam - x4 - 280g","p":4.65,"u":"16,61 €/KG","img":"https://fd15-photos.leclercdrive.fr/image.ashx?id=2985222&use=l&cat=p&typeid=i","cat":333673},{"id":23725,"n":"Liquide vaisselle Eco+ Pomme - 1L","p":1.5,"u":"1,50 €/L","img":"https://fd15-photos.leclercdrive.fr/image.ashx?id=2044543&use=l&cat=p&typeid=i","cat":284655},{"id":23726,"n":"Aluminium Eco+ 30m","p":2.75,"u":"0,09 €/MT","img":"https://fd15-photos.leclercdrive.fr/image.ashx?id=2880216&use=l&cat=p&typeid=i","cat":334134},{"id":23727,"n":"Sacs poubelle 100L Eco+ x10","p":1.67,"u":"0,17 €/P","img":"https://fd15-photos.leclercdrive.fr/image.ashx?id=2793137&use=l&cat=p&typeid=i","cat":285168},{"id":23728,"n":"Huile de tournesol Eco+ 1L","p":2.18,"u":"2,18 €/L","img":"https://fd15-photos.leclercdrive.fr/image.ashx?id=2913636&use=l&cat=p&typeid=i","cat":284453},{"id":23729,"n":"Tomato Ketchup Eco+ 560g","p":1.33,"u":"2,38 €/KG","img":"https://fd15-photos.leclercdrive.fr/image.ashx?id=2954328&use=l&cat=p&typeid=i","cat":284455},{"id":23753,"n":"Alcool modifié Primoplast 70° 250ml","p":2.85,"u":"11,40 €/L","img":"https://fd15-photos.leclercdrive.fr/image.ashx?id=2856498&use=l&cat=p&typeid=i","cat":284630},{"id":23754,"n":"Eau oxygénée Primoplast 250ml","p":2.79,"u":"11,16 €/L","img":"https://fd15-photos.leclercdrive.fr/image.ashx?id=2832936&use=l&cat=p&typeid=i","cat":284630},{"id":23759,"n":"Vin de l'Union Européenne La Villageoise  11% Vol. - 1.5L","p":7.95,"u":"5,30 €/L","img":"https://fd15-photos.leclercdrive.fr/image.ashx?id=2153492&use=l&cat=p&typeid=i","cat":289556},{"id":23779,"n":"Camembert 21% MG Bio Bio Village - 250g","p":3.35,"u":"13,40 €/KG","img":"https://fd15-photos.leclercdrive.fr/image.ashx?id=2201492&use=l&cat=p&typeid=i","cat":314033},{"id":23782,"n":"Mi-bas voile résistant Tissaia Beige rosé taille unique - x3","p":2.4,"u":"0,80 €/P","img":"https://fd15-photos.leclercdrive.fr/image.ashx?id=2193353&use=l&cat=p&typeid=i","cat":334130},{"id":23788,"n":"Pizza Bio Bio Village 3 fromages - 380g","p":5.39,"u":"14,18 €/KG","img":"https://fd15-photos.leclercdrive.fr/image.ashx?id=2946202&use=l&cat=p&typeid=i","cat":284256},{"id":23791,"n":"Tartines craquantes Epi d'Or Au blé complet - 250g","p":1.8,"u":"7,20 €/KG","img":"https://fd15-photos.leclercdrive.fr/image.ashx?id=2843788&use=l&cat=p&typeid=i","cat":284479},{"id":23794,"n":"Pain grillé Epi d'Or Blé complet x24 - 500g","p":2.99,"u":"5,98 €/KG","img":"https://fd15-photos.leclercdrive.fr/image.ashx?id=2680545&use=l&cat=p&typeid=i","cat":284479},{"id":23798,"n":"Riz Risotto Comptoir du Grain 500g","p":2.45,"u":"4,90 €/KG","img":"https://fd15-photos.leclercdrive.fr/image.ashx?id=2363283&use=l&cat=p&typeid=i","cat":284428},{"id":23799,"n":"Riz rond Comptoir du Grain Dessert - 1kg","p":3.49,"u":"3,49 €/KG","img":"https://fd15-photos.leclercdrive.fr/image.ashx?id=1957084&use=l&cat=p&typeid=i","cat":284428},{"id":23881,"n":"Coulommiers Les Croisés  10 portions - 24%mg - 350g","p":3.99,"u":"11,40 €/KG","img":"https://fd15-photos.leclercdrive.fr/image.ashx?id=2339948&use=l&cat=p&typeid=i","cat":314033},{"id":23936,"n":"Fromage blanc jockey Stracciatella - 4x120g","p":3.49,"u":"7,27 €/KG","img":"https://fd15-photos.leclercdrive.fr/image.ashx?id=2280011&use=l&cat=p&typeid=i","cat":314999},{"id":23963,"n":"Beurre Tendre Les Croisés Demi-sel Allegé - 40% MG - 250g","p":2.53,"u":"10,12 €/KG","img":"https://fd15-photos.leclercdrive.fr/image.ashx?id=2839912&use=l&cat=p&typeid=i","cat":284379},{"id":23968,"n":"Roquefort AOP Les Croisés Tranché 150g","p":3.1,"u":"20,67 €/KG","img":"https://fd15-photos.leclercdrive.fr/image.ashx?id=2676537&use=l&cat=p&typeid=i","cat":314032},{"id":23972,"n":"Fusili Côté Snack Pâtes Bolognaise - 300g","p":3.47,"u":"11,57 €/KG","img":"https://fd15-photos.leclercdrive.fr/image.ashx?id=2650898&use=l&cat=p&typeid=i","cat":334983},{"id":23973,"n":"Fusili Côté Snack Pâtes Carbonara - 300g","p":3.45,"u":"11,50 €/KG","img":"https://fd15-photos.leclercdrive.fr/image.ashx?id=2517682&use=l&cat=p&typeid=i","cat":334983},{"id":24009,"n":"Crackers Tuc Fromage - 100g","p":1.58,"u":"15,80 €/KG","img":"https://fd15-photos.leclercdrive.fr/image.ashx?id=3002291&use=l&cat=p&typeid=i","cat":297000},{"id":24035,"n":"Echalotes semoule Rustica 36g","p":1.39,"u":"38,61 €/KG","img":"https://fd15-photos.leclercdrive.fr/image.ashx?id=2772951&use=l&cat=p&typeid=i","cat":298297},{"id":24047,"n":"Yaourts aromatisés Délisse Vanille - 4x125g","p":2.09,"u":"4,18 €/KG","img":"https://fd15-photos.leclercdrive.fr/image.ashx?id=2758710&use=l&cat=p&typeid=i","cat":286006},{"id":24049,"n":"Pâtée chats Tous mes amis Thon en sauce - 80g","p":1.49,"u":"18,63 €/KG","img":"https://fd15-photos.leclercdrive.fr/image.ashx?id=2450306&use=l&cat=p&typeid=i","cat":285601},{"id":24050,"n":"Pâtée chats Tous mes amis Poulet en sauce - 80g","p":1.69,"u":"21,13 €/KG","img":"https://fd15-photos.leclercdrive.fr/image.ashx?id=2450309&use=l&cat=p&typeid=i","cat":285601},{"id":24051,"n":"Pâtée pour chats Tous mes amis Thon aux crevettes - 80g","p":1.69,"u":"21,13 €/KG","img":"https://fd15-photos.leclercdrive.fr/image.ashx?id=1971897&use=l&cat=p&typeid=i","cat":285601},{"id":24081,"n":"Mayonnaise Fins Gourmets MAILLE Bocal - 320g","p":3.5,"u":"10,94 €/KG","img":"https://fd15-photos.leclercdrive.fr/image.ashx?id=2812750&use=l&cat=p&typeid=i","cat":298295},{"id":24082,"n":"Mayonnaise Fine MAILLE Qualité Traiteur Bocal - 320g","p":3.5,"u":"10,94 €/KG","img":"https://fd15-photos.leclercdrive.fr/image.ashx?id=2908369&use=l&cat=p&typeid=i","cat":298295},{"id":24085,"n":"Pizza la Moelleuse Turini Royale - 600g","p":6.09,"u":"10,15 €/KG","img":"https://fd15-photos.leclercdrive.fr/image.ashx?id=1694668&use=l&cat=p&typeid=i","cat":284256},{"id":24088,"n":"Pizza la Moelleuse Turini 6 Fromages - 600g","p":6.09,"u":"10,15 €/KG","img":"https://fd15-photos.leclercdrive.fr/image.ashx?id=2815638&use=l&cat=p&typeid=i","cat":284256},{"id":24160,"n":"Riz Comptoir du Grain 3 Riz Long/Rouge/Sauvage - 500g","p":2.21,"u":"4,42 €/KG","img":"https://fd15-photos.leclercdrive.fr/image.ashx?id=2549403&use=l&cat=p&typeid=i","cat":284428},{"id":24162,"n":"Vinaigre balsamique Bio Village Bio 50cl","p":2.44,"u":"4,88 €/L","img":"https://fd15-photos.leclercdrive.fr/image.ashx?id=2865206&use=l&cat=p&typeid=i","cat":298543},{"id":24164,"n":"Thé vert Briley 32.5g","p":1.59,"u":"49,69 €/KG","img":"https://fd15-photos.leclercdrive.fr/image.ashx?id=2645939&use=l&cat=p&typeid=i","cat":293233},{"id":24186,"n":"Bandes à découper Mercurochrome 5 bandes - 10x6cm","p":2.89,"img":"https://fd15-photos.leclercdrive.fr/image.ashx?id=2862152&use=l&cat=p&typeid=i","cat":284630},{"id":24350,"n":"Lingettes rince doigt Clair x24","p":2.99,"u":"0,12 €/P","img":"https://fd15-photos.leclercdrive.fr/image.ashx?id=2949418&use=l&cat=p&typeid=i","cat":325358},{"id":24390,"n":"Pétales de blé Eco+ Chocolat - 750g","p":3.25,"u":"4,33 €/KG","img":"https://fd15-photos.leclercdrive.fr/image.ashx?id=2756831&use=l&cat=p&typeid=i","cat":309513},{"id":24403,"n":"Vodka Novotna Pure grain 37.5%vol - 1L","p":21.84,"u":"21,84 €/L","img":"https://fd15-photos.leclercdrive.fr/image.ashx?id=784848&use=l&cat=p&typeid=i","cat":284550},{"id":24410,"n":"Bonbons Copains Copines Tendres fruits - 360 g","p":2.45,"u":"6,81 €/KG","img":"https://fd15-photos.leclercdrive.fr/image.ashx?id=2934694&use=l&cat=p&typeid=i","cat":304250},{"id":24418,"n":"Sauces gourmandes Rustica Pour viande 4 saveurs - 4x90g","p":3.25,"u":"9,03 €/KG","img":"https://fd15-photos.leclercdrive.fr/image.ashx?id=2275513&use=l&cat=p&typeid=i","cat":318430},{"id":24419,"n":"Caramels durs Confiséo A la crème fraîche - 175g","p":2.01,"u":"11,49 €/KG","img":"https://fd15-photos.leclercdrive.fr/image.ashx?id=2934691&use=l&cat=p&typeid=i","cat":304252},{"id":24474,"n":"Petites crevettes roses Pêche Océan - 125g","p":4.99,"u":"39,92 €/KG","img":"https://fd15-photos.leclercdrive.fr/image.ashx?id=2953635&use=l&cat=p&typeid=i","cat":284343},{"id":24492,"n":"Blanc de poulet Tradilège Doré à la broche - 120g","p":2.15,"u":"17,92 €/KG","img":"https://fd15-photos.leclercdrive.fr/image.ashx?id=2765858&use=l&cat=p&typeid=i","cat":316010},{"id":24495,"n":"Capsules Nescafé Dolce Gusto  Nesquik - x16","p":7.35,"u":"28,71 €/KG","img":"https://fd15-photos.leclercdrive.fr/image.ashx?id=2946634&use=l&cat=p&typeid=i","cat":293239},{"id":24642,"n":"Déodorant Rexona Confidence Stick anti-transpirant - 45ml","p":6.5,"u":"144,44 €/L","img":"https://fd15-photos.leclercdrive.fr/image.ashx?id=2738194&use=l&cat=p&typeid=i","cat":284595},{"id":24652,"n":"Déodorant Stick Rexona Anti- Transpirant CleanScent 96H 45ml","p":6.5,"u":"144,44 €/L","img":"https://fd15-photos.leclercdrive.fr/image.ashx?id=2895101&use=l&cat=p&typeid=i","cat":284595},{"id":24659,"n":"Secret de mousse la Laitière Chocolat au lait - 8x59g","p":3.69,"u":"7,82 €/KG","img":"https://fd15-photos.leclercdrive.fr/image.ashx?id=3007984&use=l&cat=p&typeid=i","cat":284417},{"id":24666,"n":"Roquefort AOP Société Fromage de brebis - 100g","p":3.89,"u":"38,90 €/KG","img":"https://fd15-photos.leclercdrive.fr/image.ashx?id=2729683&use=l&cat=p&typeid=i","cat":314032},{"id":24667,"n":"Fromage Lou Pérac Bleu de brebis 125g","p":3.85,"u":"30,80 €/KG","img":"https://fd15-photos.leclercdrive.fr/image.ashx?id=2270545&use=l&cat=p&typeid=i","cat":314031},{"id":24672,"n":"Lait Matin Léger Lactel Sans lactose écrémé - 6x1l","p":12.29,"u":"2,05 €/L","img":"https://fd15-photos.leclercdrive.fr/image.ashx?id=2883546&use=l&cat=p&typeid=i","cat":317169},{"id":24674,"n":"Dentifrice Dentamyl 2en1 blancheur 75ml","p":1.01,"u":"13,47 €/L","img":"https://fd15-photos.leclercdrive.fr/image.ashx?id=2613834&use=l&cat=p&typeid=i","cat":284612},{"id":24694,"n":"Brosses à dent souple Dentamyl x4","p":1.47,"u":"0,37 €/P","img":"https://fd15-photos.leclercdrive.fr/image.ashx?id=2790946&use=l&cat=p&typeid=i","cat":284614},{"id":24756,"n":"Préservatifs Plug'In Classiques - x24","p":4.28,"u":"0,18 €/P","img":"https://fd15-photos.leclercdrive.fr/image.ashx?id=2856181&use=l&cat=p&typeid=i","cat":284631},{"id":24759,"n":"Mini nems Tables du Monde porc x5/poulet x5 +sauce - 220g","p":4.3,"u":"19,55 €/KG","img":"https://fd15-photos.leclercdrive.fr/image.ashx?id=2613276&use=l&cat=p&typeid=i","cat":333673},{"id":24790,"n":"Oeufs De Nos Villages Plein air - Gros - x6","p":2.79,"u":"0,47 €/P","img":"https://fd15-photos.leclercdrive.fr/image.ashx?id=2228927&use=l&cat=p&typeid=i","cat":284378},{"id":24843,"n":"Magret de canard Montfort Sous vide - 360g","p":16.45,"u":"45,69 €/KG","img":"https://fd15-photos.leclercdrive.fr/image.ashx?id=2730973&use=l&cat=p&typeid=i","cat":284339},{"id":24879,"n":"Boisson apéritif Voltano Base de vin Rosato 14.4%vol 1L","p":10.67,"u":"10,67 €/L","img":"https://fd15-photos.leclercdrive.fr/image.ashx?id=3007040&use=l&cat=p&typeid=i","cat":284913},{"id":24886,"n":"Bâtonnets Trium Vanille Spéculoos x4 - 280g","p":3.75,"u":"13,39 €/KG","img":"https://fd15-photos.leclercdrive.fr/image.ashx?id=2920770&use=l&cat=p&typeid=i","cat":284265},{"id":24906,"n":"Mozzarella mini billes  Les Croisés - 150g","p":4.3,"u":"28,67 €/KG","img":"https://fd15-photos.leclercdrive.fr/image.ashx?id=2463468&use=l&cat=p&typeid=i","cat":314026},{"id":24952,"n":"Savon Le Petit Olivier Huile d'olive 250g","p":3.65,"u":"14,60 €/KG","img":"https://fd15-photos.leclercdrive.fr/image.ashx?id=2144845&use=l&cat=p&typeid=i","cat":284597},{"id":24961,"n":"Soin de jour L'Oréal Paris Age Perfect anti-âge - 50ml","p":31.5,"u":"630,00 €/L","img":"https://fd15-photos.leclercdrive.fr/image.ashx?id=2868047&use=l&cat=p&typeid=i","cat":325345},{"id":24968,"n":"Fromage de chèvre Petit Billy 45%mg - 200g","p":3.48,"u":"17,40 €/KG","img":"https://fd15-photos.leclercdrive.fr/image.ashx?id=2543136&use=l&cat=p&typeid=i","cat":314031},{"id":24969,"n":"Bûche chèvre Soignon -25%sel - 180g","p":3.99,"u":"22,17 €/KG","img":"https://fd15-photos.leclercdrive.fr/image.ashx?id=2836484&use=l&cat=p&typeid=i","cat":314031},{"id":24970,"n":"Crottin de chèvre Rians 23%mg - 2x60g","p":3.32,"u":"27,67 €/KG","img":"https://fd15-photos.leclercdrive.fr/image.ashx?id=2762094&use=l&cat=p&typeid=i","cat":314031},{"id":24971,"n":"Fromage Le Chèvre Soignon Boîte - 180g","p":3.85,"u":"21,39 €/KG","img":"https://fd15-photos.leclercdrive.fr/image.ashx?id=2676723&use=l&cat=p&typeid=i","cat":314031},{"id":24972,"n":"Chèvre à dorer Les Croisés x4 - 100g","p":2.86,"u":"28,60 €/KG","img":"https://fd15-photos.leclercdrive.fr/image.ashx?id=2460592&use=l&cat=p&typeid=i","cat":314027},{"id":24976,"n":"Baguettine froment Jacquet Précuite  - 250g","p":1.99,"u":"7,96 €/KG","img":"https://fd15-photos.leclercdrive.fr/image.ashx?id=2886624&use=l&cat=p&typeid=i","cat":325069},{"id":25006,"n":"Sauce béchamel Maggi Saveur à l'ancienne sachet -60g","p":1.05,"u":"17,50 €/KG","img":"https://fd15-photos.leclercdrive.fr/image.ashx?id=2697297&use=l&cat=p&typeid=i","cat":288381},{"id":25007,"n":"Sauce poivre vert Maggi Saveur à l'ancienne sachet 30g","p":1.05,"u":"35,00 €/KG","img":"https://fd15-photos.leclercdrive.fr/image.ashx?id=3000429&use=l&cat=p&typeid=i","cat":288381},{"id":25024,"n":"Lait céréales Blédidej 9 mois Pain chocolat - 4x250ml","p":5.7,"u":"22,80 €/L","img":"https://fd15-photos.leclercdrive.fr/image.ashx?id=2921055&use=l&cat=p&typeid=i","cat":312226},{"id":25029,"n":"Assiette bébé bio Babybio Légumes agneau - 12 mois - 230g","p":3.1,"u":"13,48 €/KG","img":"https://fd15-photos.leclercdrive.fr/image.ashx?id=2855909&use=l&cat=p&typeid=i","cat":312237},{"id":25044,"n":"Nettoyant spray Clair Salle de bain - Mousse - 600ml","p":2.89,"u":"4,82 €/L","img":"https://fd15-photos.leclercdrive.fr/image.ashx?id=1705620&use=l&cat=p&typeid=i","cat":325357},{"id":25049,"n":"Lames de rasoir Carré Homme 3 lames - x4","p":4.5,"u":"1,13 €/P","img":"https://fd15-photos.leclercdrive.fr/image.ashx?id=2704624&use=l&cat=p&typeid=i","cat":284616},{"id":25051,"n":"Boulettes de boeuf Férial x30 - 900g","p":10.39,"u":"11,54 €/KG","img":"https://fd15-photos.leclercdrive.fr/image.ashx?id=2966520&use=l&cat=p&typeid=i","cat":319779},{"id":25061,"n":"Cornichons Rustica Vinaigre - 360g","p":3.75,"u":"10,42 €/KG","img":"https://fd15-photos.leclercdrive.fr/image.ashx?id=2799763&use=l&cat=p&typeid=i","cat":284458},{"id":25064,"n":"Film étirable Alfapac Extensible auto-adhérent 50m","p":2.84,"img":"https://fd15-photos.leclercdrive.fr/image.ashx?id=2918271&use=l&cat=p&typeid=i","cat":334134},{"id":25068,"n":"Oeufs frais De Nos Régions Plein Air - Label rouge - x6","p":4.29,"u":"0,72 €/P","img":"https://fd15-photos.leclercdrive.fr/image.ashx?id=2969725&use=l&cat=p&typeid=i","cat":284378},{"id":25069,"n":"Fromage à Tartiner St Môret  Nature Léger - 9 portions 180g","p":4.43,"u":"24,61 €/KG","img":"https://fd15-photos.leclercdrive.fr/image.ashx?id=2755453&use=l&cat=p&typeid=i","cat":314029},{"id":25072,"n":"Mascarpone Casa Azzurra 500g","p":7.5,"u":"15,00 €/KG","img":"https://fd15-photos.leclercdrive.fr/image.ashx?id=2290269&use=l&cat=p&typeid=i","cat":314026},{"id":25079,"n":"Mozzarella bufala Casa Azzurra Boule - 125g","p":3.99,"u":"31,92 €/KG","img":"https://fd15-photos.leclercdrive.fr/image.ashx?id=2899533&use=l&cat=p&typeid=i","cat":314026},{"id":25080,"n":"Parmigiano Reggiano AOP Les Croisés - 200G","p":5.5,"u":"27,50 €/KG","img":"https://fd15-photos.leclercdrive.fr/image.ashx?id=2903956&use=l&cat=p&typeid=i","cat":314034},{"id":25085,"n":"Lait bio Bio Village Bouteille  Demi-écrémé UHT -  6x50cl","p":6.09,"u":"2,03 €/L","img":"https://fd15-photos.leclercdrive.fr/image.ashx?id=2970006&use=l&cat=p&typeid=i","cat":284377},{"id":25093,"n":"Yaourts brassés Délisse Fruits jaunes - 8x125 g","p":3.09,"u":"3,09 €/KG","img":"https://fd15-photos.leclercdrive.fr/image.ashx?id=2495536&use=l&cat=p&typeid=i","cat":284410},{"id":25095,"n":"Yaourts brassés Délisse Fruits rouges - 8X125g","p":3.89,"u":"3,89 €/KG","img":"https://fd15-photos.leclercdrive.fr/image.ashx?id=2494217&use=l&cat=p&typeid=i","cat":284410},{"id":25124,"n":"Pur jus Multifruits Bio Village Bio - 6x20cl","p":5.39,"u":"4,49 €/L","img":"https://fd15-photos.leclercdrive.fr/image.ashx?id=2843626&use=l&cat=p&typeid=i","cat":284524},{"id":25125,"n":"Pur jus d'orange Bio Village Bio - 6x20cl","p":5.69,"u":"4,74 €/L","img":"https://fd15-photos.leclercdrive.fr/image.ashx?id=2671016&use=l&cat=p&typeid=i","cat":284521},{"id":25152,"n":"Confiture cerises Andros Allégée bocal 350g","p":4.7,"u":"13,43 €/KG","img":"https://fd15-photos.leclercdrive.fr/image.ashx?id=2423735&use=l&cat=p&typeid=i","cat":284480},{"id":25164,"n":"Crème dessert Délisse Chocolat noir 4x125g","p":2.04,"u":"4,08 €/KG","img":"https://fd15-photos.leclercdrive.fr/image.ashx?id=2694283&use=l&cat=p&typeid=i","cat":285041},{"id":25171,"n":"Lardons fumés Tradilège Moins 25% de sel 2x75g","p":2.1,"u":"14,00 €/KG","img":"https://fd15-photos.leclercdrive.fr/image.ashx?id=2955267&use=l&cat=p&typeid=i","cat":316011},{"id":25172,"n":"Sacs poubelle 30L Alfapac Ultra résistant Coulissac - x20","p":4.73,"u":"0,24 €/P","img":"https://fd15-photos.leclercdrive.fr/image.ashx?id=2732359&use=l&cat=p&typeid=i","cat":285168},{"id":25178,"n":"Confiture Bonne Maman Prunes bocal - 370g","p":3.13,"u":"8,46 €/KG","img":"https://fd15-photos.leclercdrive.fr/image.ashx?id=2574008&use=l&cat=p&typeid=i","cat":284480},{"id":25179,"n":"Confiture aux myrtilles Andros Allégée - 350g","p":6.05,"u":"17,29 €/KG","img":"https://fd15-photos.leclercdrive.fr/image.ashx?id=2915700&use=l&cat=p&typeid=i","cat":284480},{"id":25183,"n":"Confiture à l'orange Andros Allégée - 350g","p":2.99,"u":"8,54 €/KG","img":"https://fd15-photos.leclercdrive.fr/image.ashx?id=2398418&use=l&cat=p&typeid=i","cat":284480},{"id":25193,"n":"Dessert Déli'light Délisse Vanille - 8x125g","p":3.19,"u":"3,19 €/KG","img":"https://fd15-photos.leclercdrive.fr/image.ashx?id=2882319&use=l&cat=p&typeid=i","cat":315000},{"id":25203,"n":"Queues de crevettes Pêche Océan Décortiquées cuites 300g","p":6.99,"u":"23,30 €/KG","img":"https://fd15-photos.leclercdrive.fr/image.ashx?id=1976859&use=l&cat=p&typeid=i","cat":319787},{"id":25204,"n":"Petits pois d'aucy  Tendres et fondants - 560g","p":3.23,"u":"5,77 €/KG","img":"https://fd15-photos.leclercdrive.fr/image.ashx?id=2438126&use=l&cat=p&typeid=i","cat":312607},{"id":25205,"n":"Pois carottes D'aucy  Tendres et fondants -530g","p":3.25,"u":"6,13 €/KG","img":"https://fd15-photos.leclercdrive.fr/image.ashx?id=2426367&use=l&cat=p&typeid=i","cat":312607},{"id":25207,"n":"Cornichons Rustica Extra fins - 185g","p":1.85,"u":"10,00 €/KG","img":"https://fd15-photos.leclercdrive.fr/image.ashx?id=2799760&use=l&cat=p&typeid=i","cat":284458},{"id":25283,"n":"Barres céréales Grany Pommes - 125g","p":3.65,"u":"29,20 €/KG","img":"https://fd15-photos.leclercdrive.fr/image.ashx?id=3002093&use=l&cat=p&typeid=i","cat":285869},{"id":25337,"n":"Café moulu L'Or Absolu 100% Arabica - 2x250g","p":19.85,"u":"39,70 €/KG","img":"https://fd15-photos.leclercdrive.fr/image.ashx?id=2294935&use=l&cat=p&typeid=i","cat":284750},{"id":25342,"n":"Céréales Trésor Kellogg's Chocolat au lait - 1kg","p":10.12,"u":"10,12 €/KG","img":"https://fd15-photos.leclercdrive.fr/image.ashx?id=2598319&use=l&cat=p&typeid=i","cat":309513},{"id":25361,"n":"Chocolat Pâtissier Nestlé Dessert : Caramel - 170g","p":4.3,"u":"25,29 €/KG","img":"https://fd15-photos.leclercdrive.fr/image.ashx?id=2902346&use=l&cat=p&typeid=i","cat":285562},{"id":25370,"n":"Tablette chocolat Côte d'Or Chocolat lait/Noisettes - 200g","p":7.63,"u":"38,15 €/KG","img":"https://fd15-photos.leclercdrive.fr/image.ashx?id=2961218&use=l&cat=p&typeid=i","cat":284497},{"id":25372,"n":"Tablette chocolat Milka Au lait du pays Alpin - 200g","p":4.1,"u":"20,50 €/KG","img":"https://fd15-photos.leclercdrive.fr/image.ashx?id=2994455&use=l&cat=p&typeid=i","cat":284497},{"id":25385,"n":"Tablette chocolat Côte d'Or Chocolat lait/praliné - 200g","p":4.95,"u":"24,75 €/KG","img":"https://fd15-photos.leclercdrive.fr/image.ashx?id=2938076&use=l&cat=p&typeid=i","cat":284497},{"id":25393,"n":"Pâte à pizza Bio Bio village - 260g","p":2.19,"u":"8,42 €/KG","img":"https://fd15-photos.leclercdrive.fr/image.ashx?id=2879955&use=l&cat=p&typeid=i","cat":333681},{"id":25407,"n":"Bonbons LUTTI Luttimint Menthe - 250g","p":2.59,"u":"10,36 €/KG","img":"https://fd15-photos.leclercdrive.fr/image.ashx?id=2815019&use=l&cat=p&typeid=i","cat":304252},{"id":25408,"n":"Dragolo Haribo Sachet bonbons - 300g","p":3.15,"u":"10,50 €/KG","img":"https://fd15-photos.leclercdrive.fr/image.ashx?id=2803574&use=l&cat=p&typeid=i","cat":304250},{"id":25424,"n":"Pâtes Farfalle Panzani 1kg","p":2.89,"u":"2,89 €/KG","img":"https://fd15-photos.leclercdrive.fr/image.ashx?id=2876047&use=l&cat=p&typeid=i","cat":284427},{"id":25425,"n":"Biscuits apéritif Lay's 3D's Goût Cacahuetes - 85g","p":1.99,"u":"23,41 €/KG","img":"https://fd15-photos.leclercdrive.fr/image.ashx?id=2916824&use=l&cat=p&typeid=i","cat":284449},{"id":25426,"n":"Infusion détente Bio Village Bio - x20 - 30g","p":2.4,"u":"80,00 €/KG","img":"https://fd15-photos.leclercdrive.fr/image.ashx?id=2553929&use=l&cat=p&typeid=i","cat":293234},{"id":25432,"n":"Herbes de provence Ducros Boîte ménagère 40g","p":2.8,"u":"70,00 €/KG","img":"https://fd15-photos.leclercdrive.fr/image.ashx?id=2486548&use=l&cat=p&typeid=i","cat":298297},{"id":25446,"n":"Lait croissance Nidal Nestlé Dès 12 mois - 800g","p":12.95,"u":"16,19 €/KG","img":"https://fd15-photos.leclercdrive.fr/image.ashx?id=2806405&use=l&cat=p&typeid=i","cat":290219},{"id":25452,"n":"Sucettes au lait Chupa Chups Sachet - 192g","p":4.2,"u":"21,88 €/KG","img":"https://fd15-photos.leclercdrive.fr/image.ashx?id=2647648&use=l&cat=p&typeid=i","cat":304252},{"id":25465,"n":"Recharge distributeur Canderel Comprimés x600 - 51g","p":9.9,"u":"194,12 €/KG","img":"https://fd15-photos.leclercdrive.fr/image.ashx?id=2811008&use=l&cat=p&typeid=i","cat":324846},{"id":25485,"n":"Miel de fleurs Lune de Miel Spécialités 500g","p":7.6,"u":"15,20 €/KG","img":"https://fd15-photos.leclercdrive.fr/image.ashx?id=2972409&use=l&cat=p&typeid=i","cat":287643},{"id":25491,"n":"Confiture Bonne Maman 4 fruits rouges 750g","p":7.82,"u":"10,43 €/KG","img":"https://fd15-photos.leclercdrive.fr/image.ashx?id=2663896&use=l&cat=p&typeid=i","cat":284480},{"id":25500,"n":"Recharge Dentamyl x2 Pour brosse à dents à pile","p":2.16,"u":"1,08 €/P","img":"https://fd15-photos.leclercdrive.fr/image.ashx?id=1872582&use=l&cat=p&typeid=i","cat":297133},{"id":25527,"n":"Boisson aux fruits Oasis Multifruits - 2L","p":3.8,"u":"1,90 €/L","img":"https://fd15-photos.leclercdrive.fr/image.ashx?id=2688674&use=l&cat=p&typeid=i","cat":295018},{"id":25550,"n":"Soda Schweppes Indian Tonic Zero - 1,5L","p":3.25,"u":"2,17 €/L","img":"https://fd15-photos.leclercdrive.fr/image.ashx?id=2852393&use=l&cat=p&typeid=i","cat":284531},{"id":25561,"n":"Jus de fruits Tropicana Multivitaminés Essentiels - 1L","p":4.6,"u":"4,60 €/L","img":"https://fd15-photos.leclercdrive.fr/image.ashx?id=2605641&use=l&cat=p&typeid=i","cat":284917},{"id":25567,"n":"Jus d'orange Jafaden A base de concentré  - 2L","p":5.89,"u":"2,95 €/L","img":"https://fd15-photos.leclercdrive.fr/image.ashx?id=2751892&use=l&cat=p&typeid=i","cat":284521},{"id":25575,"n":"Limonade artisanale Lorina Bouteille - 1L","p":5.45,"u":"5,45 €/L","img":"https://fd15-photos.leclercdrive.fr/image.ashx?id=2735137&use=l&cat=p&typeid=i","cat":284531},{"id":25576,"n":"Limonade Cristal Lorina 1,25L","p":4.65,"u":"3,72 €/L","img":"https://fd15-photos.leclercdrive.fr/image.ashx?id=2575555&use=l&cat=p&typeid=i","cat":284531},{"id":25589,"n":"Nectar Bio Pressade Orange pêche abricot - 1,5L","p":4.85,"u":"3,23 €/L","img":"https://fd15-photos.leclercdrive.fr/image.ashx?id=2732503&use=l&cat=p&typeid=i","cat":284521},{"id":25593,"n":"Boisson aux fruits Capri Sun Multivitaminé - 10x20cl","p":5.61,"u":"2,81 €/L","img":"https://fd15-photos.leclercdrive.fr/image.ashx?id=2447067&use=l&cat=p&typeid=i","cat":295018},{"id":25596,"n":"Nectar Bio Pressade Multifruits - 6x20cl","p":4.29,"u":"3,58 €/L","img":"https://fd15-photos.leclercdrive.fr/image.ashx?id=2732518&use=l&cat=p&typeid=i","cat":284524},{"id":25609,"n":"Saucisses aux lentilles  William Saurin- 840g","p":4.65,"u":"5,54 €/KG","img":"https://fd15-photos.leclercdrive.fr/image.ashx?id=2890070&use=l&cat=p&typeid=i","cat":284441},{"id":25615,"n":"Concentré à diluer Pulco Agrumes - 70cl","p":3.44,"u":"4,91 €/L","img":"https://fd15-photos.leclercdrive.fr/image.ashx?id=2687851&use=l&cat=p&typeid=i","cat":295020},{"id":25620,"n":"Sirop Moulin de Valdonne Citron vert - 70cl","p":4.65,"u":"6,64 €/L","img":"https://fd15-photos.leclercdrive.fr/image.ashx?id=2842675&use=l&cat=p&typeid=i","cat":295020},{"id":25661,"n":"Rasoir Siliss 3 lames - +1 recharge","p":5.45,"img":"https://fd15-photos.leclercdrive.fr/image.ashx?id=2699411&use=l&cat=p&typeid=i","cat":325352},{"id":25663,"n":"Chips à l'ancienne Pom'Lisse Nature - 270g","p":2.79,"u":"10,33 €/KG","img":"https://fd15-photos.leclercdrive.fr/image.ashx?id=2724835&use=l&cat=p&typeid=i","cat":284447},{"id":25669,"n":"Pâtes de fruits rouges NRT   De Provence - 180g","p":5.95,"u":"33,06 €/KG","img":"https://fd15-photos.leclercdrive.fr/image.ashx?id=2771049&use=l&cat=p&typeid=i","cat":284499},{"id":25670,"n":"Pâtes de fruits jaunes NRT De Provence - 180g","p":5.39,"u":"29,94 €/KG","img":"https://fd15-photos.leclercdrive.fr/image.ashx?id=2771052&use=l&cat=p&typeid=i","cat":284499},{"id":25685,"n":"Bouillon Cube Maggi Boeuf - 180g","p":2.65,"u":"14,72 €/KG","img":"https://fd15-photos.leclercdrive.fr/image.ashx?id=2882896&use=l&cat=p&typeid=i","cat":288379},{"id":25686,"n":"Bouillon Cube Maggi Volaille - 180g","p":2.7,"u":"15,00 €/KG","img":"https://fd15-photos.leclercdrive.fr/image.ashx?id=2737003&use=l&cat=p&typeid=i","cat":288379},{"id":25709,"n":"Madeleines Ker Cadélac Extra moelleuses chocolat 600g","p":6.69,"u":"11,15 €/KG","img":"https://fd15-photos.leclercdrive.fr/image.ashx?id=2959934&use=l&cat=p&typeid=i","cat":284492},{"id":25729,"n":"Vinaigrette balsamique Puget Tomate séchée - 33cl","p":3.45,"u":"10,45 €/L","img":"https://fd15-photos.leclercdrive.fr/image.ashx?id=2912143&use=l&cat=p&typeid=i","cat":284456},{"id":25732,"n":"Huile d'olive Bio Puget Vierge extra - 75cl","p":16.99,"u":"22,65 €/L","img":"https://fd15-photos.leclercdrive.fr/image.ashx?id=2882761&use=l&cat=p&typeid=i","cat":284453},{"id":25738,"n":"Blanc de poulet Fleury Michon -25% de sel x4 - 160g","p":3.9,"u":"24,38 €/KG","img":"https://fd15-photos.leclercdrive.fr/image.ashx?id=2885974&use=l&cat=p&typeid=i","cat":316010},{"id":25741,"n":"Grana Padano AOP Les Croisés - 200g","p":4.65,"u":"23,25 €/KG","img":"https://fd15-photos.leclercdrive.fr/image.ashx?id=2954091&use=l&cat=p&typeid=i","cat":314034},{"id":25743,"n":"Mascarpone Les Croisés - 500g","p":3.99,"u":"7,98 €/KG","img":"https://fd15-photos.leclercdrive.fr/image.ashx?id=2123626&use=l&cat=p&typeid=i","cat":314026},{"id":25744,"n":"Nems au Poulet Tables du Monde  x4  - 280g","p":3.99,"u":"14,25 €/KG","img":"https://fd15-photos.leclercdrive.fr/image.ashx?id=2953338&use=l&cat=p&typeid=i","cat":333673},{"id":25746,"n":"Saucisse de volaille Tradilège  x10 350g","p":2.45,"u":"7,00 €/KG","img":"https://fd15-photos.leclercdrive.fr/image.ashx?id=2625110&use=l&cat=p&typeid=i","cat":316012},{"id":25748,"n":"Hachés au colin d'Alaska Pêche Océan - 200g","p":4.99,"u":"24,95 €/KG","img":"https://fd15-photos.leclercdrive.fr/image.ashx?id=2953623&use=l&cat=p&typeid=i","cat":284344},{"id":25749,"n":"Hachés au saumon Pêche Océan à la ciboulette - 200g","p":3.89,"u":"19,45 €/KG","img":"https://fd15-photos.leclercdrive.fr/image.ashx?id=2953632&use=l&cat=p&typeid=i","cat":284344},{"id":25751,"n":"Barres céréales moelleux Grany Fruits des bois - 192g","p":4.01,"u":"20,89 €/KG","img":"https://fd15-photos.leclercdrive.fr/image.ashx?id=2963916&use=l&cat=p&typeid=i","cat":285869},{"id":25753,"n":"Génoises fourrées Eco+ Framboise - 300g","p":2.68,"u":"8,93 €/KG","img":"https://fd15-photos.leclercdrive.fr/image.ashx?id=2808197&use=l&cat=p&typeid=i","cat":284489},{"id":25759,"n":"Barquettes chats Gourmet Gold Double délice luxe mix - 12x85g","p":10.19,"u":"9,99 €/KG","img":"https://fd15-photos.leclercdrive.fr/image.ashx?id=2857096&use=l&cat=p&typeid=i","cat":285286},{"id":25762,"n":"Bâtonnets Dentastix Pedigree Grand chien x28 - 1080g","p":16.8,"u":"15,56 €/KG","img":"https://fd15-photos.leclercdrive.fr/image.ashx?id=2924776&use=l&cat=p&typeid=i","cat":294527},{"id":25764,"n":"Olives noires Tramier Dénoyautées - 150g","p":2.29,"u":"15,27 €/KG","img":"https://fd15-photos.leclercdrive.fr/image.ashx?id=2840814&use=l&cat=p&typeid=i","cat":284458},{"id":25765,"n":"Céréales Nestlé Mix Chocapic, Lion, Nesquik x6","p":3.71,"u":"19,53 €/KG","img":"https://fd15-photos.leclercdrive.fr/image.ashx?id=2981364&use=l&cat=p&typeid=i","cat":309513},{"id":25779,"n":"Yaourts Lait de chèvre Soignon Nature - 4x125g","p":3.69,"u":"7,38 €/KG","img":"https://fd15-photos.leclercdrive.fr/image.ashx?id=2518250&use=l&cat=p&typeid=i","cat":314998},{"id":25793,"n":"AOP Côtes du Rhône rouge Cellier des Dauphins - BIB 3L","p":18.99,"u":"6,33 €/L","img":"https://fd15-photos.leclercdrive.fr/image.ashx?id=2830006&use=l&cat=p&typeid=i","cat":289560},{"id":25801,"n":"Lingettes Wc Syphon Désinfectantes x40","p":1.48,"img":"https://fd15-photos.leclercdrive.fr/image.ashx?id=2768092&use=l&cat=p&typeid=i","cat":325358},{"id":25802,"n":"Allumettes allégées Tradilège Fumées - 2x75g","p":2.69,"u":"17,93 €/KG","img":"https://fd15-photos.leclercdrive.fr/image.ashx?id=2816633&use=l&cat=p&typeid=i","cat":316011},{"id":25808,"n":"Protection incontinence Chorys Homme - Important - x20","p":5.35,"u":"0,27 €/P","img":"https://fd15-photos.leclercdrive.fr/image.ashx?id=2672933&use=l&cat=p&typeid=i","cat":291514},{"id":25817,"n":"Emincés de saumon fumé ASC Ronde des mers - 100g","p":8.39,"u":"83,90 €/KG","img":"https://fd15-photos.leclercdrive.fr/image.ashx?id=2953620&use=l&cat=p&typeid=i","cat":285188},{"id":25818,"n":"Émincés de saumon fumé ASC Ronde de mers - 100g","p":7.99,"u":"79,90 €/KG","img":"https://fd15-photos.leclercdrive.fr/image.ashx?id=2953617&use=l&cat=p&typeid=i","cat":285188},{"id":25821,"n":"Filets de Limande du Nord MSC Pêche Océan - 500g","p":6.91,"u":"13,82 €/KG","img":"https://fd15-photos.leclercdrive.fr/image.ashx?id=2807187&use=l&cat=p&typeid=i","cat":319786},{"id":25822,"n":"Fromage à tartiner Les Croisés Nature - 24%mg - 300g","p":2.15,"u":"7,17 €/KG","img":"https://fd15-photos.leclercdrive.fr/image.ashx?id=1975032&use=l&cat=p&typeid=i","cat":314029},{"id":25825,"n":"Fromage de brebis Les Croisés 210g","p":3.76,"u":"17,90 €/KG","img":"https://fd15-photos.leclercdrive.fr/image.ashx?id=2900112&use=l&cat=p&typeid=i","cat":329184},{"id":25828,"n":"Tagliatelles Fleury Michon saumon, crème ciboulette - 280g","p":5.45,"u":"19,46 €/KG","img":"https://fd15-photos.leclercdrive.fr/image.ashx?id=3003290&use=l&cat=p&typeid=i","cat":333665},{"id":25836,"n":"Choucroute garnie  William Saurin - 800g","p":5.95,"u":"7,44 €/KG","img":"https://fd15-photos.leclercdrive.fr/image.ashx?id=2890058&use=l&cat=p&typeid=i","cat":284441},{"id":25839,"n":"Couscous parfumé Tipiak Prêt en 5 min  - 500g","p":3.75,"u":"7,50 €/KG","img":"https://fd15-photos.leclercdrive.fr/image.ashx?id=2946937&use=l&cat=p&typeid=i","cat":284429},{"id":25841,"n":"Couscous Tipiak  Prêt en 1 min 30 s - 500g","p":2.5,"u":"5,00 €/KG","img":"https://fd15-photos.leclercdrive.fr/image.ashx?id=2640431&use=l&cat=p&typeid=i","cat":284429},{"id":25848,"n":"Lait de coco Suzi Wan 500ml","p":4.94,"u":"9,88 €/L","img":"https://fd15-photos.leclercdrive.fr/image.ashx?id=2892934&use=l&cat=p&typeid=i","cat":288992},{"id":25854,"n":"Mignonnettes Côte d'Or Chocolat noir /orange - 24x10g","p":8.75,"u":"36,46 €/KG","img":"https://fd15-photos.leclercdrive.fr/image.ashx?id=3009152&use=l&cat=p&typeid=i","cat":284499},{"id":25855,"n":"Noix d'epaule Tulip Boîte - 340g","p":5.45,"u":"16,03 €/KG","img":"https://fd15-photos.leclercdrive.fr/image.ashx?id=2465598&use=l&cat=p&typeid=i","cat":305149},{"id":25865,"n":"Préparation taboulé Tipiak Menthe citron olive - 350g","p":3.7,"u":"10,57 €/KG","img":"https://fd15-photos.leclercdrive.fr/image.ashx?id=2973862&use=l&cat=p&typeid=i","cat":284429},{"id":25868,"n":"Flocons d'avoine Quaker Oats Classic - 800g","p":4.41,"u":"5,51 €/KG","img":"https://fd15-photos.leclercdrive.fr/image.ashx?id=2344498&use=l&cat=p&typeid=i","cat":309512},{"id":25873,"n":"Rillettes à l'ancienne Hénaff Verrine - 180g","p":4.85,"u":"26,94 €/KG","img":"https://fd15-photos.leclercdrive.fr/image.ashx?id=2744989&use=l&cat=p&typeid=i","cat":305149},{"id":25879,"n":"Bâtonnets Dentastix Pedigree Petit chien x28 - 440g","p":10.95,"u":"24,89 €/KG","img":"https://fd15-photos.leclercdrive.fr/image.ashx?id=2877106&use=l&cat=p&typeid=i","cat":294527},{"id":25884,"n":"Carrés chocolat Côte d'Or Chocolat lait Noisettes -10x20g","p":7.42,"u":"37,10 €/KG","img":"https://fd15-photos.leclercdrive.fr/image.ashx?id=2826651&use=l&cat=p&typeid=i","cat":284497},{"id":25886,"n":"Carrés chocolat Côte d'Or Chocolat noir Noisettes -10x20g","p":8.6,"u":"43,00 €/KG","img":"https://fd15-photos.leclercdrive.fr/image.ashx?id=2826654&use=l&cat=p&typeid=i","cat":284956},{"id":25888,"n":"Tablette l'Original Côte d'Or Chocolat au lait - 2x200g","p":8.89,"u":"22,23 €/KG","img":"https://fd15-photos.leclercdrive.fr/image.ashx?id=2615484&use=l&cat=p&typeid=i","cat":284497},{"id":25893,"n":"Tablette chocolat Côte d'Or Chocolat noir - 200g","p":4.59,"u":"22,95 €/KG","img":"https://fd15-photos.leclercdrive.fr/image.ashx?id=2993119&use=l&cat=p&typeid=i","cat":284956},{"id":25894,"n":"Mignonnettes Côte d'Or Chocolat noir - 24x10g","p":8.7,"u":"36,25 €/KG","img":"https://fd15-photos.leclercdrive.fr/image.ashx?id=3009116&use=l&cat=p&typeid=i","cat":284499},{"id":25898,"n":"Chocolat Nougatti Côte d'Or Nougat/chocolat au lait -270g","p":6.55,"u":"24,26 €/KG","img":"https://fd15-photos.leclercdrive.fr/image.ashx?id=2612388&use=l&cat=p&typeid=i","cat":284498},{"id":25914,"n":"Tablette chocolat Côte d'Or Chocolat noir praliné - 200g","p":5.16,"u":"25,80 €/KG","img":"https://fd15-photos.leclercdrive.fr/image.ashx?id=2941943&use=l&cat=p&typeid=i","cat":284956},{"id":26014,"n":"Colin d'Alaska Marie Petites St Jacques Hisseo 900g","p":11.35,"u":"12,61 €/KG","img":"https://fd15-photos.leclercdrive.fr/image.ashx?id=2996758&use=l&cat=p&typeid=i","cat":319786},{"id":26026,"n":"Gel douche Eco+ Amande - 500ml","p":1.23,"u":"2,46 €/L","img":"https://fd15-photos.leclercdrive.fr/image.ashx?id=2979328&use=l&cat=p&typeid=i","cat":284594},{"id":26027,"n":"Gel douche Eco  Senteur vanille - 500ml","p":1.11,"u":"2,22 €/L","img":"https://fd15-photos.leclercdrive.fr/image.ashx?id=2079795&use=l&cat=p&typeid=i","cat":284594},{"id":26030,"n":"Masque Inell Film purifiant x2","p":1.48,"img":"https://fd15-photos.leclercdrive.fr/image.ashx?id=2691625&use=l&cat=p&typeid=i","cat":325346},{"id":26035,"n":"Bain de bouche Dentamyl Fraîcheur menthe - 500ml","p":2.11,"u":"4,22 €/L","img":"https://fd15-photos.leclercdrive.fr/image.ashx?id=2526604&use=l&cat=p&typeid=i","cat":284613},{"id":26038,"n":"Recharge savon mains Manava Crème Lait et miel - 250ml","p":0.95,"u":"3,80 €/L","img":"https://fd15-photos.leclercdrive.fr/image.ashx?id=2935489&use=l&cat=p&typeid=i","cat":284597},{"id":26040,"n":"Recharge savon mains Manava Gel spécial cuisine - 250ml","p":0.89,"u":"3,56 €/L","img":"https://fd15-photos.leclercdrive.fr/image.ashx?id=2618320&use=l&cat=p&typeid=i","cat":284597},{"id":26045,"n":"Activateur biologique Syphon Pour fosses septiques 26sachets","p":9.21,"img":"https://fd15-photos.leclercdrive.fr/image.ashx?id=2558805&use=l&cat=p&typeid=i","cat":284908},{"id":26065,"n":"Saucisson Petit Justin Bridou  Bâton de Berger Nature - 100g","p":2.85,"u":"28,50 €/KG","img":"https://fd15-photos.leclercdrive.fr/image.ashx?id=2851036&use=l&cat=p&typeid=i","cat":316006},{"id":26087,"n":"Fromage blanc sous mousse  gervita nature - 8x100g","p":6.99,"u":"8,74 €/KG","img":"https://fd15-photos.leclercdrive.fr/image.ashx?id=2265768&use=l&cat=p&typeid=i","cat":284409},{"id":26111,"n":"5 baies grains Sainte Lucie 250g","p":13.5,"u":"54,00 €/KG","img":"https://fd15-photos.leclercdrive.fr/image.ashx?id=2379703&use=l&cat=p&typeid=i","cat":284457},{"id":26112,"n":"5 baies Sainte Lucie Moulin -  40g","p":4.06,"u":"101,50 €/KG","img":"https://fd15-photos.leclercdrive.fr/image.ashx?id=2774460&use=l&cat=p&typeid=i","cat":284457},{"id":26119,"n":"Extrait naturel Sainte Lucie Vanille blister 20ml","p":5.3,"u":"265,00 €/L","img":"https://fd15-photos.leclercdrive.fr/image.ashx?id=2774963&use=l&cat=p&typeid=i","cat":284504},{"id":26122,"n":"Décor anniversaire Sainte Lucie 1 bougie + 10 chiffres + socle","p":4.35,"img":"https://fd15-photos.leclercdrive.fr/image.ashx?id=2774364&use=l&cat=p&typeid=i","cat":284504},{"id":26123,"n":"Décor rond Sainte Lucie Heureux anniversaire blister x1","p":4.45,"img":"https://fd15-photos.leclercdrive.fr/image.ashx?id=2776124&use=l&cat=p&typeid=i","cat":284504},{"id":26126,"n":"Echalote semoule Sainte Lucie Pot 180g","p":5.85,"u":"32,50 €/KG","img":"https://fd15-photos.leclercdrive.fr/image.ashx?id=2553635&use=l&cat=p&typeid=i","cat":298297},{"id":26137,"n":"Piment d'Espelette AOP Sainte Lucie - 50g","p":12.2,"u":"244,00 €/KG","img":"https://fd15-photos.leclercdrive.fr/image.ashx?id=2974342&use=l&cat=p&typeid=i","cat":298297},{"id":26138,"n":"Persillade Sainte Lucie 30g","p":5.95,"u":"198,33 €/KG","img":"https://fd15-photos.leclercdrive.fr/image.ashx?id=2774430&use=l&cat=p&typeid=i","cat":298297},{"id":26140,"n":"Poivre noir Sainte Lucie Moulin - 50g","p":4.67,"u":"93,40 €/KG","img":"https://fd15-photos.leclercdrive.fr/image.ashx?id=2774463&use=l&cat=p&typeid=i","cat":284457},{"id":26141,"n":"Poivre noir grains Sainte Lucie 245g","p":10.38,"u":"42,37 €/KG","img":"https://fd15-photos.leclercdrive.fr/image.ashx?id=2379706&use=l&cat=p&typeid=i","cat":284457},{"id":26142,"n":"Poivre noir moulu Sainte Lucie Saveurs préservées pot 250g","p":10.54,"u":"42,16 €/KG","img":"https://fd15-photos.leclercdrive.fr/image.ashx?id=2553641&use=l&cat=p&typeid=i","cat":284457},{"id":26144,"n":"Poivre noir moulu Sainte Lucie 18g","p":1.85,"u":"102,78 €/KG","img":"https://fd15-photos.leclercdrive.fr/image.ashx?id=1892870&use=l&cat=p&typeid=i","cat":284457},{"id":26150,"n":"Spéculoos Sainte Lucie Concassés 125g","p":3.45,"u":"27,60 €/KG","img":"https://fd15-photos.leclercdrive.fr/image.ashx?id=2144092&use=l&cat=p&typeid=i","cat":284504},{"id":26151,"n":"Sucre Eco+  En poudre - 1kg","p":2.5,"u":"2,50 €/KG","img":"https://fd15-photos.leclercdrive.fr/image.ashx?id=2702277&use=l&cat=p&typeid=i","cat":284502},{"id":26152,"n":"Salade Mexicaine Eco+ Au thon - 280g","p":2.15,"u":"7,68 €/KG","img":"https://fd15-photos.leclercdrive.fr/image.ashx?id=2884201&use=l&cat=p&typeid=i","cat":284437},{"id":26153,"n":"Salade Americaine Eco+ Au thon - 280g","p":1.87,"u":"6,68 €/KG","img":"https://fd15-photos.leclercdrive.fr/image.ashx?id=2873649&use=l&cat=p&typeid=i","cat":284437},{"id":26154,"n":"Salade Niçoise Eco+ Au thon - 280g","p":1.97,"u":"7,04 €/KG","img":"https://fd15-photos.leclercdrive.fr/image.ashx?id=2896012&use=l&cat=p&typeid=i","cat":284437},{"id":26183,"n":"Adoucissant Hyperdou Rêve de fraîcheur - 3x250ml","p":2.21,"u":"2,95 €/L","img":"https://fd15-photos.leclercdrive.fr/image.ashx?id=2643318&use=l&cat=p&typeid=i","cat":284650},{"id":26184,"n":"Adoucissant Hyperdou Senteur de provence - 3x250ml","p":2.14,"u":"2,85 €/L","img":"https://fd15-photos.leclercdrive.fr/image.ashx?id=2675685&use=l&cat=p&typeid=i","cat":284650},{"id":26185,"n":"Lingettes désinfectante Sanytol Multi-usage Eucalyptus - x72","p":2.85,"u":"0,06 €/P","img":"https://fd15-photos.leclercdrive.fr/image.ashx?id=2899353&use=l&cat=p&typeid=i","cat":325358},{"id":26220,"n":"Sucre Eco+ Cristal  - 5kg","p":10.99,"u":"2,20 €/KG","img":"https://fd15-photos.leclercdrive.fr/image.ashx?id=3010413&use=l&cat=p&typeid=i","cat":284502},{"id":26258,"n":"Madeleines coquilles P'tit déli Sachet 600g","p":4.59,"u":"7,65 €/KG","img":"https://fd15-photos.leclercdrive.fr/image.ashx?id=2540948&use=l&cat=p&typeid=i","cat":284492},{"id":26271,"n":"Rôti de porc Tradilège 6 tranches VPF 180g","p":3.61,"u":"20,06 €/KG","img":"https://fd15-photos.leclercdrive.fr/image.ashx?id=2675786&use=l&cat=p&typeid=i","cat":316009},{"id":26278,"n":"Mélange chili mexicain Ducros Sachet malin - 20g","p":2.0,"u":"100,00 €/KG","img":"https://fd15-photos.leclercdrive.fr/image.ashx?id=2326661&use=l&cat=p&typeid=i","cat":298297},{"id":26279,"n":"Mélange couscous royal Ducros Sachet malin - 20g","p":2.0,"u":"100,00 €/KG","img":"https://fd15-photos.leclercdrive.fr/image.ashx?id=2490491&use=l&cat=p&typeid=i","cat":298297},{"id":26281,"n":"Mélange malin Ducros Pour plats Mexicains - 40g","p":2.45,"u":"61,25 €/KG","img":"https://fd15-photos.leclercdrive.fr/image.ashx?id=2559445&use=l&cat=p&typeid=i","cat":298297},{"id":26282,"n":"Epis de maïs Kühne Bocal - 190g","p":3.7,"u":"19,47 €/KG","img":"https://fd15-photos.leclercdrive.fr/image.ashx?id=2550937&use=l&cat=p&typeid=i","cat":312611},{"id":26289,"n":"Sauce froide Suzi Wan Aigre douce 330g","p":3.59,"u":"10,88 €/KG","img":"https://fd15-photos.leclercdrive.fr/image.ashx?id=2990886&use=l&cat=p&typeid=i","cat":288992},{"id":26296,"n":"IGP Terrine Bretonne Hénaff Label Rouge - 200g","p":3.5,"u":"17,50 €/KG","img":"https://fd15-photos.leclercdrive.fr/image.ashx?id=2664482&use=l&cat=p&typeid=i","cat":305149},{"id":26303,"n":"Céréales Corn Flakes Eco+ sucrés - 750g","p":3.31,"u":"4,41 €/KG","img":"https://fd15-photos.leclercdrive.fr/image.ashx?id=2699099&use=l&cat=p&typeid=i","cat":309513},{"id":26309,"n":"Boîte chat Whiskas  Gelée mer & campagne - 8x400g","p":13.89,"u":"4,45 €/KG","img":"https://fd15-photos.leclercdrive.fr/image.ashx?id=2759628&use=l&cat=p&typeid=i","cat":285601},{"id":26310,"n":"Cornichons Kühne Aigre doux - 360g","p":3.1,"u":"8,61 €/KG","img":"https://fd15-photos.leclercdrive.fr/image.ashx?id=2550925&use=l&cat=p&typeid=i","cat":284458},{"id":26316,"n":"Mini-crêpes fourrées Tokapi Bacon - 65g","p":2.98,"u":"45,85 €/KG","img":"https://fd15-photos.leclercdrive.fr/image.ashx?id=2499079&use=l&cat=p&typeid=i","cat":297000},{"id":26319,"n":"Noix de cajou Tokapi Sans sel ajouté - 125g","p":2.45,"u":"19,60 €/KG","img":"https://fd15-photos.leclercdrive.fr/image.ashx?id=2794000&use=l&cat=p&typeid=i","cat":284448},{"id":26320,"n":"Oignons frits snack Kühne Boîte -  100g","p":1.89,"u":"18,90 €/KG","img":"https://fd15-photos.leclercdrive.fr/image.ashx?id=2447079&use=l&cat=p&typeid=i","cat":298297},{"id":26325,"n":"Noisettes Sainte Lucie En poudre 125g","p":4.14,"u":"33,12 €/KG","img":"https://fd15-photos.leclercdrive.fr/image.ashx?id=2122046&use=l&cat=p&typeid=i","cat":284504},{"id":26326,"n":"Arôme naturel café Sainte Lucie 20ml","p":1.79,"u":"89,50 €/L","img":"https://fd15-photos.leclercdrive.fr/image.ashx?id=2414118&use=l&cat=p&typeid=i","cat":284504},{"id":26328,"n":"Arôme amande amère Sainte Lucie Blister - 20ml","p":1.9,"u":"95,00 €/L","img":"https://fd15-photos.leclercdrive.fr/image.ashx?id=2774313&use=l&cat=p&typeid=i","cat":284504},{"id":26329,"n":"Arôme Sainte Lucie Fleur d'oranger flacon 250ml","p":2.63,"u":"10,52 €/L","img":"https://fd15-photos.leclercdrive.fr/image.ashx?id=2774316&use=l&cat=p&typeid=i","cat":284504},{"id":26330,"n":"Amandes California Sainte Lucie Blanches effilées sachet 125g","p":4.1,"u":"32,80 €/KG","img":"https://fd15-photos.leclercdrive.fr/image.ashx?id=2776109&use=l&cat=p&typeid=i","cat":284504},{"id":26332,"n":"Gélifiant naturel Sainte Lucie Végétal Agar Agar 4 sachets x2g","p":3.35,"u":"167,50 €/KG","img":"https://fd15-photos.leclercdrive.fr/image.ashx?id=2774325&use=l&cat=p&typeid=i","cat":284504},{"id":26335,"n":"Bougies anniversaire Ste Lucie Plusieurs coloris blister x20","p":3.05,"img":"https://fd15-photos.leclercdrive.fr/image.ashx?id=2774361&use=l&cat=p&typeid=i","cat":284504},{"id":26337,"n":"Clous de girofle Sainte Lucie 30g","p":4.38,"u":"146,00 €/KG","img":"https://fd15-photos.leclercdrive.fr/image.ashx?id=2774385&use=l&cat=p&typeid=i","cat":298297},{"id":26339,"n":"Cumin moulu Sainte Lucie 40g","p":3.15,"u":"78,75 €/KG","img":"https://fd15-photos.leclercdrive.fr/image.ashx?id=2974315&use=l&cat=p&typeid=i","cat":298297},{"id":26343,"n":"Piment doux Sainte Lucie Moulus - 50g","p":2.9,"u":"58,00 €/KG","img":"https://fd15-photos.leclercdrive.fr/image.ashx?id=2774388&use=l&cat=p&typeid=i","cat":298297},{"id":26344,"n":"Noix de muscade Sainte Lucie Entières flacon 18g","p":3.75,"u":"208,33 €/KG","img":"https://fd15-photos.leclercdrive.fr/image.ashx?id=2182915&use=l&cat=p&typeid=i","cat":298297},{"id":26348,"n":"Piments de cayenne Sainte Lucie Moulu - 40g","p":2.6,"u":"65,00 €/KG","img":"https://fd15-photos.leclercdrive.fr/image.ashx?id=2774400&use=l&cat=p&typeid=i","cat":298297},{"id":26350,"n":"Persil feuilles Sainte Lucie Coupées - 20g","p":2.99,"u":"149,50 €/KG","img":"https://fd15-photos.leclercdrive.fr/image.ashx?id=2968157&use=l&cat=p&typeid=i","cat":298297},{"id":26356,"n":"Herbes de Provence Sainte Lucie 125g","p":4.75,"u":"38,00 €/KG","img":"https://fd15-photos.leclercdrive.fr/image.ashx?id=2553638&use=l&cat=p&typeid=i","cat":298297},{"id":26361,"n":"Levure super active Vahiné Spécial pain sachet 6x27.6g","p":1.4,"u":"8,33 €/KG","img":"https://fd15-photos.leclercdrive.fr/image.ashx?id=2606259&use=l&cat=p&typeid=i","cat":294686},{"id":26362,"n":"Ail semoule Sainte Lucie 60g","p":2.91,"u":"48,50 €/KG","img":"https://fd15-photos.leclercdrive.fr/image.ashx?id=1892852&use=l&cat=p&typeid=i","cat":298297},{"id":26363,"n":"5 baies Sainte Lucie Flacon - 45g","p":3.55,"u":"78,89 €/KG","img":"https://fd15-photos.leclercdrive.fr/image.ashx?id=2974324&use=l&cat=p&typeid=i","cat":284457},{"id":26364,"n":"Ail semoule Sainte Lucie Pot 320g","p":8.74,"u":"27,31 €/KG","img":"https://fd15-photos.leclercdrive.fr/image.ashx?id=2551096&use=l&cat=p&typeid=i","cat":298297},{"id":26366,"n":"Caramel liquide Sainte Lucie Nature flacon 250ml","p":4.2,"u":"16,80 €/L","img":"https://fd15-photos.leclercdrive.fr/image.ashx?id=2776106&use=l&cat=p&typeid=i","cat":284504},{"id":26369,"n":"Demi feuilles de gélatine  Sainte Lucie","p":2.26,"img":"https://fd15-photos.leclercdrive.fr/image.ashx?id=2859024&use=l&cat=p&typeid=i","cat":284504},{"id":26370,"n":"Fruits confits Sainte Lucie 4 fruits - 150g","p":4.6,"u":"30,67 €/KG","img":"https://fd15-photos.leclercdrive.fr/image.ashx?id=2176755&use=l&cat=p&typeid=i","cat":304256},{"id":26371,"n":"Macédoine fruits Sainte Lucie Confits 4 couleurs godet 150g","p":3.28,"u":"21,87 €/KG","img":"https://fd15-photos.leclercdrive.fr/image.ashx?id=2774328&use=l&cat=p&typeid=i","cat":284504},{"id":26372,"n":"Noix de coco Sainte Lucie Des Tropiques râpée sachet 125g","p":2.3,"u":"18,40 €/KG","img":"https://fd15-photos.leclercdrive.fr/image.ashx?id=2776115&use=l&cat=p&typeid=i","cat":284504},{"id":26375,"n":"Pâte d'amandes Sainte Lucie Tricolore pain - 200g","p":3.24,"u":"16,20 €/KG","img":"https://fd15-photos.leclercdrive.fr/image.ashx?id=2774352&use=l&cat=p&typeid=i","cat":284504},{"id":26376,"n":"Pepites de chocolat au lait Vahiné - 100g","p":3.6,"u":"36,00 €/KG","img":"https://fd15-photos.leclercdrive.fr/image.ashx?id=2983243&use=l&cat=p&typeid=i","cat":284504},{"id":26377,"n":"Pépites Vahiné Chocolat chunks - 100g","p":3.6,"u":"36,00 €/KG","img":"https://fd15-photos.leclercdrive.fr/image.ashx?id=2606262&use=l&cat=p&typeid=i","cat":284504},{"id":26378,"n":"Curcuma moulu Sainte Lucie 55g","p":2.95,"u":"53,64 €/KG","img":"https://fd15-photos.leclercdrive.fr/image.ashx?id=2774391&use=l&cat=p&typeid=i","cat":298297},{"id":26379,"n":"Echalote semoule Sainte Lucie 40g","p":2.2,"u":"55,00 €/KG","img":"https://fd15-photos.leclercdrive.fr/image.ashx?id=2974318&use=l&cat=p&typeid=i","cat":298297},{"id":26385,"n":"Aneth feuilles Sainte Lucie 15g","p":2.2,"u":"146,67 €/KG","img":"https://fd15-photos.leclercdrive.fr/image.ashx?id=2774382&use=l&cat=p&typeid=i","cat":298297},{"id":26386,"n":"Basilic feuilles Sainte Lucie Coupées - 15g","p":2.15,"u":"143,33 €/KG","img":"https://fd15-photos.leclercdrive.fr/image.ashx?id=2774376&use=l&cat=p&typeid=i","cat":298297},{"id":26389,"n":"Poivre blanc moulu Sainte Lucie Saveurs preservées flacon 45g","p":3.96,"u":"88,00 €/KG","img":"https://fd15-photos.leclercdrive.fr/image.ashx?id=2414121&use=l&cat=p&typeid=i","cat":284457},{"id":26390,"n":"Poivre noir grains Sainte Lucie Saveurs préservées flacon 50g","p":3.45,"u":"69,00 €/KG","img":"https://fd15-photos.leclercdrive.fr/image.ashx?id=2974327&use=l&cat=p&typeid=i","cat":284457},{"id":26391,"n":"Poivre noir moulu Sainte Lucie Saveurs préservées - 50g","p":2.7,"u":"54,00 €/KG","img":"https://fd15-photos.leclercdrive.fr/image.ashx?id=2974330&use=l&cat=p&typeid=i","cat":284457},{"id":26392,"n":"Poivre gris moulu Sainte Lucie Flacon 50g","p":2.99,"u":"59,80 €/KG","img":"https://fd15-photos.leclercdrive.fr/image.ashx?id=2176776&use=l&cat=p&typeid=i","cat":284457},{"id":26393,"n":"Poivre gris moulu Sainte Lucie 95g","p":4.99,"u":"52,53 €/KG","img":"https://fd15-photos.leclercdrive.fr/image.ashx?id=2774445&use=l&cat=p&typeid=i","cat":284457},{"id":26394,"n":"Poivre noir grains Sainte Lucie Etui - 100g","p":5.3,"u":"53,00 €/KG","img":"https://fd15-photos.leclercdrive.fr/image.ashx?id=2774442&use=l&cat=p&typeid=i","cat":284457},{"id":26395,"n":"Sucre vanillé Sainte Lucie Bourbon 5 sachets - 38g","p":1.93,"u":"50,79 €/KG","img":"https://fd15-photos.leclercdrive.fr/image.ashx?id=2774286&use=l&cat=p&typeid=i","cat":284504},{"id":26402,"n":"Thym feuilles Sainte Lucie Aromatiques - 18g","p":2.05,"u":"113,89 €/KG","img":"https://fd15-photos.leclercdrive.fr/image.ashx?id=2774966&use=l&cat=p&typeid=i","cat":298297},{"id":26407,"n":"Raisins secs bruns Sainte Lucie De Smyrne - 125g","p":1.8,"u":"14,40 €/KG","img":"https://fd15-photos.leclercdrive.fr/image.ashx?id=2774337&use=l&cat=p&typeid=i","cat":323809},{"id":26408,"n":"Raisins blonds Sainte Lucie Sultanine - 125g","p":2.45,"u":"19,60 €/KG","img":"https://fd15-photos.leclercdrive.fr/image.ashx?id=2142638&use=l&cat=p&typeid=i","cat":284357},{"id":26422,"n":"Dégrippant aérosol WD 40 200ml","p":5.89,"u":"29,45 €/L","img":"https://fd15-photos.leclercdrive.fr/image.ashx?id=2873423&use=l&cat=p&typeid=i","cat":298252},{"id":26443,"n":"Liqueur Litchi Yen Li 15%vol. - 70cl","p":10.68,"u":"15,26 €/L","img":"https://fd15-photos.leclercdrive.fr/image.ashx?id=1898904&use=l&cat=p&typeid=i","cat":286032},{"id":26447,"n":"Pralin doré haché Sainte Lucie Sachet 75g","p":2.15,"u":"28,67 €/KG","img":"https://fd15-photos.leclercdrive.fr/image.ashx?id=2774355&use=l&cat=p&typeid=i","cat":284504},{"id":26449,"n":"Vin mousseux supérieur Opéra Brut 11%vol 75cl","p":5.2,"u":"6,93 €/L","img":"https://fd15-photos.leclercdrive.fr/image.ashx?id=2971999&use=l&cat=p&typeid=i","cat":284544},{"id":26457,"n":"Bière blonde Abbaye Alveringem 6.2%vol. - 6x25cl","p":6.89,"u":"4,59 €/L","img":"https://fd15-photos.leclercdrive.fr/image.ashx?id=2637892&use=l&cat=p&typeid=i","cat":334852},{"id":26458,"n":"Armagnac Duc de Borzac VSOP - 40%vol. - 70cl","p":30.39,"u":"43,41 €/L","img":"https://fd15-photos.leclercdrive.fr/image.ashx?id=1648332&use=l&cat=p&typeid=i","cat":286032},{"id":26460,"n":"Oignon rose de Roscoff AOP NRT - 1kg","p":5.46,"u":"5,46 €/KG","img":"https://fd15-photos.leclercdrive.fr/image.ashx?id=2726433&use=l&cat=p&typeid=i","cat":284352},{"id":26461,"n":"Lait sans lactose Délisse UHT Bouteille -  1L","p":2.29,"u":"2,29 €/L","img":"https://fd15-photos.leclercdrive.fr/image.ashx?id=2610217&use=l&cat=p&typeid=i","cat":317169},{"id":26483,"n":"Huile d'olive fruitée Cauvin Vierge extra - 75cl","p":12.55,"u":"16,73 €/L","img":"https://fd15-photos.leclercdrive.fr/image.ashx?id=2498350&use=l&cat=p&typeid=i","cat":284453},{"id":26488,"n":"Panna Cotta Délisse Caramel - 4x90g","p":2.29,"u":"6,36 €/KG","img":"https://fd15-photos.leclercdrive.fr/image.ashx?id=2059384&use=l&cat=p&typeid=i","cat":284419},{"id":26493,"n":"Pizza Merveillosa Turini Mozzarella - 335g","p":4.19,"u":"12,51 €/KG","img":"https://fd15-photos.leclercdrive.fr/image.ashx?id=2410621&use=l&cat=p&typeid=i","cat":284256},{"id":26494,"n":"Pizza Merveillosa Turini Thon - 355g","p":2.95,"u":"8,31 €/KG","img":"https://fd15-photos.leclercdrive.fr/image.ashx?id=2815238&use=l&cat=p&typeid=i","cat":284256},{"id":26562,"n":"Lait sans lactose Délisse UHT Bouteille -  6x1L","p":10.6,"u":"1,77 €/L","img":"https://fd15-photos.leclercdrive.fr/image.ashx?id=2366292&use=l&cat=p&typeid=i","cat":317169},{"id":26586,"n":"Fromage blanc Déli'light Vanille 0%MG - 8x100g","p":3.05,"u":"3,81 €/KG","img":"https://fd15-photos.leclercdrive.fr/image.ashx?id=2043352&use=l&cat=p&typeid=i","cat":315000},{"id":26646,"n":"AOP Champagne Brut Nicolas Feuillatte Grande Réserve 75cl","p":33.45,"u":"44,60 €/L","img":"https://fd15-photos.leclercdrive.fr/image.ashx?id=2733184&use=l&cat=p&typeid=i","cat":284542},{"id":26649,"n":"Cacahuètes Benenuts-Twinuts Nature Sel - 150g","p":1.92,"u":"12,80 €/KG","img":"https://fd15-photos.leclercdrive.fr/image.ashx?id=2967735&use=l&cat=p&typeid=i","cat":284448},{"id":26651,"n":"Farine de blé Coeur de Blé 1kg","p":2.0,"u":"2,00 €/KG","img":"https://fd15-photos.leclercdrive.fr/image.ashx?id=2642639&use=l&cat=p&typeid=i","cat":284503},{"id":26652,"n":"Farine blé fluide Coeur de blé 1kg","p":1.65,"u":"1,65 €/KG","img":"https://fd15-photos.leclercdrive.fr/image.ashx?id=2335754&use=l&cat=p&typeid=i","cat":284503},{"id":26653,"n":"Farine Coeur de blé Bio - 1kg","p":3.09,"u":"3,09 €/KG","img":"https://fd15-photos.leclercdrive.fr/image.ashx?id=2383790&use=l&cat=p&typeid=i","cat":284503},{"id":26659,"n":"Fonds d'artichauts Notre Jardin 210g","p":2.99,"u":"14,24 €/KG","img":"https://fd15-photos.leclercdrive.fr/image.ashx?id=2607921&use=l&cat=p&typeid=i","cat":312611},{"id":26663,"n":"Farine de sarrasin Treblec 1kg","p":4.57,"u":"4,57 €/KG","img":"https://fd15-photos.leclercdrive.fr/image.ashx?id=2734843&use=l&cat=p&typeid=i","cat":284503},{"id":26687,"n":"Escargots praliné/lait Jacquot x24 300g","p":6.95,"u":"23,17 €/KG","img":"https://fd15-photos.leclercdrive.fr/image.ashx?id=2303279&use=l&cat=p&typeid=i","cat":327595},{"id":26708,"n":"Cacahuètes Benenuts-Twinuts Bacon Grillé - 150g","p":1.77,"u":"11,80 €/KG","img":"https://fd15-photos.leclercdrive.fr/image.ashx?id=2967738&use=l&cat=p&typeid=i","cat":284448},{"id":26713,"n":"Brownie Brossard Chocolat pépites 285g","p":4.2,"u":"14,74 €/KG","img":"https://fd15-photos.leclercdrive.fr/image.ashx?id=2977492&use=l&cat=p&typeid=i","cat":294776},{"id":26720,"n":"Lentilles Préparées Cassegrain Tendres et Fondantes 130g","p":2.25,"u":"17,31 €/KG","img":"https://fd15-photos.leclercdrive.fr/image.ashx?id=2912992&use=l&cat=p&typeid=i","cat":312609},{"id":26722,"n":"Ratatouille Cuisinée Cassegrain à la Provençale 660g","p":7.55,"u":"11,44 €/KG","img":"https://fd15-photos.leclercdrive.fr/image.ashx?id=2902660&use=l&cat=p&typeid=i","cat":312612},{"id":26725,"n":"Infusion camomille Tiséa 25 sachets - 37,5g","p":1.48,"u":"0,39 €/KG","img":"https://fd15-photos.leclercdrive.fr/image.ashx?id=2441288&use=l&cat=p&typeid=i","cat":293234},{"id":26733,"n":"Dessert végétal au soja Sojasun Nature - 12x100g","p":5.39,"u":"4,49 €/KG","img":"https://fd15-photos.leclercdrive.fr/image.ashx?id=2355665&use=l&cat=p&typeid=i","cat":316071},{"id":26737,"n":"Terreau pour sol Eco  40L","p":4.05,"u":"0,10 €/L","img":"https://fd15-photos.leclercdrive.fr/image.ashx?id=2162132&use=l&cat=p&typeid=i","cat":335919},{"id":26765,"n":"Mayonnaise Rustica A la moutarde de Dijon - 470g","p":2.74,"u":"5,83 €/KG","img":"https://fd15-photos.leclercdrive.fr/image.ashx?id=2954361&use=l&cat=p&typeid=i","cat":298295},{"id":26797,"n":"Compote Douceur du Verger Coupelle pomme fraise - 4x100g","p":1.49,"u":"3,73 €/KG","img":"https://fd15-photos.leclercdrive.fr/image.ashx?id=2663503&use=l&cat=p&typeid=i","cat":284508},{"id":26801,"n":"Langue de boeuf Hénaff Sauce Madère 410g","p":9.35,"u":"22,80 €/KG","img":"https://fd15-photos.leclercdrive.fr/image.ashx?id=2334359&use=l&cat=p&typeid=i","cat":284441},{"id":26805,"n":"Crêpes dentelle Gavottes Nature étui 125g","p":3.49,"u":"27,92 €/KG","img":"https://fd15-photos.leclercdrive.fr/image.ashx?id=2664473&use=l&cat=p&typeid=i","cat":284487},{"id":26823,"n":"Beurre Montfleuri Demi-sel - 60%MG - 250g","p":2.96,"u":"11,84 €/KG","img":"https://fd15-photos.leclercdrive.fr/image.ashx?id=2985279&use=l&cat=p&typeid=i","cat":284379},{"id":26824,"n":"Beurre Moulé Paysan Breton Sel de guérande - 80% MG - 500g","p":6.9,"u":"13,80 €/KG","img":"https://fd15-photos.leclercdrive.fr/image.ashx?id=2960783&use=l&cat=p&typeid=i","cat":284379},{"id":26864,"n":"Bloc Wc Net Intense Parfum aléatoire - 3x34g","p":3.22,"u":"31,57 €/KG","img":"https://fd15-photos.leclercdrive.fr/image.ashx?id=1867585&use=l&cat=p&typeid=i","cat":284662},{"id":26877,"n":"Crackers Mini pizza Tokapi 85g","p":1.15,"u":"13,53 €/KG","img":"https://fd15-photos.leclercdrive.fr/image.ashx?id=2351232&use=l&cat=p&typeid=i","cat":297000},{"id":26926,"n":"Couches bébé Mots d'Enfants -T3 Ultra confort - 4/9kg - x162","p":31.95,"u":"0,20 €/P","img":"https://fd15-photos.leclercdrive.fr/image.ashx?id=2573987&use=l&cat=p&typeid=i","cat":284737},{"id":26945,"n":"Bâtonnets Trium Noix de coco x4 - 292g","p":4.15,"u":"14,21 €/KG","img":"https://fd15-photos.leclercdrive.fr/image.ashx?id=2767501&use=l&cat=p&typeid=i","cat":284265},{"id":26988,"n":"Courgette Eco+ 1kg","p":5.1,"u":"5,10 €/KG","img":"https://fd15-photos.leclercdrive.fr/image.ashx?id=2625692&use=l&cat=p&typeid=i","cat":284352},{"id":27026,"n":"Huggies® Little Swimmers® Maxipack Taille 3-4 x20","p":18.4,"u":"0,92 €/P","img":"https://fd15-photos.leclercdrive.fr/image.ashx?id=2844703&use=l&cat=p&typeid=i","cat":290634},{"id":27070,"n":"Bâtonnets Oasis Tropical x10 - 400g","p":5.99,"u":"14,98 €/KG","img":"https://fd15-photos.leclercdrive.fr/image.ashx?id=2877829&use=l&cat=p&typeid=i","cat":285250},{"id":27087,"n":"Crème entière fluide UHT Bio Bio Village 30% MG - 3x20cl","p":4.59,"u":"7,65 €/L","img":"https://fd15-photos.leclercdrive.fr/image.ashx?id=2496899&use=l&cat=p&typeid=i","cat":284381},{"id":27088,"n":"Glace à l'eau Stick Smicy 5 parfums x20 - 845g","p":2.85,"u":"3,37 €/KG","img":"https://fd15-photos.leclercdrive.fr/image.ashx?id=2073057&use=l&cat=p&typeid=i","cat":285250},{"id":27091,"n":"Mayonnaise Rustica A la moutarde de Dijon - 235g","p":1.51,"u":"6,43 €/KG","img":"https://fd15-photos.leclercdrive.fr/image.ashx?id=2954358&use=l&cat=p&typeid=i","cat":298295},{"id":27093,"n":"Compote Douceur du Verger Coupelle pomme abricot - 4x100g","p":1.45,"u":"3,63 €/KG","img":"https://fd15-photos.leclercdrive.fr/image.ashx?id=2663500&use=l&cat=p&typeid=i","cat":284508},{"id":27096,"n":"Mayonnaise allégée Rustica 450g","p":1.67,"u":"3,71 €/KG","img":"https://fd15-photos.leclercdrive.fr/image.ashx?id=1948556&use=l&cat=p&typeid=i","cat":298295},{"id":27098,"n":"Café moulu Plantation Brésil - 250g","p":5.95,"u":"23,80 €/KG","img":"https://fd15-photos.leclercdrive.fr/image.ashx?id=2607512&use=l&cat=p&typeid=i","cat":284750},{"id":27106,"n":"Couches bébé Mots d'Enfants Mini - T2 : 3/6kg - x35 changes","p":7.67,"u":"0,22 €/P","img":"https://fd15-photos.leclercdrive.fr/image.ashx?id=2904568&use=l&cat=p&typeid=i","cat":284737},{"id":27114,"n":"Lait céréales Blédidej 12 mois Chocolat - 4x250ml","p":5.7,"u":"5,70 €/L","img":"https://fd15-photos.leclercdrive.fr/image.ashx?id=2921058&use=l&cat=p&typeid=i","cat":312226},{"id":27120,"n":"Fromage râpé Meule d'Or Sachet zip 200g","p":3.69,"u":"18,45 €/KG","img":"https://fd15-photos.leclercdrive.fr/image.ashx?id=2193431&use=l&cat=p&typeid=i","cat":314035},{"id":27121,"n":"Papillotes Préparation Maggi Poulet herbes de Provence - 34g","p":1.19,"u":"35,00 €/KG","img":"https://fd15-photos.leclercdrive.fr/image.ashx?id=2614284&use=l&cat=p&typeid=i","cat":288380},{"id":27126,"n":"Sucre Beghin Say Saveur vergeoise brune - 500g","p":2.35,"u":"4,70 €/KG","img":"https://fd15-photos.leclercdrive.fr/image.ashx?id=2860178&use=l&cat=p&typeid=i","cat":284502},{"id":27129,"n":"Papillotes Préparation Maggi Poulet ail et oignons - 36g","p":1.19,"u":"33,06 €/KG","img":"https://fd15-photos.leclercdrive.fr/image.ashx?id=2965295&use=l&cat=p&typeid=i","cat":288380},{"id":27137,"n":"Friandises Picnic Fido Festival 3 variétés  x15  -126g","p":3.65,"u":"28,97 €/KG","img":"https://fd15-photos.leclercdrive.fr/image.ashx?id=2382595&use=l&cat=p&typeid=i","cat":294527},{"id":27149,"n":"Bonbons Croibleu Sève de pin - 250g","p":4.25,"u":"17,00 €/KG","img":"https://fd15-photos.leclercdrive.fr/image.ashx?id=1640045&use=l&cat=p&typeid=i","cat":304252},{"id":27158,"n":"Mini Barre Chocolat Lait KitKat x21 barres - 350g","p":6.1,"u":"17,43 €/KG","img":"https://fd15-photos.leclercdrive.fr/image.ashx?id=2762611&use=l&cat=p&typeid=i","cat":284498},{"id":27172,"n":"Boisson lactée allégé Candy'UP Chocolat - 6x20cl","p":4.59,"u":"3,83 €/L","img":"https://fd15-photos.leclercdrive.fr/image.ashx?id=2492148&use=l&cat=p&typeid=i","cat":295246},{"id":27174,"n":"Bière blonde Tripel Karmeliet 8,4% - 75cl","p":8.17,"u":"10,89 €/L","img":"https://fd15-photos.leclercdrive.fr/image.ashx?id=2861180&use=l&cat=p&typeid=i","cat":334872},{"id":27186,"n":"Bière blonde Leffe Triple 8,5% - 75cl","p":6.29,"u":"8,39 €/L","img":"https://fd15-photos.leclercdrive.fr/image.ashx?id=1890049&use=l&cat=p&typeid=i","cat":334852},{"id":27192,"n":"Saindoux Bahier 250g","p":2.35,"u":"9,40 €/KG","img":"https://fd15-photos.leclercdrive.fr/image.ashx?id=2972436&use=l&cat=p&typeid=i","cat":316007},{"id":27228,"n":"Couches bébé Mots d'Enfants Ecologique - T3 : 4/9kg - x36","p":13.86,"u":"0,39 €/P","img":"https://fd15-photos.leclercdrive.fr/image.ashx?id=2234851&use=l&cat=p&typeid=i","cat":284737},{"id":27229,"n":"Couches bébé Mots d'Enfants Ecologique - T4 : 7/18kg - x32","p":13.61,"u":"0,43 €/P","img":"https://fd15-photos.leclercdrive.fr/image.ashx?id=2487150&use=l&cat=p&typeid=i","cat":284737},{"id":27230,"n":"Couches bébé Mots d'Enfants Ecologique - T5 : 11/25kg - x28","p":13.73,"u":"0,49 €/P","img":"https://fd15-photos.leclercdrive.fr/image.ashx?id=2904565&use=l&cat=p&typeid=i","cat":284737},{"id":27367,"n":"Vin d'Union Européenne blanc François D'Aubigné - 75 cl","p":2.45,"u":"3,27 €/L","img":"https://fd15-photos.leclercdrive.fr/image.ashx?id=2721565&use=l&cat=p&typeid=i","cat":289557},{"id":27372,"n":"Adoucissant Hyperdou Douceur pêche - 3x250ml","p":2.51,"u":"3,35 €/L","img":"https://fd15-photos.leclercdrive.fr/image.ashx?id=2171364&use=l&cat=p&typeid=i","cat":284650},{"id":27377,"n":"Cordons bleus Isla Délice Halal - x4 400g","p":4.85,"u":"12,13 €/KG","img":"https://fd15-photos.leclercdrive.fr/image.ashx?id=2249689&use=l&cat=p&typeid=i","cat":319780},{"id":27379,"n":"Steak haché Isla Délice 80% pur boeuf Halal - 800g","p":13.09,"u":"16,36 €/KG","img":"https://fd15-photos.leclercdrive.fr/image.ashx?id=1583297&use=l&cat=p&typeid=i","cat":319778},{"id":27381,"n":"Boulettes de boeuf Isla Délice Halal - x27 - 810g","p":9.69,"u":"11,96 €/KG","img":"https://fd15-photos.leclercdrive.fr/image.ashx?id=1925102&use=l&cat=p&typeid=i","cat":319779},{"id":27382,"n":"Nuggets Isla Délice Halal - 400g","p":4.95,"u":"12,38 €/KG","img":"https://fd15-photos.leclercdrive.fr/image.ashx?id=2256104&use=l&cat=p&typeid=i","cat":319780},{"id":27403,"n":"Saucisses Déliss' Isla Délice Halal - Dinde x10 - 350g","p":4.29,"u":"12,26 €/KG","img":"https://fd15-photos.leclercdrive.fr/image.ashx?id=2406124&use=l&cat=p&typeid=i","cat":316013},{"id":27434,"n":"Coupelles Pêches DDV Sirop léger - 4x70 g","p":3.09,"u":"11,04 €/KG","img":"https://fd15-photos.leclercdrive.fr/image.ashx?id=2100784&use=l&cat=p&typeid=i","cat":284507},{"id":27442,"n":"Sablés de l'Abbaye 125g","p":2.65,"u":"21,20 €/KG","img":"https://fd15-photos.leclercdrive.fr/image.ashx?id=2008313&use=l&cat=p&typeid=i","cat":284487},{"id":27443,"n":"Sablés d'Antan 175g","p":3.49,"u":"19,94 €/KG","img":"https://fd15-photos.leclercdrive.fr/image.ashx?id=2504338&use=l&cat=p&typeid=i","cat":284487},{"id":27454,"n":"Maïs Notre Jardin Croquant - 3x140g","p":2.29,"u":"5,45 €/KG","img":"https://fd15-photos.leclercdrive.fr/image.ashx?id=2988051&use=l&cat=p&typeid=i","cat":312611},{"id":27501,"n":"Steak haché charolais Bigard Pur boeuf 15%mg - 250g","p":8.39,"u":"33,56 €/KG","img":"https://fd15-photos.leclercdrive.fr/image.ashx?id=2207256&use=l&cat=p&typeid=i","cat":284332},{"id":27523,"n":"Colin d'Alaska Pêche Océan À la parisienne - MSC - 400g","p":4.85,"u":"12,13 €/KG","img":"https://fd15-photos.leclercdrive.fr/image.ashx?id=2930120&use=l&cat=p&typeid=i","cat":319786},{"id":27563,"n":"Blocs WC 3en1 Syphon Javel + Eau bleue - x2","p":3.09,"u":"1,55 €/P","img":"https://fd15-photos.leclercdrive.fr/image.ashx?id=2637643&use=l&cat=p&typeid=i","cat":284662},{"id":27564,"n":"Blé précuit Comptoir du Grain Sachet cuisson - x4 - 500g","p":2.15,"u":"4,30 €/KG","img":"https://fd15-photos.leclercdrive.fr/image.ashx?id=2515494&use=l&cat=p&typeid=i","cat":284429},{"id":27576,"n":"Barres céréales Special K Kellogg's Fruits rouges 6x21,5g","p":4.18,"u":"32,40 €/KG","img":"https://fd15-photos.leclercdrive.fr/image.ashx?id=3003176&use=l&cat=p&typeid=i","cat":285869},{"id":27721,"n":"Emmental Les Croisés En tranches - 200g","p":2.38,"u":"11,90 €/KG","img":"https://fd15-photos.leclercdrive.fr/image.ashx?id=2436317&use=l&cat=p&typeid=i","cat":314028},{"id":27834,"n":"Pizza Crousti-moelleuse Marie 4 fromages - 510g","p":7.9,"u":"15,49 €/KG","img":"https://fd15-photos.leclercdrive.fr/image.ashx?id=2996749&use=l&cat=p&typeid=i","cat":284256},{"id":27836,"n":"Pizza Crousti-moelleuse Marie Poulet kebab - 530g","p":7.9,"u":"14,91 €/KG","img":"https://fd15-photos.leclercdrive.fr/image.ashx?id=2996752&use=l&cat=p&typeid=i","cat":284256},{"id":27925,"n":"AOP Réserve du Président rosé Sciaccrellu - 75cl","p":9.23,"u":"12,31 €/L","img":"https://fd15-photos.leclercdrive.fr/image.ashx?id=2093463&use=l&cat=p&typeid=i","cat":289558},{"id":27941,"n":"Cotons Duo Démaquillants Inell Disques x110","p":0.96,"img":"https://fd15-photos.leclercdrive.fr/image.ashx?id=1709588&use=l&cat=p&typeid=i","cat":285593},{"id":27961,"n":"Poulet basquaise Marie Riz à la tomate - 900g","p":10.89,"u":"12,10 €/KG","img":"https://fd15-photos.leclercdrive.fr/image.ashx?id=2996779&use=l&cat=p&typeid=i","cat":284254},{"id":28001,"n":"Lait Bio demi-écrémé Grandlait Candia Bouteille - 1L","p":2.45,"u":"2,45 €/L","img":"https://fd15-photos.leclercdrive.fr/image.ashx?id=2735083&use=l&cat=p&typeid=i","cat":284377},{"id":28003,"n":"Lait vitaminé Viva Candia  1% MG - 1L","p":1.95,"u":"1,95 €/L","img":"https://fd15-photos.leclercdrive.fr/image.ashx?id=2891499&use=l&cat=p&typeid=i","cat":317169},{"id":28016,"n":"Haché de veau Tendriade Tendre nature - 200g","p":6.9,"u":"34,50 €/KG","img":"https://fd15-photos.leclercdrive.fr/image.ashx?id=2846445&use=l&cat=p&typeid=i","cat":284332},{"id":28021,"n":"Dentifrice enfant Dentamyl Gel fraise - 75ml","p":1.52,"u":"20,27 €/L","img":"https://fd15-photos.leclercdrive.fr/image.ashx?id=2613831&use=l&cat=p&typeid=i","cat":288898},{"id":28076,"n":"AOP Madiran rouge Terroirs de Tilhet - 75cl","p":10.55,"u":"14,07 €/L","img":"https://fd15-photos.leclercdrive.fr/image.ashx?id=2996830&use=l&cat=p&typeid=i","cat":289556},{"id":28078,"n":"Coton bébé Mots d'Enfants Duo maxi carrés - x80","p":2.1,"u":"0,03 €/P","img":"https://fd15-photos.leclercdrive.fr/image.ashx?id=3014206&use=l&cat=p&typeid=i","cat":284739},{"id":28083,"n":"Maïs Notre Jardin Tendre  - 2x300g","p":2.09,"u":"3,48 €/KG","img":"https://fd15-photos.leclercdrive.fr/image.ashx?id=3005661&use=l&cat=p&typeid=i","cat":312611},{"id":28104,"n":"IGP Pays d'Oc Merlot vin rosé Vieux Carion 12.5% vol -75 cl","p":4.09,"u":"5,45 €/L","img":"https://fd15-photos.leclercdrive.fr/image.ashx?id=2903962&use=l&cat=p&typeid=i","cat":289558},{"id":28203,"n":"Fromage : Le Carré Les Croisés 23%mg - 230g","p":2.15,"u":"9,35 €/KG","img":"https://fd15-photos.leclercdrive.fr/image.ashx?id=2974801&use=l&cat=p&typeid=i","cat":314033},{"id":28209,"n":"Noix de cajou grillées Tokapi Salées - 125g","p":2.1,"u":"16,80 €/KG","img":"https://fd15-photos.leclercdrive.fr/image.ashx?id=2839821&use=l&cat=p&typeid=i","cat":284448},{"id":28211,"n":"Pistaches Tokapi Grillées et salées - 125g","p":3.09,"u":"24,72 €/KG","img":"https://fd15-photos.leclercdrive.fr/image.ashx?id=2795550&use=l&cat=p&typeid=i","cat":284448},{"id":28217,"n":"Pain d'épices bio Bio Village Miel - Pré-tranché - 300g","p":3.34,"u":"11,13 €/KG","img":"https://fd15-photos.leclercdrive.fr/image.ashx?id=2355419&use=l&cat=p&typeid=i","cat":284493},{"id":28226,"n":"Cotons Duo Démaquillants Inell Duo ovale - Disques x70","p":1.53,"img":"https://fd15-photos.leclercdrive.fr/image.ashx?id=1709940&use=l&cat=p&typeid=i","cat":285593},{"id":28227,"n":"Tablette bio Bio Village Chocolat au lait - 100g","p":2.31,"u":"23,10 €/KG","img":"https://fd15-photos.leclercdrive.fr/image.ashx?id=2791057&use=l&cat=p&typeid=i","cat":284497},{"id":28228,"n":"Chocolat Pâtissier Bio Village Bio - Noir  52% cacao - 200g","p":3.79,"u":"18,95 €/KG","img":"https://fd15-photos.leclercdrive.fr/image.ashx?id=2802305&use=l&cat=p&typeid=i","cat":285562},{"id":28241,"n":"Savon mains en crème Manava Lait et miel - 300ml","p":1.39,"u":"4,63 €/L","img":"https://fd15-photos.leclercdrive.fr/image.ashx?id=2935486&use=l&cat=p&typeid=i","cat":284597},{"id":28269,"n":"Sacs congélation Eco+ Moyen modèle - x75","p":1.75,"u":"0,02 €/P","img":"https://fd15-photos.leclercdrive.fr/image.ashx?id=2558748&use=l&cat=p&typeid=i","cat":334134},{"id":28278,"n":"Oranges à jus Panier du Primeur Filet 2kg","p":6.99,"u":"3,50 €/KG","img":"https://fd15-photos.leclercdrive.fr/image.ashx?id=2414570&use=l&cat=p&typeid=i","cat":284356},{"id":28279,"n":"Oranges Eco+ Filet 2kg","p":5.99,"u":"3,00 €/KG","img":"https://fd15-photos.leclercdrive.fr/image.ashx?id=636249&use=l&cat=p&typeid=i","cat":284356},{"id":28308,"n":"Paëlla Royale Côté Table Poulet, moule et chorizo 940g","p":5.69,"u":"6,05 €/KG","img":"https://fd15-photos.leclercdrive.fr/image.ashx?id=2977873&use=l&cat=p&typeid=i","cat":325094},{"id":28311,"n":"Liqueur Grand Marnier Orange & Cognac - 40%vol - 70cl","p":38.05,"u":"54,36 €/L","img":"https://fd15-photos.leclercdrive.fr/image.ashx?id=3007909&use=l&cat=p&typeid=i","cat":286032},{"id":28323,"n":"Mayonnaise à l'ancienne Rustica 235g","p":1.59,"u":"6,77 €/KG","img":"https://fd15-photos.leclercdrive.fr/image.ashx?id=2669768&use=l&cat=p&typeid=i","cat":298295},{"id":28368,"n":"Tablette de chocolat Equador Noir fleur de sel 100g","p":1.71,"u":"17,10 €/KG","img":"https://fd15-photos.leclercdrive.fr/image.ashx?id=2660565&use=l&cat=p&typeid=i","cat":284956},{"id":28384,"n":"Patate douce Sachet 1kg","p":2.99,"u":"2,99 €/KG","img":"https://fd15-photos.leclercdrive.fr/image.ashx?id=1632578&use=l&cat=p&typeid=i","cat":284352},{"id":28386,"n":"Brioche de Lyon saucisson NRT 400g","p":8.66,"u":"21,65 €/KG","img":"https://fd15-photos.leclercdrive.fr/image.ashx?id=2743849&use=l&cat=p&typeid=i","cat":333671},{"id":28415,"n":"Colin d'Alaska Pêche Océan À la moutarde - MSC - 400g","p":5.15,"u":"12,88 €/KG","img":"https://fd15-photos.leclercdrive.fr/image.ashx?id=2930117&use=l&cat=p&typeid=i","cat":319786},{"id":28419,"n":"Lingettes anti-transfert Texil Tous textiles x25","p":2.7,"u":"0,11 €/P","img":"https://fd15-photos.leclercdrive.fr/image.ashx?id=2964571&use=l&cat=p&typeid=i","cat":290450},{"id":28420,"n":"Ail blanc  1kg","p":8.99,"u":"8,99 €/KG","img":"https://fd15-photos.leclercdrive.fr/image.ashx?id=1631427&use=l&cat=p&typeid=i","cat":284352},{"id":28422,"n":"Choucroute d'Alsace NRT 920g","p":7.99,"u":"8,68 €/KG","img":"https://fd15-photos.leclercdrive.fr/image.ashx?id=2723243&use=l&cat=p&typeid=i","cat":333666},{"id":28423,"n":"Choucroute d'Alsace NRT 370g","p":4.69,"u":"12,68 €/KG","img":"https://fd15-photos.leclercdrive.fr/image.ashx?id=2723246&use=l&cat=p&typeid=i","cat":333665},{"id":28432,"n":"Jus d'ananas Eco + Brique 1L","p":2.49,"u":"2,49 €/L","img":"https://fd15-photos.leclercdrive.fr/image.ashx?id=2802263&use=l&cat=p&typeid=i","cat":284916},{"id":28444,"n":"Fleur de sel de Camargue Le Saunier de Camargue - 125g","p":2.89,"u":"23,12 €/KG","img":"https://fd15-photos.leclercdrive.fr/image.ashx?id=2819343&use=l&cat=p&typeid=i","cat":284457},{"id":28516,"n":"Chocolat Noir Lindt Excellence  pointe de piment rouge - 100g","p":3.74,"u":"37,40 €/KG","img":"https://fd15-photos.leclercdrive.fr/image.ashx?id=2209200&use=l&cat=p&typeid=i","cat":284956},{"id":28562,"n":"Oranges à déguster Panier du Primeur Filet 2kg","p":6.13,"u":"3,07 €/KG","img":"https://fd15-photos.leclercdrive.fr/image.ashx?id=2414567&use=l&cat=p&typeid=i","cat":284356},{"id":28614,"n":"Pur jus d'orange Eco+ Brique - 1L","p":3.25,"u":"3,25 €/L","img":"https://fd15-photos.leclercdrive.fr/image.ashx?id=2802260&use=l&cat=p&typeid=i","cat":284521},{"id":28710,"n":"Lingettes Mots d'Enfants Bio Bébé - x72 lingettes","p":3.64,"u":"0,05 €/P","img":"https://fd15-photos.leclercdrive.fr/image.ashx?id=2856504&use=l&cat=p&typeid=i","cat":284738},{"id":28713,"n":"Tablettes anti-calcaire Calgon 4 en 1 x17 - 221g","p":7.44,"u":"33,67 €/KG","img":"https://fd15-photos.leclercdrive.fr/image.ashx?id=2953761&use=l&cat=p&typeid=i","cat":284653},{"id":28723,"n":"Bonbons Confiséo Caramel enrobés chocolat 280g","p":2.68,"u":"9,57 €/KG","img":"https://fd15-photos.leclercdrive.fr/image.ashx?id=2934688&use=l&cat=p&typeid=i","cat":304250},{"id":28727,"n":"Tablettes anti-calcaire Calgon  4 en 1 - x48","p":19.9,"u":"31,89 €/KG","img":"https://fd15-photos.leclercdrive.fr/image.ashx?id=2954881&use=l&cat=p&typeid=i","cat":284653},{"id":28730,"n":"Bain moussant Manava Vanille et ambre 500ml","p":2.72,"u":"5,44 €/L","img":"https://fd15-photos.leclercdrive.fr/image.ashx?id=2618326&use=l&cat=p&typeid=i","cat":284594},{"id":28753,"n":"Café Soluble Nescafé Cappuccino Café Viennois - 306g","p":7.55,"u":"24,67 €/KG","img":"https://fd15-photos.leclercdrive.fr/image.ashx?id=2874087&use=l&cat=p&typeid=i","cat":284843},{"id":28803,"n":"After Eight Chocolat Noël Nuit de Londres - 400g","p":8.29,"u":"20,73 €/KG","img":"https://fd15-photos.leclercdrive.fr/image.ashx?id=2918373&use=l&cat=p&typeid=i","cat":327595},{"id":28809,"n":"Pain burger géant Epi d'Or Nature x4 - 330g","p":1.85,"u":"5,61 €/KG","img":"https://fd15-photos.leclercdrive.fr/image.ashx?id=1861089&use=l&cat=p&typeid=i","cat":325067},{"id":28827,"n":"Chili con carne Côté Table Au piment de Cayenne - 820g","p":3.81,"u":"4,65 €/KG","img":"https://fd15-photos.leclercdrive.fr/image.ashx?id=2977156&use=l&cat=p&typeid=i","cat":325094},{"id":28828,"n":"Pâtes fraîches Turini Gnocchi 380g","p":1.49,"u":"3,92 €/KG","img":"https://fd15-photos.leclercdrive.fr/image.ashx?id=2254526&use=l&cat=p&typeid=i","cat":333682},{"id":28831,"n":"Cookies Méga pépites P'tit Déli Choco amandes caramelisées 184g","p":2.45,"u":"13,32 €/KG","img":"https://fd15-photos.leclercdrive.fr/image.ashx?id=2116128&use=l&cat=p&typeid=i","cat":325066},{"id":28832,"n":"Cookies Méga pépites P'tit Déli Chocolat 184g","p":2.5,"u":"13,59 €/KG","img":"https://fd15-photos.leclercdrive.fr/image.ashx?id=2722814&use=l&cat=p&typeid=i","cat":325066},{"id":28853,"n":"Piment d'Espelette AOP NRT 40g","p":9.47,"u":"236,75 €/KG","img":"https://fd15-photos.leclercdrive.fr/image.ashx?id=2472083&use=l&cat=p&typeid=i","cat":298297},{"id":28856,"n":"Pain burger Epi d'Or Géant complet x4 - 330g","p":1.99,"u":"6,03 €/KG","img":"https://fd15-photos.leclercdrive.fr/image.ashx?id=2042561&use=l&cat=p&typeid=i","cat":325067},{"id":28864,"n":"Cassoulet au confit canard NRT - 300g","p":3.79,"u":"12,63 €/KG","img":"https://fd15-photos.leclercdrive.fr/image.ashx?id=2791926&use=l&cat=p&typeid=i","cat":284953},{"id":28866,"n":"Coq au vin et ses torsades NRT 300g","p":3.84,"u":"12,80 €/KG","img":"https://fd15-photos.leclercdrive.fr/image.ashx?id=2723240&use=l&cat=p&typeid=i","cat":284953},{"id":28867,"n":"Foie gras canard IGP perigord NRT Entier - 125g","p":15.9,"u":"127,20 €/KG","img":"https://fd15-photos.leclercdrive.fr/image.ashx?id=2743879&use=l&cat=p&typeid=i","cat":305148},{"id":28868,"n":"Grillons de canard du Perigord Nos Régions ont du Talent -180g","p":5.12,"u":"28,44 €/KG","img":"https://fd15-photos.leclercdrive.fr/image.ashx?id=2560503&use=l&cat=p&typeid=i","cat":305149},{"id":28873,"n":"Thon blanc Bretagne NRT huile d'olive - 160g","p":4.8,"u":"30,00 €/KG","img":"https://fd15-photos.leclercdrive.fr/image.ashx?id=2791099&use=l&cat=p&typeid=i","cat":303867},{"id":28874,"n":"Thon blanc Bretagne NRT Nature - 160g","p":3.35,"u":"20,94 €/KG","img":"https://fd15-photos.leclercdrive.fr/image.ashx?id=2775445&use=l&cat=p&typeid=i","cat":303867},{"id":28938,"n":"Velouté bio Bio Village Légumes variés  - 1L","p":2.85,"u":"2,85 €/L","img":"https://fd15-photos.leclercdrive.fr/image.ashx?id=2404154&use=l&cat=p&typeid=i","cat":284462},{"id":28942,"n":"Navet Filet de 1kg","p":4.69,"u":"4,69 €/KG","img":"https://fd15-photos.leclercdrive.fr/image.ashx?id=1632584&use=l&cat=p&typeid=i","cat":284352},{"id":28946,"n":"Pommes Granny Smith  1kg","p":3.2,"u":"3,20 €/KG","img":"https://fd15-photos.leclercdrive.fr/image.ashx?id=1636482&use=l&cat=p&typeid=i","cat":284356},{"id":28971,"n":"Saumon fumé Ronde des Mers Ecosse Label rouge x2 - 80g","p":7.5,"u":"93,75 €/KG","img":"https://fd15-photos.leclercdrive.fr/image.ashx?id=2174699&use=l&cat=p&typeid=i","cat":285188},{"id":28974,"n":"Saumon fumé MSC Sauvage Ronde des Mers x4T - 120g","p":8.99,"u":"74,92 €/KG","img":"https://fd15-photos.leclercdrive.fr/image.ashx?id=2837692&use=l&cat=p&typeid=i","cat":285188},{"id":28996,"n":"Mayonnaise de Dijon AMORA 235g","p":3.1,"u":"13,19 €/KG","img":"https://fd15-photos.leclercdrive.fr/image.ashx?id=2946649&use=l&cat=p&typeid=i","cat":298295},{"id":28997,"n":"Mayonnaise de Dijon Amora 235g","p":2.5,"u":"10,64 €/KG","img":"https://fd15-photos.leclercdrive.fr/image.ashx?id=2877208&use=l&cat=p&typeid=i","cat":298295},{"id":28999,"n":"Mayonnaise de Dijon Amora Sans conservateur  - 415g","p":3.8,"u":"9,16 €/KG","img":"https://fd15-photos.leclercdrive.fr/image.ashx?id=2964207&use=l&cat=p&typeid=i","cat":298295},{"id":29000,"n":"Mayonnaise de Dijon Amora 710g","p":5.95,"u":"8,38 €/KG","img":"https://fd15-photos.leclercdrive.fr/image.ashx?id=2598672&use=l&cat=p&typeid=i","cat":298295},{"id":29011,"n":"Foie gras canard IGP Landes Nos Régions ont du Talent 200g","p":22.69,"u":"113,45 €/KG","img":"https://fd15-photos.leclercdrive.fr/image.ashx?id=2743873&use=l&cat=p&typeid=i","cat":316008},{"id":29013,"n":"Foie gras canard IGP Périgord Entier NRT - 125g","p":16.59,"u":"132,72 €/KG","img":"https://fd15-photos.leclercdrive.fr/image.ashx?id=2743876&use=l&cat=p&typeid=i","cat":316008},{"id":29014,"n":"Bloc de foie gras de canard Pierre de Chaumeyrac 300g","p":21.08,"u":"70,27 €/KG","img":"https://fd15-photos.leclercdrive.fr/image.ashx?id=2783014&use=l&cat=p&typeid=i","cat":316008},{"id":29015,"n":"Foie gras de canard entier Bocal - 180g","p":14.79,"u":"82,17 €/KG","img":"https://fd15-photos.leclercdrive.fr/image.ashx?id=2801031&use=l&cat=p&typeid=i","cat":316008},{"id":29017,"n":"Bloc de Foie gras canard 200g","p":9.95,"u":"49,75 €/KG","img":"https://fd15-photos.leclercdrive.fr/image.ashx?id=2814845&use=l&cat=p&typeid=i","cat":316008},{"id":29032,"n":"Chips Bret's Poulet braisé - 125g","p":2.55,"u":"20,40 €/KG","img":"https://fd15-photos.leclercdrive.fr/image.ashx?id=1927788&use=l&cat=p&typeid=i","cat":284447},{"id":29044,"n":"Cerneaux de noix Tablier Blanc 50g","p":1.65,"u":"33,00 €/KG","img":"https://fd15-photos.leclercdrive.fr/image.ashx?id=2460607&use=l&cat=p&typeid=i","cat":323809},{"id":29045,"n":"Noisettes Tablier Blanc En poudre 125g","p":4.15,"u":"33,20 €/KG","img":"https://fd15-photos.leclercdrive.fr/image.ashx?id=2460598&use=l&cat=p&typeid=i","cat":284504},{"id":29047,"n":"Pignons de pin Tablier Blanc 50g","p":4.89,"u":"97,80 €/KG","img":"https://fd15-photos.leclercdrive.fr/image.ashx?id=2867907&use=l&cat=p&typeid=i","cat":323809},{"id":29048,"n":"Pralin Tablier Blanc 100g","p":2.59,"u":"25,90 €/KG","img":"https://fd15-photos.leclercdrive.fr/image.ashx?id=2460604&use=l&cat=p&typeid=i","cat":284504},{"id":29075,"n":"Sauce Tzatziki Tables du Monde 100g","p":1.39,"u":"13,90 €/KG","img":"https://fd15-photos.leclercdrive.fr/image.ashx?id=2872445&use=l&cat=p&typeid=i","cat":315999},{"id":29094,"n":"Crème Fraîche Elle&Vire Fleurette Légère -12% MG- 33cl","p":2.35,"u":"7,12 €/L","img":"https://fd15-photos.leclercdrive.fr/image.ashx?id=2771217&use=l&cat=p&typeid=i","cat":284381},{"id":29095,"n":"Yaourts brassés Délisse Vanille - 8x125g","p":3.79,"u":"3,79 €/KG","img":"https://fd15-photos.leclercdrive.fr/image.ashx?id=2372338&use=l&cat=p&typeid=i","cat":284410},{"id":29116,"n":"Bonbons sans sucres Confiséo Goût réglisse - 150g","p":2.39,"u":"15,93 €/KG","img":"https://fd15-photos.leclercdrive.fr/image.ashx?id=2934703&use=l&cat=p&typeid=i","cat":304250},{"id":29117,"n":"Bonbons sans sucres Confiséo Menthe - 150g","p":2.69,"u":"17,93 €/KG","img":"https://fd15-photos.leclercdrive.fr/image.ashx?id=2934697&use=l&cat=p&typeid=i","cat":304252},{"id":29119,"n":"Potage gourmand Régal Soupe 8 légumes à la crème - 1L","p":2.49,"u":"2,49 €/L","img":"https://fd15-photos.leclercdrive.fr/image.ashx?id=2607521&use=l&cat=p&typeid=i","cat":284462},{"id":29129,"n":"Bonbons acidulés Confiséo Aux fruits - 400g","p":3.55,"u":"8,88 €/KG","img":"https://fd15-photos.leclercdrive.fr/image.ashx?id=2934706&use=l&cat=p&typeid=i","cat":304252},{"id":29133,"n":"Sacs poubelle Haute 50L Elembal Poignées coulissantes - x15","p":3.41,"u":"0,23 €/P","img":"https://fd15-photos.leclercdrive.fr/image.ashx?id=2958726&use=l&cat=p&typeid=i","cat":285168},{"id":29151,"n":"Plaisir au chocolat Lenôtre Macaron et Mousse - 405g","p":12.59,"u":"31,09 €/KG","img":"https://fd15-photos.leclercdrive.fr/image.ashx?id=2807744&use=l&cat=p&typeid=i","cat":284266},{"id":29156,"n":"Saumon au beurre blanc Marie Echalotes confites au vin 400g","p":11.29,"u":"28,23 €/KG","img":"https://fd15-photos.leclercdrive.fr/image.ashx?id=2996806&use=l&cat=p&typeid=i","cat":319786},{"id":29174,"n":"Lait de douche Manava Pêche de vigne - 250ml","p":1.09,"u":"4,36 €/L","img":"https://fd15-photos.leclercdrive.fr/image.ashx?id=2618323&use=l&cat=p&typeid=i","cat":284594},{"id":29182,"n":"AOC Bordeaux rouge Yvecourt - 75cl","p":6.13,"u":"8,17 €/L","img":"https://fd15-photos.leclercdrive.fr/image.ashx?id=2529297&use=l&cat=p&typeid=i","cat":289556},{"id":29189,"n":"Bûche de chèvre Bio Bio Village 180g","p":3.99,"u":"22,17 €/KG","img":"https://fd15-photos.leclercdrive.fr/image.ashx?id=2070437&use=l&cat=p&typeid=i","cat":314031},{"id":29323,"n":"Superlevure Gayelord Hauser Paillettes étui 150g","p":3.6,"u":"24,00 €/KG","img":"https://fd15-photos.leclercdrive.fr/image.ashx?id=2786012&use=l&cat=p&typeid=i","cat":294686},{"id":29328,"n":"Pâte de fruits Gayelord Hauser 4 parfums - 125g","p":5.0,"u":"40,00 €/KG","img":"https://fd15-photos.leclercdrive.fr/image.ashx?id=1761918&use=l&cat=p&typeid=i","cat":318652},{"id":29334,"n":"Biscuits miel sésame GERBLE  crousti'son - 4x5 200g","p":2.75,"u":"13,75 €/KG","img":"https://fd15-photos.leclercdrive.fr/image.ashx?id=2662280&use=l&cat=p&typeid=i","cat":318651},{"id":29354,"n":"Caramels tendres Confiséo 4 parfums 450g","p":4.97,"u":"11,04 €/KG","img":"https://fd15-photos.leclercdrive.fr/image.ashx?id=2934685&use=l&cat=p&typeid=i","cat":304250},{"id":29358,"n":"Pur jus pamplemousse Jafaden Rose - 1L","p":2.99,"u":"2,99 €/L","img":"https://fd15-photos.leclercdrive.fr/image.ashx?id=2956071&use=l&cat=p&typeid=i","cat":284914},{"id":29361,"n":"Sacs poubelle haute 30L Elembal Poignées coulissantes - x25","p":2.99,"u":"0,12 €/P","img":"https://fd15-photos.leclercdrive.fr/image.ashx?id=2958723&use=l&cat=p&typeid=i","cat":285168},{"id":29364,"n":"Boisson base vin rosé Festalie Pamplemousse - 7.5% - 75 cl","p":6.59,"u":"8,79 €/L","img":"https://fd15-photos.leclercdrive.fr/image.ashx?id=2774891&use=l&cat=p&typeid=i","cat":304569},{"id":29368,"n":"Boisson à base de vin blanc saveur pêche Festalie - 75 cl","p":6.45,"u":"8,60 €/L","img":"https://fd15-photos.leclercdrive.fr/image.ashx?id=2434936&use=l&cat=p&typeid=i","cat":304569},{"id":29376,"n":"AOC Crémant de Limoux brut  Prieur Barsanne - 75cl","p":9.15,"u":"12,20 €/L","img":"https://fd15-photos.leclercdrive.fr/image.ashx?id=3001272&use=l&cat=p&typeid=i","cat":284545},{"id":29378,"n":"AOP Côtes du Rhône rouge Bio Rives & Terrasses - 3L","p":29.18,"u":"9,73 €/L","img":"https://fd15-photos.leclercdrive.fr/image.ashx?id=2946868&use=l&cat=p&typeid=i","cat":289560},{"id":29396,"n":"Mousse coiffante Vitanove Effet volume - 200ml","p":2.29,"u":"11,45 €/L","img":"https://fd15-photos.leclercdrive.fr/image.ashx?id=2490037&use=l&cat=p&typeid=i","cat":284609},{"id":29419,"n":"Tortillas chips Tokapi Nature - 150g","p":1.38,"u":"9,20 €/KG","img":"https://fd15-photos.leclercdrive.fr/image.ashx?id=2647955&use=l&cat=p&typeid=i","cat":287899},{"id":29446,"n":"Filet de harengs Pêche Océan MSC - Aromates - 200g","p":3.69,"u":"18,45 €/KG","img":"https://fd15-photos.leclercdrive.fr/image.ashx?id=2863033&use=l&cat=p&typeid=i","cat":285190},{"id":29447,"n":"Truite fumée Ronde des mers France 6 tranches - 150g","p":7.45,"u":"49,67 €/KG","img":"https://fd15-photos.leclercdrive.fr/image.ashx?id=2832939&use=l&cat=p&typeid=i","cat":285188},{"id":29493,"n":"Tomato Ketchup Bio Heinz - 580g","p":3.28,"u":"5,66 €/KG","img":"https://fd15-photos.leclercdrive.fr/image.ashx?id=2927726&use=l&cat=p&typeid=i","cat":284455},{"id":29518,"n":"Glace Tyrolia Eskiss Caramel biscuit - 380g","p":3.65,"u":"9,61 €/KG","img":"https://fd15-photos.leclercdrive.fr/image.ashx?id=2075666&use=l&cat=p&typeid=i","cat":284266},{"id":29535,"n":"Croûtons Epi d'Or Ail - 2x90g","p":1.99,"u":"11,06 €/KG","img":"https://fd15-photos.leclercdrive.fr/image.ashx?id=2606049&use=l&cat=p&typeid=i","cat":284464},{"id":29701,"n":"Bonbons Confiséo Menthe fraîcheur - 360g","p":2.54,"u":"7,06 €/KG","img":"https://fd15-photos.leclercdrive.fr/image.ashx?id=2934682&use=l&cat=p&typeid=i","cat":304252},{"id":29751,"n":"Apéritif Lagoa Cocktail Pêche sans alcool 75cl","p":4.19,"u":"5,59 €/L","img":"https://fd15-photos.leclercdrive.fr/image.ashx?id=2817163&use=l&cat=p&typeid=i","cat":284549},{"id":29753,"n":"Eau gazeuse La Pétillante Citron vert sans sucre - 1L","p":0.84,"u":"0,84 €/L","img":"https://fd15-photos.leclercdrive.fr/image.ashx?id=2669738&use=l&cat=p&typeid=i","cat":284536},{"id":29754,"n":"Eau gazeuse La Pétillante Citron sans sucre - 1L","p":0.8,"u":"0,80 €/L","img":"https://fd15-photos.leclercdrive.fr/image.ashx?id=2590442&use=l&cat=p&typeid=i","cat":284536},{"id":29759,"n":"Bière Hoegaarden rosée 3% - 6x25cl","p":8.97,"u":"5,98 €/L","img":"https://fd15-photos.leclercdrive.fr/image.ashx?id=1562515&use=l&cat=p&typeid=i","cat":334878},{"id":29765,"n":"Eau gazeuse aromatisée Badoit citron sans sucres - 1l","p":1.9,"u":"1,90 €/L","img":"https://fd15-photos.leclercdrive.fr/image.ashx?id=2730634&use=l&cat=p&typeid=i","cat":284537},{"id":29766,"n":"Mister Cocktail sans alcool Citron vert kiwi - 75cl","p":6.95,"u":"9,27 €/L","img":"https://fd15-photos.leclercdrive.fr/image.ashx?id=3014461&use=l&cat=p&typeid=i","cat":284549},{"id":29767,"n":"Eau gazeuse aromatisée Badoit citron vert sans sucres- 1L","p":2.25,"u":"2,25 €/L","img":"https://fd15-photos.leclercdrive.fr/image.ashx?id=3011044&use=l&cat=p&typeid=i","cat":284537},{"id":29768,"n":"Bière blonde 1664 5,5° - 50cl canette","p":2.25,"u":"4,50 €/L","img":"https://fd15-photos.leclercdrive.fr/image.ashx?id=2887563&use=l&cat=p&typeid=i","cat":334853},{"id":29788,"n":"Crêpes sucrées Tablier Blanc x8 - 400g","p":5.59,"u":"13,98 €/KG","img":"https://fd15-photos.leclercdrive.fr/image.ashx?id=2242622&use=l&cat=p&typeid=i","cat":333672},{"id":29794,"n":"Triangolo Fromage enfants vache Les Croisés 24 portions - 400g","p":3.15,"u":"7,88 €/KG","img":"https://fd15-photos.leclercdrive.fr/image.ashx?id=2791779&use=l&cat=p&typeid=i","cat":314030},{"id":29795,"n":"Fromage à tartiner Les Croisés Ail et fines herbes 24%mg 250g","p":2.5,"u":"10,00 €/KG","img":"https://fd15-photos.leclercdrive.fr/image.ashx?id=2476143&use=l&cat=p&typeid=i","cat":314029},{"id":29803,"n":"Jambon de Vendée IGP NRT X4 - 120g","p":4.78,"u":"39,83 €/KG","img":"https://fd15-photos.leclercdrive.fr/image.ashx?id=788414&use=l&cat=p&typeid=i","cat":316007},{"id":29816,"n":"Bicarbonate alimentaire La Baleine - 800g","p":4.39,"u":"5,49 €/KG","img":"https://fd15-photos.leclercdrive.fr/image.ashx?id=2468335&use=l&cat=p&typeid=i","cat":284457},{"id":29824,"n":"Liqueur Lagoa Goût coco 17%vol - 70cl","p":9.65,"u":"13,79 €/L","img":"https://fd15-photos.leclercdrive.fr/image.ashx?id=2958332&use=l&cat=p&typeid=i","cat":284551},{"id":29831,"n":"Saucisson de Paris fumé NRT A l'ail - 220g","p":4.25,"u":"19,32 €/KG","img":"https://fd15-photos.leclercdrive.fr/image.ashx?id=2931865&use=l&cat=p&typeid=i","cat":316006},{"id":29838,"n":"Bouillon cubes Knorr Bœuf - x15 cubes - 150g","p":2.3,"u":"15,33 €/KG","img":"https://fd15-photos.leclercdrive.fr/image.ashx?id=2848542&use=l&cat=p&typeid=i","cat":288379},{"id":29845,"n":"Moulin saveur Ducros Assaisonnement steak - 35g","p":3.65,"u":"104,29 €/KG","img":"https://fd15-photos.leclercdrive.fr/image.ashx?id=2559448&use=l&cat=p&typeid=i","cat":298297},{"id":29854,"n":"Beurre de Bretagne Les Croisés Doux - 82% MG - 250g","p":3.0,"u":"12,00 €/KG","img":"https://fd15-photos.leclercdrive.fr/image.ashx?id=2778042&use=l&cat=p&typeid=i","cat":284379},{"id":29855,"n":"Beurre de Bretagne Les Croisés Demi-sel - 80% MG - 250g","p":2.81,"u":"11,24 €/KG","img":"https://fd15-photos.leclercdrive.fr/image.ashx?id=2778048&use=l&cat=p&typeid=i","cat":284379},{"id":29857,"n":"Beurre Les Croisés 80% MG  Demi-sel Extra fin - 125g","p":1.79,"u":"14,32 €/KG","img":"https://fd15-photos.leclercdrive.fr/image.ashx?id=2778069&use=l&cat=p&typeid=i","cat":284379},{"id":29861,"n":"Boisson lactée Délisse Fraise - 6x20cl","p":2.99,"u":"2,49 €/L","img":"https://fd15-photos.leclercdrive.fr/image.ashx?id=2174693&use=l&cat=p&typeid=i","cat":295246},{"id":29864,"n":"Crème fraîche entière Délisse Fleurette - 30% MG - 40cl","p":2.75,"u":"6,88 €/L","img":"https://fd15-photos.leclercdrive.fr/image.ashx?id=3002575&use=l&cat=p&typeid=i","cat":284381},{"id":29865,"n":"Crème fraîche légère Délisse Fleurette - 12% MG - 40cl","p":2.05,"u":"5,13 €/L","img":"https://fd15-photos.leclercdrive.fr/image.ashx?id=3002578&use=l&cat=p&typeid=i","cat":284381},{"id":29866,"n":"Crème légère fluide UHT Délisse Brique 12%mg - 1L","p":3.68,"u":"3,68 €/L","img":"https://fd15-photos.leclercdrive.fr/image.ashx?id=3002584&use=l&cat=p&typeid=i","cat":284381},{"id":29869,"n":"Crème anglaise Délisse 1L","p":3.19,"u":"3,19 €/L","img":"https://fd15-photos.leclercdrive.fr/image.ashx?id=3002596&use=l&cat=p&typeid=i","cat":284382},{"id":29870,"n":"Crème d'Isigny AOP NRT 40%MG - 20cl","p":2.44,"u":"12,20 €/L","img":"https://fd15-photos.leclercdrive.fr/image.ashx?id=2771070&use=l&cat=p&typeid=i","cat":284381},{"id":29872,"n":"Crème semi-épaisse légère UHT Délisse 18%mg - 2x25cl","p":3.07,"u":"6,14 €/L","img":"https://fd15-photos.leclercdrive.fr/image.ashx?id=3002593&use=l&cat=p&typeid=i","cat":284381},{"id":29874,"n":"Emincés poireaux Notre Jardin A la crème 750g","p":3.36,"u":"4,48 €/KG","img":"https://fd15-photos.leclercdrive.fr/image.ashx?id=2873144&use=l&cat=p&typeid=i","cat":319805},{"id":29896,"n":"Peppermint Whist Club 17%vol. - 70cl","p":8.29,"u":"11,84 €/L","img":"https://fd15-photos.leclercdrive.fr/image.ashx?id=1730735&use=l&cat=p&typeid=i","cat":286032},{"id":29897,"n":"Liqueur pomme verte Manzella 17%vol. - 70cl","p":7.8,"u":"11,14 €/L","img":"https://fd15-photos.leclercdrive.fr/image.ashx?id=763367&use=l&cat=p&typeid=i","cat":286032},{"id":29961,"n":"AOC Buzet rouge L'Excellence - 75cl","p":8.48,"u":"11,31 €/L","img":"https://fd15-photos.leclercdrive.fr/image.ashx?id=2831891&use=l&cat=p&typeid=i","cat":289556},{"id":29978,"n":"La Fermière Yaourt brassé crème de Marrons - 2x160g","p":2.96,"u":"9,25 €/KG","img":"https://fd15-photos.leclercdrive.fr/image.ashx?id=3004927&use=l&cat=p&typeid=i","cat":314999},{"id":29979,"n":"Paupiette de veau Marie  Jardinière de légumes - 300g","p":5.69,"u":"18,97 €/KG","img":"https://fd15-photos.leclercdrive.fr/image.ashx?id=2317420&use=l&cat=p&typeid=i","cat":333665},{"id":29980,"n":"Rôti de poulet Fleury Michon Halal x6 - 180g","p":4.79,"u":"26,61 €/KG","img":"https://fd15-photos.leclercdrive.fr/image.ashx?id=2998934&use=l&cat=p&typeid=i","cat":316013},{"id":29986,"n":"Genièvre Loos 42%vol. - 70cl","p":21.95,"u":"31,36 €/L","img":"https://fd15-photos.leclercdrive.fr/image.ashx?id=1586613&use=l&cat=p&typeid=i","cat":286032},{"id":30023,"n":"AOP Coeur de Neufchâtel 45%mg - 200g","p":3.83,"u":"19,15 €/KG","img":"https://fd15-photos.leclercdrive.fr/image.ashx?id=1989489&use=l&cat=p&typeid=i","cat":329558},{"id":30029,"n":"Poêlée champignons Notre Jardin Forestière - 400g","p":3.75,"u":"9,38 €/KG","img":"https://fd15-photos.leclercdrive.fr/image.ashx?id=2771372&use=l&cat=p&typeid=i","cat":319823},{"id":30039,"n":"Lait de montagne Délisse UHT Bouteille -  1L","p":1.99,"u":"1,99 €/L","img":"https://fd15-photos.leclercdrive.fr/image.ashx?id=2929934&use=l&cat=p&typeid=i","cat":284377},{"id":30040,"n":"Lait de montagne Délisse Brique UHT -  1L","p":1.99,"u":"1,99 €/L","img":"https://fd15-photos.leclercdrive.fr/image.ashx?id=2610208&use=l&cat=p&typeid=i","cat":284377},{"id":30045,"n":"Lait fermenté Délisse 1L","p":1.85,"u":"1,85 €/L","img":"https://fd15-photos.leclercdrive.fr/image.ashx?id=1889087&use=l&cat=p&typeid=i","cat":285609},{"id":30046,"n":"Lait bio Bio Village Bouteille  Demi-écrémé UHT -  50cl","p":1.08,"u":"2,16 €/L","img":"https://fd15-photos.leclercdrive.fr/image.ashx?id=2981909&use=l&cat=p&typeid=i","cat":284377},{"id":30051,"n":"Mini gratins Côté Table Choux fleurs - x4 480g","p":4.56,"u":"9,50 €/KG","img":"https://fd15-photos.leclercdrive.fr/image.ashx?id=2029370&use=l&cat=p&typeid=i","cat":319802},{"id":30053,"n":"Nuggets de poulet Pic'Express x18 400g","p":5.95,"u":"14,88 €/KG","img":"https://fd15-photos.leclercdrive.fr/image.ashx?id=2823747&use=l&cat=p&typeid=i","cat":319780},{"id":30055,"n":"Légumes pour potage Bio Bio Village - 600g","p":3.09,"u":"5,15 €/KG","img":"https://fd15-photos.leclercdrive.fr/image.ashx?id=2891818&use=l&cat=p&typeid=i","cat":319805},{"id":30056,"n":"Ratatouille Bio Bio Village Cuisinée - 600g","p":4.11,"u":"6,85 €/KG","img":"https://fd15-photos.leclercdrive.fr/image.ashx?id=2891821&use=l&cat=p&typeid=i","cat":319823},{"id":30059,"n":"Trio de fleurette Notre Jardin 1kg","p":2.93,"u":"2,93 €/KG","img":"https://fd15-photos.leclercdrive.fr/image.ashx?id=2873141&use=l&cat=p&typeid=i","cat":319805},{"id":30069,"n":"Roux minute Maïzena Béchamel - 250g","p":3.34,"u":"13,36 €/KG","img":"https://fd15-photos.leclercdrive.fr/image.ashx?id=2769603&use=l&cat=p&typeid=i","cat":288382},{"id":30084,"n":"Bacon Saint Azay 100g","p":1.99,"u":"19,90 €/KG","img":"https://fd15-photos.leclercdrive.fr/image.ashx?id=2943653&use=l&cat=p&typeid=i","cat":316007},{"id":30086,"n":"Blanc de dinde Tradilège x4 - 120g","p":2.89,"u":"24,08 €/KG","img":"https://fd15-photos.leclercdrive.fr/image.ashx?id=2943674&use=l&cat=p&typeid=i","cat":316010},{"id":30089,"n":"Blanc de poulet Tradilège 6 tranches - 180g","p":2.8,"u":"15,56 €/KG","img":"https://fd15-photos.leclercdrive.fr/image.ashx?id=2943677&use=l&cat=p&typeid=i","cat":316010},{"id":30091,"n":"Blanc de dinde Tradilège 6 tranches 180g","p":2.88,"u":"16,00 €/KG","img":"https://fd15-photos.leclercdrive.fr/image.ashx?id=2925744&use=l&cat=p&typeid=i","cat":316010},{"id":30093,"n":"Jambon supérieur Tradilège -25% de sel - Découenné x2-80g","p":2.45,"u":"30,63 €/KG","img":"https://fd15-photos.leclercdrive.fr/image.ashx?id=2153183&use=l&cat=p&typeid=i","cat":316009},{"id":30094,"n":"Jambon à griller Tradilège 2 tranches 160g","p":3.15,"u":"19,69 €/KG","img":"https://fd15-photos.leclercdrive.fr/image.ashx?id=2064633&use=l&cat=p&typeid=i","cat":316009},{"id":30099,"n":"Duo pâté / mousse Tradilège Canard 2x50g","p":1.78,"u":"17,80 €/KG","img":"https://fd15-photos.leclercdrive.fr/image.ashx?id=2683583&use=l&cat=p&typeid=i","cat":316008},{"id":30105,"n":"Rillettes du Mans Tradilège 110g","p":1.93,"u":"17,55 €/KG","img":"https://fd15-photos.leclercdrive.fr/image.ashx?id=2059435&use=l&cat=p&typeid=i","cat":316008},{"id":30108,"n":"Poitrine Nature Tradilège Tranches fines - 2x7T - 200g","p":4.3,"u":"21,50 €/KG","img":"https://fd15-photos.leclercdrive.fr/image.ashx?id=2852270&use=l&cat=p&typeid=i","cat":316011},{"id":30110,"n":"Pommes de terre NRT à la Sarladaise - 600g","p":5.95,"u":"9,92 €/KG","img":"https://fd15-photos.leclercdrive.fr/image.ashx?id=2699816&use=l&cat=p&typeid=i","cat":319823},{"id":30113,"n":"Pâté de tête Tradilège Persillé VPF 180g","p":3.03,"u":"16,83 €/KG","img":"https://fd15-photos.leclercdrive.fr/image.ashx?id=2930757&use=l&cat=p&typeid=i","cat":316008},{"id":30114,"n":"Pansements Mercurochrome Hydrocolloïdes - x6","p":7.49,"u":"1,25 €/P","img":"https://fd15-photos.leclercdrive.fr/image.ashx?id=2663962&use=l&cat=p&typeid=i","cat":284630},{"id":30124,"n":"Soupe Régal Soupe Tomate et vermicelles - 1L","p":2.35,"u":"2,35 €/L","img":"https://fd15-photos.leclercdrive.fr/image.ashx?id=2607518&use=l&cat=p&typeid=i","cat":284462},{"id":30125,"n":"Soupe Velouté Régal Soupe Légumes du soleil - 1L","p":1.89,"u":"1,89 €/L","img":"https://fd15-photos.leclercdrive.fr/image.ashx?id=2983799&use=l&cat=p&typeid=i","cat":284462},{"id":30128,"n":"Céréales Chocapic Nestlé Chocolat - 1kg","p":6.79,"u":"6,79 €/KG","img":"https://fd15-photos.leclercdrive.fr/image.ashx?id=2977729&use=l&cat=p&typeid=i","cat":309513},{"id":30144,"n":"Croquettes chiens adulte Ultima Medium/maxi - poulet 7.5kg","p":29.44,"u":"3,93 €/KG","img":"https://fd15-photos.leclercdrive.fr/image.ashx?id=2872033&use=l&cat=p&typeid=i","cat":284672},{"id":30145,"n":"Croquettes chiens Ultima Allégées - 7.5kg","p":30.29,"u":"4,04 €/KG","img":"https://fd15-photos.leclercdrive.fr/image.ashx?id=2328175&use=l&cat=p&typeid=i","cat":284672},{"id":30146,"n":"Croquettes chiens senior Ultima Medium/maxi - poulet - 7.5kg","p":29.44,"u":"3,93 €/KG","img":"https://fd15-photos.leclercdrive.fr/image.ashx?id=2505876&use=l&cat=p&typeid=i","cat":284672},{"id":30150,"n":"Eau aromatisée Volvic Juicy Agrumes -1,5L","p":2.8,"u":"1,87 €/L","img":"https://fd15-photos.leclercdrive.fr/image.ashx?id=2961987&use=l&cat=p&typeid=i","cat":284537},{"id":30185,"n":"Haché moelleux oignon Férial x10 - 1kg","p":9.89,"u":"9,89 €/KG","img":"https://fd15-photos.leclercdrive.fr/image.ashx?id=2704517&use=l&cat=p&typeid=i","cat":319778},{"id":30186,"n":"Haché moelleux Férial x10 - 1kg","p":11.75,"u":"11,75 €/KG","img":"https://fd15-photos.leclercdrive.fr/image.ashx?id=2966514&use=l&cat=p&typeid=i","cat":319778},{"id":30188,"n":"Steak haché bio - Bio Village  15%mg x4 - 400g","p":7.19,"u":"17,98 €/KG","img":"https://fd15-photos.leclercdrive.fr/image.ashx?id=2840422&use=l&cat=p&typeid=i","cat":319778},{"id":30189,"n":"Tortillas chips Tokapi Chili - 150g","p":1.59,"u":"10,60 €/KG","img":"https://fd15-photos.leclercdrive.fr/image.ashx?id=2647958&use=l&cat=p&typeid=i","cat":287899},{"id":30191,"n":"Muscat de Frontignan AOC Cesar Brezillou 75cl","p":13.76,"u":"18,35 €/L","img":"https://fd15-photos.leclercdrive.fr/image.ashx?id=1793682&use=l&cat=p&typeid=i","cat":284913},{"id":30199,"n":"Mandarines  1kg","p":3.89,"u":"3,89 €/KG","img":"https://fd15-photos.leclercdrive.fr/image.ashx?id=1663796&use=l&cat=p&typeid=i","cat":284356},{"id":30212,"n":"Soufflés l'Original Curly Cacahuète - 100g","p":1.95,"u":"19,50 €/KG","img":"https://fd15-photos.leclercdrive.fr/image.ashx?id=2693635&use=l&cat=p&typeid=i","cat":284449},{"id":30213,"n":"Soufflés l'Original Curly Cacahuète - 2x100g","p":4.2,"u":"21,00 €/KG","img":"https://fd15-photos.leclercdrive.fr/image.ashx?id=2962887&use=l&cat=p&typeid=i","cat":284449},{"id":30235,"n":"Bonbons Tic Tac  Menthe x100 - 49g","p":2.3,"u":"46,94 €/KG","img":"https://fd15-photos.leclercdrive.fr/image.ashx?id=2729470&use=l&cat=p&typeid=i","cat":304256},{"id":30256,"n":"Pâte à tartiner Nutella 825g","p":9.5,"u":"11,52 €/KG","img":"https://fd15-photos.leclercdrive.fr/image.ashx?id=2961813&use=l&cat=p&typeid=i","cat":284481},{"id":30257,"n":"Cassoulet La Belle Chaurienne Au canard 420g","p":3.99,"u":"9,50 €/KG","img":"https://fd15-photos.leclercdrive.fr/image.ashx?id=2831912&use=l&cat=p&typeid=i","cat":284440},{"id":30272,"n":"IGP Pays d'Oc rouge Merlot Les Ormes de Cambras 12.5% BIB 5L","p":37.15,"u":"7,43 €/L","img":"https://fd15-photos.leclercdrive.fr/image.ashx?id=2443871&use=l&cat=p&typeid=i","cat":289560},{"id":30349,"n":"Nettoyant écologique Uni Vert Salle de bain - 750ml","p":2.35,"u":"3,13 €/L","img":"https://fd15-photos.leclercdrive.fr/image.ashx?id=2531178&use=l&cat=p&typeid=i","cat":325357},{"id":30350,"n":"Nettoyant écologique Uni Vert Cuisine - 750ml","p":3.29,"u":"4,39 €/L","img":"https://fd15-photos.leclercdrive.fr/image.ashx?id=2531175&use=l&cat=p&typeid=i","cat":325357},{"id":30351,"n":"Chicorée soluble Leroux Nature - x20 - 50g","p":6.22,"u":"124,40 €/KG","img":"https://fd15-photos.leclercdrive.fr/image.ashx?id=2100991&use=l&cat=p&typeid=i","cat":284843},{"id":30362,"n":"Fleur de maïs Maïzena 400g","p":3.29,"u":"8,23 €/KG","img":"https://fd15-photos.leclercdrive.fr/image.ashx?id=2312770&use=l&cat=p&typeid=i","cat":288382},{"id":30365,"n":"Arôme vanille Sainte Lucie Flacon 250ml","p":4.05,"u":"16,20 €/L","img":"https://fd15-photos.leclercdrive.fr/image.ashx?id=2774367&use=l&cat=p&typeid=i","cat":284504},{"id":30368,"n":"Barres Kinder bueno White 3x2 117g","p":3.8,"u":"32,48 €/KG","img":"https://fd15-photos.leclercdrive.fr/image.ashx?id=2515107&use=l&cat=p&typeid=i","cat":284958},{"id":30369,"n":"Arôme vanille Sainte Lucie Naturel 20ml","p":3.4,"u":"170,00 €/L","img":"https://fd15-photos.leclercdrive.fr/image.ashx?id=2174910&use=l&cat=p&typeid=i","cat":284504},{"id":30372,"n":"Fleur de Maïs Maïzena Sans Gluten Format Famille 700g","p":5.85,"u":"8,36 €/KG","img":"https://fd15-photos.leclercdrive.fr/image.ashx?id=2773907&use=l&cat=p&typeid=i","cat":288382},{"id":30377,"n":"Levure chimique Sainte Lucie Sachet x5 50g","p":0.9,"u":"18,00 €/KG","img":"https://fd15-photos.leclercdrive.fr/image.ashx?id=2775089&use=l&cat=p&typeid=i","cat":294686},{"id":30393,"n":"Mélange Ducros Cuisine à l'italienne - 30g","p":2.4,"u":"80,00 €/KG","img":"https://fd15-photos.leclercdrive.fr/image.ashx?id=2559454&use=l&cat=p&typeid=i","cat":298297},{"id":30395,"n":"Piment d'Espelette AOP Ducros - 40g","p":11.55,"u":"288,75 €/KG","img":"https://fd15-photos.leclercdrive.fr/image.ashx?id=2559463&use=l&cat=p&typeid=i","cat":298297},{"id":30397,"n":"Levure boulangerie Sainte Lucie Super active sachet x5 40g","p":1.95,"u":"48,75 €/KG","img":"https://fd15-photos.leclercdrive.fr/image.ashx?id=2829946&use=l&cat=p&typeid=i","cat":294686},{"id":30398,"n":"Noix ambrées Sainte Lucie Cerneaux - 50g","p":1.99,"u":"39,80 €/KG","img":"https://fd15-photos.leclercdrive.fr/image.ashx?id=2775104&use=l&cat=p&typeid=i","cat":323809},{"id":30407,"n":"Dés de fromage salade Boursin Ail & fines herbes -120g","p":3.09,"u":"25,75 €/KG","img":"https://fd15-photos.leclercdrive.fr/image.ashx?id=2864366&use=l&cat=p&typeid=i","cat":314027},{"id":30413,"n":"Pommeau de Normandie NRT  17%vol. - 70cl","p":13.59,"u":"19,41 €/L","img":"https://fd15-photos.leclercdrive.fr/image.ashx?id=1647898&use=l&cat=p&typeid=i","cat":284913},{"id":30414,"n":"Muscat de Mireval AOC NRT  15%vol - 75cl","p":12.85,"u":"17,13 €/L","img":"https://fd15-photos.leclercdrive.fr/image.ashx?id=1965020&use=l&cat=p&typeid=i","cat":284913},{"id":30420,"n":"Pizza Cuite sur pierre Turini Royale familiale - 570g","p":5.79,"u":"10,16 €/KG","img":"https://fd15-photos.leclercdrive.fr/image.ashx?id=2815241&use=l&cat=p&typeid=i","cat":284256},{"id":30477,"n":"Chocolat Pâtissier Nestlé Dessert : Praliné - 170g","p":4.3,"u":"25,29 €/KG","img":"https://fd15-photos.leclercdrive.fr/image.ashx?id=2895637&use=l&cat=p&typeid=i","cat":285562},{"id":30534,"n":"Gésiers de canard du Sud-Ouest tranchés - NRT - 120g","p":4.5,"u":"37,50 €/KG","img":"https://fd15-photos.leclercdrive.fr/image.ashx?id=2819962&use=l&cat=p&typeid=i","cat":284715},{"id":30563,"n":"Coquillettes Lustucru Aux oeufs frais - 500g","p":2.35,"u":"4,70 €/KG","img":"https://fd15-photos.leclercdrive.fr/image.ashx?id=2799856&use=l&cat=p&typeid=i","cat":284427},{"id":30570,"n":"Sauce Tube Ail Oignons Panzani Panzani - 180G","p":1.69,"u":"9,39 €/KG","img":"https://fd15-photos.leclercdrive.fr/image.ashx?id=3004804&use=l&cat=p&typeid=i","cat":288384},{"id":30572,"n":"Pur jus de pomme Jafaden 1L","p":3.6,"u":"3,60 €/L","img":"https://fd15-photos.leclercdrive.fr/image.ashx?id=2916701&use=l&cat=p&typeid=i","cat":285435},{"id":30575,"n":"Happy' Box Haribo Boîte bonbons - 600g","p":6.3,"u":"10,50 €/KG","img":"https://fd15-photos.leclercdrive.fr/image.ashx?id=2802353&use=l&cat=p&typeid=i","cat":304250},{"id":30576,"n":"Zanzigliss Haribo Sachet bonbons réglisse - 300g","p":2.35,"u":"7,83 €/KG","img":"https://fd15-photos.leclercdrive.fr/image.ashx?id=2802347&use=l&cat=p&typeid=i","cat":304250},{"id":30577,"n":"Les Schtroumpfs Pik Haribo Sachet bonbons acidulés - 275g","p":3.6,"u":"13,09 €/KG","img":"https://fd15-photos.leclercdrive.fr/image.ashx?id=2984898&use=l&cat=p&typeid=i","cat":304250},{"id":30582,"n":"Petit pot de crème Délisse Vanille - 8x100g","p":5.45,"u":"6,81 €/KG","img":"https://fd15-photos.leclercdrive.fr/image.ashx?id=2544976&use=l&cat=p&typeid=i","cat":285041},{"id":30587,"n":"Yaourts châtaignes Bio village Bio au lait de brebis - 2x125g","p":2.4,"u":"9,60 €/KG","img":"https://fd15-photos.leclercdrive.fr/image.ashx?id=2658593&use=l&cat=p&typeid=i","cat":314998},{"id":30592,"n":"Fromage blanc Délisse Sucré 3% MG - 8x100g","p":2.79,"u":"3,49 €/KG","img":"https://fd15-photos.leclercdrive.fr/image.ashx?id=3012833&use=l&cat=p&typeid=i","cat":284409},{"id":30594,"n":"Fromage frais nature Bio Bio village - 12x60g","p":4.25,"u":"5,90 €/KG","img":"https://fd15-photos.leclercdrive.fr/image.ashx?id=2992633&use=l&cat=p&typeid=i","cat":284409},{"id":30600,"n":"Billes Chocolat au Lait KitKat Sachet  - 250g","p":4.95,"u":"19,80 €/KG","img":"https://fd15-photos.leclercdrive.fr/image.ashx?id=2806063&use=l&cat=p&typeid=i","cat":304238},{"id":30603,"n":"Soupe liquide brique Liebig  Chinoise - 1L","p":3.99,"u":"3,99 €/L","img":"https://fd15-photos.leclercdrive.fr/image.ashx?id=2750988&use=l&cat=p&typeid=i","cat":287367},{"id":30627,"n":"Salade Notre Jardin Jeunes pousses d'épinard - 100g","p":3.49,"u":"34,90 €/KG","img":"https://fd15-photos.leclercdrive.fr/image.ashx?id=2663281&use=l&cat=p&typeid=i","cat":284353},{"id":30641,"n":"Son d'avoine bio Bio Village 500g","p":3.28,"u":"6,56 €/KG","img":"https://fd15-photos.leclercdrive.fr/image.ashx?id=2664334&use=l&cat=p&typeid=i","cat":309512},{"id":30645,"n":"Salade Notre Jardin Duo Mâche et Roquette - 125g","p":3.49,"u":"27,92 €/KG","img":"https://fd15-photos.leclercdrive.fr/image.ashx?id=2720172&use=l&cat=p&typeid=i","cat":284353},{"id":30646,"n":"Salade Notre Jardin Feuille de chêne - 125g","p":2.99,"u":"23,92 €/KG","img":"https://fd15-photos.leclercdrive.fr/image.ashx?id=2693309&use=l&cat=p&typeid=i","cat":284353},{"id":30656,"n":"Bandes de cire froide Siliss Maillot aisselles - x16","p":1.95,"u":"0,12 €/P","img":"https://fd15-photos.leclercdrive.fr/image.ashx?id=3001208&use=l&cat=p&typeid=i","cat":325351},{"id":30685,"n":"Liquide vaisselle Palmolive Original  amande - 750ml","p":2.85,"u":"3,80 €/L","img":"https://fd15-photos.leclercdrive.fr/image.ashx?id=2690147&use=l&cat=p&typeid=i","cat":284655},{"id":30697,"n":"Savon d'alep Manava 200g","p":6.2,"u":"31,00 €/KG","img":"https://fd15-photos.leclercdrive.fr/image.ashx?id=1952895&use=l&cat=p&typeid=i","cat":284597},{"id":30715,"n":"Désodorisant Texil Parfumé 500ml","p":3.92,"u":"7,84 €/L","img":"https://fd15-photos.leclercdrive.fr/image.ashx?id=2964568&use=l&cat=p&typeid=i","cat":290451},{"id":30729,"n":"Crème Dépilatoire Siliss Maillot aisselles - 100ml","p":2.99,"u":"29,90 €/L","img":"https://fd15-photos.leclercdrive.fr/image.ashx?id=2699687&use=l&cat=p&typeid=i","cat":325351},{"id":30733,"n":"Déboucheur canalisations Syphon 1L","p":2.39,"u":"2,39 €/L","img":"https://fd15-photos.leclercdrive.fr/image.ashx?id=2794193&use=l&cat=p&typeid=i","cat":284908},{"id":30758,"n":"Eau de javel La Croix Précise Désinfectant fraîch - 750ml","p":2.35,"u":"3,13 €/L","img":"https://fd15-photos.leclercdrive.fr/image.ashx?id=2512327&use=l&cat=p&typeid=i","cat":284661},{"id":30768,"n":"Gel douche Manava Pétales d'Orient 100ml","p":0.82,"u":"8,20 €/L","img":"https://fd15-photos.leclercdrive.fr/image.ashx?id=1669982&use=l&cat=p&typeid=i","cat":284594},{"id":30780,"n":"Sacs poubelle 30L Eco+ x20","p":1.55,"u":"0,08 €/P","img":"https://fd15-photos.leclercdrive.fr/image.ashx?id=2801768&use=l&cat=p&typeid=i","cat":285168},{"id":30781,"n":"Sacs poubelle 50L Eco+ x10","p":0.85,"u":"0,09 €/P","img":"https://fd15-photos.leclercdrive.fr/image.ashx?id=2793143&use=l&cat=p&typeid=i","cat":285168},{"id":30791,"n":"Mouchoirs blancs 2 plis Eco+ Boîte mouchoirs en papier- x150","p":1.24,"u":"0,01 €/P","img":"https://fd15-photos.leclercdrive.fr/image.ashx?id=2897751&use=l&cat=p&typeid=i","cat":284638},{"id":30808,"n":"Coton-tiges Eco+ Tige papier x200 bâtonnets","p":0.49,"img":"https://fd15-photos.leclercdrive.fr/image.ashx?id=2940893&use=l&cat=p&typeid=i","cat":284636},{"id":30815,"n":"Dissolvant Eco+ 250ml","p":1.51,"u":"6,04 €/L","img":"https://fd15-photos.leclercdrive.fr/image.ashx?id=1873934&use=l&cat=p&typeid=i","cat":325347},{"id":30816,"n":"Film étirable Eco+ 50m","p":1.88,"img":"https://fd15-photos.leclercdrive.fr/image.ashx?id=2751847&use=l&cat=p&typeid=i","cat":334134},{"id":30850,"n":"Blanquette veau Côté Table Champignons 285g","p":3.39,"u":"11,89 €/KG","img":"https://fd15-photos.leclercdrive.fr/image.ashx?id=2064822&use=l&cat=p&typeid=i","cat":284953},{"id":30856,"n":"Emincés de poulet Tradilège Rôti - 2x75g","p":2.93,"u":"19,53 €/KG","img":"https://fd15-photos.leclercdrive.fr/image.ashx?id=2930775&use=l&cat=p&typeid=i","cat":316011},{"id":30881,"n":"Tortillas Old El Paso de maïs et blé x8 - 335g","p":3.8,"u":"11,34 €/KG","img":"https://fd15-photos.leclercdrive.fr/image.ashx?id=2738794&use=l&cat=p&typeid=i","cat":288993},{"id":30882,"n":"Bloc de fromage Leerdammer L'Original - 250g","p":4.85,"u":"19,40 €/KG","img":"https://fd15-photos.leclercdrive.fr/image.ashx?id=2146096&use=l&cat=p&typeid=i","cat":314034},{"id":30898,"n":"Gâteaux aux pépites chocolat x6 Chaque Jour Sans Gluten 230g","p":4.99,"u":"21,70 €/KG","img":"https://fd15-photos.leclercdrive.fr/image.ashx?id=2691249&use=l&cat=p&typeid=i","cat":318654},{"id":30900,"n":"Biscuits sablés Sans gluten Chocolat noir - 150g","p":4.95,"u":"33,00 €/KG","img":"https://fd15-photos.leclercdrive.fr/image.ashx?id=2669741&use=l&cat=p&typeid=i","cat":318654},{"id":30901,"n":"Cookies Chaque Jour sans gluten aux pépites de chocolat - 150g","p":4.15,"u":"27,67 €/KG","img":"https://fd15-photos.leclercdrive.fr/image.ashx?id=2669744&use=l&cat=p&typeid=i","cat":318654},{"id":30905,"n":"Coquilles moelleuses x6 Chaque Jour Sans Gluten 180g","p":3.99,"u":"22,17 €/KG","img":"https://fd15-photos.leclercdrive.fr/image.ashx?id=2710792&use=l&cat=p&typeid=i","cat":318654},{"id":30910,"n":"Pain façon campagnard Chaque Jour Sans Gluten - 400g","p":7.39,"u":"18,48 €/KG","img":"https://fd15-photos.leclercdrive.fr/image.ashx?id=2710795&use=l&cat=p&typeid=i","cat":325069},{"id":30911,"n":"Pain précuit sans gluten Petites baguettes x2 - 150g","p":3.59,"u":"23,93 €/KG","img":"https://fd15-photos.leclercdrive.fr/image.ashx?id=2622019&use=l&cat=p&typeid=i","cat":325069},{"id":30916,"n":"Ciboulette Sainte Lucie Tubulaire - 5g","p":1.99,"u":"398,00 €/KG","img":"https://fd15-photos.leclercdrive.fr/image.ashx?id=2974336&use=l&cat=p&typeid=i","cat":298297},{"id":30917,"n":"Pâtes Escalope volaille Marie Crème champignons - 900g","p":9.95,"u":"11,06 €/KG","img":"https://fd15-photos.leclercdrive.fr/image.ashx?id=2996794&use=l&cat=p&typeid=i","cat":284254},{"id":30928,"n":"Fumet de poisson Rustica Déshydraté - 90g","p":2.1,"u":"23,33 €/KG","img":"https://fd15-photos.leclercdrive.fr/image.ashx?id=2849578&use=l&cat=p&typeid=i","cat":288379},{"id":30929,"n":"Tortillas chips Tables du Monde Nature - 200g","p":1.39,"u":"6,95 €/KG","img":"https://fd15-photos.leclercdrive.fr/image.ashx?id=2655695&use=l&cat=p&typeid=i","cat":288993},{"id":30932,"n":"Biscuits déli matin P'tit Déli  Chocolat allégé- 300g","p":3.12,"u":"10,40 €/KG","img":"https://fd15-photos.leclercdrive.fr/image.ashx?id=3001202&use=l&cat=p&typeid=i","cat":284491},{"id":30936,"n":"Huile Isio 4 Lesieur 2L","p":9.59,"u":"4,80 €/L","img":"https://fd15-photos.leclercdrive.fr/image.ashx?id=2916021&use=l&cat=p&typeid=i","cat":284453},{"id":30947,"n":"Pâtes Collezione Barilla Tagliatelle - 500g","p":2.25,"u":"4,50 €/KG","img":"https://fd15-photos.leclercdrive.fr/image.ashx?id=2654119&use=l&cat=p&typeid=i","cat":284427},{"id":30949,"n":"plat cuisiné quinoa tomates olives bio bjorg- 250g","p":4.99,"u":"19,96 €/KG","img":"https://fd15-photos.leclercdrive.fr/image.ashx?id=2854444&use=l&cat=p&typeid=i","cat":287600},{"id":30951,"n":"Chocolat au lait Tablette d'Or Coeur de lait - 2x100g","p":2.85,"u":"14,25 €/KG","img":"https://fd15-photos.leclercdrive.fr/image.ashx?id=3010575&use=l&cat=p&typeid=i","cat":284497},{"id":30976,"n":"Matière grasse Bridelight Demi-sel - 15% MG - 250g","p":3.08,"u":"12,32 €/KG","img":"https://fd15-photos.leclercdrive.fr/image.ashx?id=2643890&use=l&cat=p&typeid=i","cat":284379},{"id":30983,"n":"Filets de limande Pêche Océan Meunière - MSC - 400g","p":7.25,"u":"18,13 €/KG","img":"https://fd15-photos.leclercdrive.fr/image.ashx?id=2489122&use=l&cat=p&typeid=i","cat":319788},{"id":30989,"n":"Quiche lorraine Côté Table 2x150g","p":2.99,"u":"9,97 €/KG","img":"https://fd15-photos.leclercdrive.fr/image.ashx?id=2791770&use=l&cat=p&typeid=i","cat":284257},{"id":30992,"n":"Poêlée paysanne Marie Saucisse fumé - 900g","p":7.35,"u":"8,17 €/KG","img":"https://fd15-photos.leclercdrive.fr/image.ashx?id=2996797&use=l&cat=p&typeid=i","cat":319823},{"id":30995,"n":"Saucisse sèche Saint-Azay Aux noisettes - 250g","p":3.59,"u":"14,36 €/KG","img":"https://fd15-photos.leclercdrive.fr/image.ashx?id=2404145&use=l&cat=p&typeid=i","cat":316006},{"id":30999,"n":"Spaghetti courts Lustucru Aux oeufs - 500g","p":2.32,"u":"4,64 €/KG","img":"https://fd15-photos.leclercdrive.fr/image.ashx?id=2519798&use=l&cat=p&typeid=i","cat":284427},{"id":31002,"n":"Petit salé aux lentilles  William Saurin - 840g","p":8.39,"u":"9,99 €/KG","img":"https://fd15-photos.leclercdrive.fr/image.ashx?id=2904095&use=l&cat=p&typeid=i","cat":284441},{"id":31004,"n":"Jus de citron jaune Sicile - 20cl","p":1.39,"u":"6,95 €/L","img":"https://fd15-photos.leclercdrive.fr/image.ashx?id=2656988&use=l&cat=p&typeid=i","cat":288383},{"id":31015,"n":"Lait Matin Léger Lactel Sans lactose écrémé - 1l","p":2.53,"u":"2,53 €/L","img":"https://fd15-photos.leclercdrive.fr/image.ashx?id=2883543&use=l&cat=p&typeid=i","cat":317169},{"id":31017,"n":"Lait Bio entier Lactel UHT Bouteille - 1l","p":2.81,"u":"2,81 €/L","img":"https://fd15-photos.leclercdrive.fr/image.ashx?id=2892772&use=l&cat=p&typeid=i","cat":285610},{"id":31018,"n":"Feuille de brick Tablier Blanc En rouleau - 90g","p":2.89,"u":"32,11 €/KG","img":"https://fd15-photos.leclercdrive.fr/image.ashx?id=2188688&use=l&cat=p&typeid=i","cat":333681},{"id":31019,"n":"Feuilles de lasagne Turini 350g","p":2.12,"u":"6,06 €/KG","img":"https://fd15-photos.leclercdrive.fr/image.ashx?id=2617371&use=l&cat=p&typeid=i","cat":333682},{"id":31021,"n":"Gnocchi Turini 800g","p":4.79,"u":"5,99 €/KG","img":"https://fd15-photos.leclercdrive.fr/image.ashx?id=2254529&use=l&cat=p&typeid=i","cat":333682},{"id":31022,"n":"Gnocchi à poêler Turini 500g","p":2.49,"u":"4,98 €/KG","img":"https://fd15-photos.leclercdrive.fr/image.ashx?id=2606822&use=l&cat=p&typeid=i","cat":333682},{"id":31023,"n":"Ravioli Ricotta épinards Bio  Bio village - 250g","p":2.47,"u":"9,88 €/KG","img":"https://fd15-photos.leclercdrive.fr/image.ashx?id=2650252&use=l&cat=p&typeid=i","cat":333682},{"id":31035,"n":"Chips La classique Vico Nature - 135g","p":1.64,"u":"12,15 €/KG","img":"https://fd15-photos.leclercdrive.fr/image.ashx?id=2917801&use=l&cat=p&typeid=i","cat":284447},{"id":31037,"n":"Chips La classique Vico Nature - 270g","p":2.71,"u":"10,04 €/KG","img":"https://fd15-photos.leclercdrive.fr/image.ashx?id=2917804&use=l&cat=p&typeid=i","cat":284447},{"id":31044,"n":"Haricots verts Notre Jardin Extra fins - 5 Fagots - 220g","p":2.1,"u":"9,55 €/KG","img":"https://fd15-photos.leclercdrive.fr/image.ashx?id=2988042&use=l&cat=p&typeid=i","cat":312606},{"id":31046,"n":"Assortiment crackers Tokapi Emmental - 100g","p":0.99,"u":"9,90 €/KG","img":"https://fd15-photos.leclercdrive.fr/image.ashx?id=2034386&use=l&cat=p&typeid=i","cat":297000},{"id":31047,"n":"Assortiment Crackers Tokapi Mélange 4 saveurs - 380g","p":4.45,"u":"11,71 €/KG","img":"https://fd15-photos.leclercdrive.fr/image.ashx?id=2671399&use=l&cat=p&typeid=i","cat":297000},{"id":31048,"n":"Algues Nori Tanoshi 7 feuilles -18g","p":4.25,"u":"236,11 €/KG","img":"https://fd15-photos.leclercdrive.fr/image.ashx?id=2912041&use=l&cat=p&typeid=i","cat":288992},{"id":31052,"n":"Biscuits figue et son GERBLE   - 5x5, 210g","p":2.69,"u":"12,81 €/KG","img":"https://fd15-photos.leclercdrive.fr/image.ashx?id=2662319&use=l&cat=p&typeid=i","cat":318651},{"id":31054,"n":"Bouillon Cube Maggi Vollaile - x12 cubes - 120g","p":2.49,"u":"20,75 €/KG","img":"https://fd15-photos.leclercdrive.fr/image.ashx?id=2736982&use=l&cat=p&typeid=i","cat":288379},{"id":31058,"n":"Pâtes Barilla Capellini n°1 - 500g","p":1.66,"u":"3,32 €/KG","img":"https://fd15-photos.leclercdrive.fr/image.ashx?id=2392194&use=l&cat=p&typeid=i","cat":284427},{"id":31065,"n":"Chocolat poudre Nestle Dessert pâtissier et instantané  - 250g","p":4.35,"u":"17,40 €/KG","img":"https://fd15-photos.leclercdrive.fr/image.ashx?id=2593023&use=l&cat=p&typeid=i","cat":284505},{"id":31068,"n":"Chocolat Pâtissier Tablette dOr Lait - 170g","p":2.68,"u":"15,76 €/KG","img":"https://fd15-photos.leclercdrive.fr/image.ashx?id=2635916&use=l&cat=p&typeid=i","cat":285562},{"id":31069,"n":"Chocolat Pâtissier Tablette dOr Chocolat Blanc - 180g","p":2.8,"u":"15,56 €/KG","img":"https://fd15-photos.leclercdrive.fr/image.ashx?id=2562879&use=l&cat=p&typeid=i","cat":285562},{"id":31084,"n":"Crackers Tokapi Sésame et pavot - 100g","p":0.95,"u":"9,50 €/KG","img":"https://fd15-photos.leclercdrive.fr/image.ashx?id=1921880&use=l&cat=p&typeid=i","cat":297000},{"id":31086,"n":"Capsules Nescafé Dolce Gusto  Lungo Décaféiné - x16","p":7.35,"u":"65,63 €/KG","img":"https://fd15-photos.leclercdrive.fr/image.ashx?id=2836676&use=l&cat=p&typeid=i","cat":293239},{"id":31088,"n":"Coeurs d'artichaut Notre Jardin 245g","p":3.39,"u":"13,84 €/KG","img":"https://fd15-photos.leclercdrive.fr/image.ashx?id=2607918&use=l&cat=p&typeid=i","cat":312611},{"id":31097,"n":"Feuilletés Tokapi Emmental - 85g","p":1.41,"u":"16,59 €/KG","img":"https://fd15-photos.leclercdrive.fr/image.ashx?id=1884022&use=l&cat=p&typeid=i","cat":297000},{"id":31098,"n":"Capsules Nescafé Dolce Gusto  Café au Lait - x16","p":7.35,"u":"45,94 €/KG","img":"https://fd15-photos.leclercdrive.fr/image.ashx?id=2946637&use=l&cat=p&typeid=i","cat":293239},{"id":31101,"n":"Filets maquereaux Pêche Océan Sauce escabèche - 169g","p":1.69,"u":"10,00 €/KG","img":"https://fd15-photos.leclercdrive.fr/image.ashx?id=2394666&use=l&cat=p&typeid=i","cat":303868},{"id":31105,"n":"Gaufrettes P'tit Déli Praliné noisette x15 110g","p":1.35,"u":"12,27 €/KG","img":"https://fd15-photos.leclercdrive.fr/image.ashx?id=2418245&use=l&cat=p&typeid=i","cat":284488},{"id":31106,"n":"Gaufrettes P'tit Déli Chocolat x15 110g","p":1.4,"u":"12,73 €/KG","img":"https://fd15-photos.leclercdrive.fr/image.ashx?id=2436020&use=l&cat=p&typeid=i","cat":284488},{"id":31107,"n":"Gâteau P'tit Déli Tout chocolat 300g","p":2.95,"u":"9,83 €/KG","img":"https://fd15-photos.leclercdrive.fr/image.ashx?id=2562707&use=l&cat=p&typeid=i","cat":294776},{"id":31109,"n":"Gaufrettes P'tit Déli Framboise 160g","p":2.9,"u":"18,13 €/KG","img":"https://fd15-photos.leclercdrive.fr/image.ashx?id=2915290&use=l&cat=p&typeid=i","cat":284489},{"id":31110,"n":"Bonbons Confiséo Acacia assortiment fruit - 300g","p":2.59,"u":"8,63 €/KG","img":"https://fd15-photos.leclercdrive.fr/image.ashx?id=1956985&use=l&cat=p&typeid=i","cat":304252},{"id":31113,"n":"Haricots rouges Notre Jardin 500g","p":1.71,"u":"3,42 €/KG","img":"https://fd15-photos.leclercdrive.fr/image.ashx?id=2988054&use=l&cat=p&typeid=i","cat":312606},{"id":31115,"n":"Galettes Bjorg Epeautre son d'avoine bio 130g","p":3.45,"u":"26,54 €/KG","img":"https://fd15-photos.leclercdrive.fr/image.ashx?id=2972976&use=l&cat=p&typeid=i","cat":318651},{"id":31116,"n":"Pâtes bio Jardin Bio' Tire-bouchon semi-complet  500g","p":2.19,"u":"4,38 €/KG","img":"https://fd15-photos.leclercdrive.fr/image.ashx?id=2961116&use=l&cat=p&typeid=i","cat":284427},{"id":31118,"n":"Madeleines P'tit Déli Coquilles 250g","p":1.95,"u":"7,80 €/KG","img":"https://fd15-photos.leclercdrive.fr/image.ashx?id=2999499&use=l&cat=p&typeid=i","cat":284492},{"id":31119,"n":"Tartelettes P'tit Déli Chocolat noisettes - 150g","p":1.52,"u":"10,13 €/KG","img":"https://fd15-photos.leclercdrive.fr/image.ashx?id=2345556&use=l&cat=p&typeid=i","cat":284488},{"id":31132,"n":"Tartine croustillante Epi d'Or Céréales - 250g","p":2.15,"u":"8,60 €/KG","img":"https://fd15-photos.leclercdrive.fr/image.ashx?id=2535256&use=l&cat=p&typeid=i","cat":284479},{"id":31135,"n":"Terrine de lapin Côté Table A la moutarde - 180g","p":2.1,"u":"11,67 €/KG","img":"https://fd15-photos.leclercdrive.fr/image.ashx?id=2476125&use=l&cat=p&typeid=i","cat":305149},{"id":31136,"n":"Pâtes Torti Panzani 3 Minutes - 1Kg","p":3.55,"u":"3,55 €/KG","img":"https://fd15-photos.leclercdrive.fr/image.ashx?id=2896099&use=l&cat=p&typeid=i","cat":284427},{"id":31139,"n":"Tortillas chips Tables du Monde Chili - 200g","p":1.59,"u":"7,95 €/KG","img":"https://fd15-photos.leclercdrive.fr/image.ashx?id=2661544&use=l&cat=p&typeid=i","cat":288993},{"id":31143,"n":"Lait concentré sucré Délisse 397g","p":1.55,"u":"3,90 €/KG","img":"https://fd15-photos.leclercdrive.fr/image.ashx?id=2576588&use=l&cat=p&typeid=i","cat":299162},{"id":31149,"n":"Les p'tites spirales P'tit Déli Fraise 150g","p":2.05,"u":"13,67 €/KG","img":"https://fd15-photos.leclercdrive.fr/image.ashx?id=2660419&use=l&cat=p&typeid=i","cat":284495},{"id":31153,"n":"Moutarde gourmande Rustica 340g","p":2.25,"u":"6,62 €/KG","img":"https://fd15-photos.leclercdrive.fr/image.ashx?id=2666563&use=l&cat=p&typeid=i","cat":288850},{"id":31156,"n":"Café Soluble Nescafé x25 - 50g","p":3.55,"u":"71,00 €/KG","img":"https://fd15-photos.leclercdrive.fr/image.ashx?id=2485131&use=l&cat=p&typeid=i","cat":284843},{"id":31158,"n":"Wasabi Tanoshi Moutarde verte japonaise - tube de 43g","p":4.25,"u":"98,84 €/KG","img":"https://fd15-photos.leclercdrive.fr/image.ashx?id=2921145&use=l&cat=p&typeid=i","cat":288992},{"id":31171,"n":"Pop corn sucrés Tokapi Micro-ondable - 3x90g","p":2.59,"u":"9,59 €/KG","img":"https://fd15-photos.leclercdrive.fr/image.ashx?id=2351628&use=l&cat=p&typeid=i","cat":304249},{"id":31174,"n":"Pâtes penne rigate Panzani 1kg","p":2.89,"u":"2,89 €/KG","img":"https://fd15-photos.leclercdrive.fr/image.ashx?id=2876020&use=l&cat=p&typeid=i","cat":284427},{"id":31177,"n":"Miettes de thon Saupiquet Tomate - 160g","p":3.07,"u":"19,19 €/KG","img":"https://fd15-photos.leclercdrive.fr/image.ashx?id=2402868&use=l&cat=p&typeid=i","cat":303867},{"id":31178,"n":"Pois apéritif Tanoshi wasabi - sachet 100g","p":2.85,"u":"28,50 €/KG","img":"https://fd15-photos.leclercdrive.fr/image.ashx?id=2928522&use=l&cat=p&typeid=i","cat":288992},{"id":31193,"n":"Biscuit apéritif ancel Bretzels Sticks - 200g","p":2.04,"u":"10,20 €/KG","img":"https://fd15-photos.leclercdrive.fr/image.ashx?id=2895178&use=l&cat=p&typeid=i","cat":297000},{"id":31211,"n":"Grana Padano AOP Casa Azzurra Râpé -  100g","p":2.62,"u":"26,20 €/KG","img":"https://fd15-photos.leclercdrive.fr/image.ashx?id=2284730&use=l&cat=p&typeid=i","cat":314035},{"id":31212,"n":"Mozzarella vache Casa Azzurra Cylindre - 250g","p":3.99,"u":"15,96 €/KG","img":"https://fd15-photos.leclercdrive.fr/image.ashx?id=2050339&use=l&cat=p&typeid=i","cat":314026},{"id":31265,"n":"Friandises chats Félix Original  Party mix - 60g","p":2.05,"u":"34,17 €/KG","img":"https://fd15-photos.leclercdrive.fr/image.ashx?id=2683346&use=l&cat=p&typeid=i","cat":285285},{"id":31266,"n":"Friandises chats Félix Grillade - 60g","p":2.05,"u":"34,17 €/KG","img":"https://fd15-photos.leclercdrive.fr/image.ashx?id=2336614&use=l&cat=p&typeid=i","cat":285285},{"id":31267,"n":"Friandises chats Félix Saveur océane Party mix  - 60g","p":2.05,"u":"34,17 €/KG","img":"https://fd15-photos.leclercdrive.fr/image.ashx?id=2910210&use=l&cat=p&typeid=i","cat":285285},{"id":31288,"n":"Emmental râpé Entremont Spécial pizza 125g","p":2.97,"u":"23,76 €/KG","img":"https://fd15-photos.leclercdrive.fr/image.ashx?id=2785793&use=l&cat=p&typeid=i","cat":314035},{"id":31298,"n":"Brique affinée Les Croisés 30%mg - 180g","p":2.45,"u":"13,61 €/KG","img":"https://fd15-photos.leclercdrive.fr/image.ashx?id=2913675&use=l&cat=p&typeid=i","cat":314033},{"id":31301,"n":"Steak haché Férial  15%mg - X10 - 1kg","p":12.5,"u":"12,50 €/KG","img":"https://fd15-photos.leclercdrive.fr/image.ashx?id=3004657&use=l&cat=p&typeid=i","cat":319778},{"id":31315,"n":"Galettes Normande Abbaye 200g","p":3.29,"u":"16,45 €/KG","img":"https://fd15-photos.leclercdrive.fr/image.ashx?id=2504344&use=l&cat=p&typeid=i","cat":284487},{"id":31389,"n":"Menus gourmands Tous mes amis pour chatons - 12x100g","p":5.39,"u":"4,49 €/KG","img":"https://fd15-photos.leclercdrive.fr/image.ashx?id=2027595&use=l&cat=p&typeid=i","cat":285286},{"id":31416,"n":"Chocolat noir Villars 72% -100g","p":2.59,"pp":1.81,"u":"18,10 €/KG","img":"https://fd15-photos.leclercdrive.fr/image.ashx?id=2464270&use=l&cat=p&typeid=i","cat":284956},{"id":31447,"n":"Tablette Chocolat Lait Crunch Céréales Croustillantes 2x100g","p":3.45,"u":"17,25 €/KG","img":"https://fd15-photos.leclercdrive.fr/image.ashx?id=2899740&use=l&cat=p&typeid=i","cat":284497},{"id":31449,"n":"Tortillas chips Eco+ Nature - 300g","p":2.25,"u":"7,50 €/KG","img":"https://fd15-photos.leclercdrive.fr/image.ashx?id=2669729&use=l&cat=p&typeid=i","cat":287899},{"id":31450,"n":"Délice de jambon Tulip 340g","p":4.63,"u":"13,62 €/KG","img":"https://fd15-photos.leclercdrive.fr/image.ashx?id=2465592&use=l&cat=p&typeid=i","cat":305149},{"id":31458,"n":"Moutarde de Dijon Rustica  Fine et forte - 160g","p":1.15,"u":"7,19 €/KG","img":"https://fd15-photos.leclercdrive.fr/image.ashx?id=2954367&use=l&cat=p&typeid=i","cat":288850},{"id":31590,"n":"Cahier de musique 48 pages 17x22","p":1.04,"img":"https://fd15-photos.leclercdrive.fr/image.ashx?id=1690925&use=l&cat=p&typeid=i","cat":284697},{"id":31626,"n":"AOP rouge Domaine Villeret St Nicolas Bourgueil - 75cl","p":12.94,"u":"17,25 €/L","img":"https://fd15-photos.leclercdrive.fr/image.ashx?id=2645077&use=l&cat=p&typeid=i","cat":289556},{"id":31641,"n":"Poulet basquaise Côté Table Riz 285g","p":2.79,"u":"9,79 €/KG","img":"https://fd15-photos.leclercdrive.fr/image.ashx?id=2476149&use=l&cat=p&typeid=i","cat":284953},{"id":31652,"n":"Beurre Tendre Elle&Vire Doux - 82% MG - 250g","p":3.7,"u":"14,80 €/KG","img":"https://fd15-photos.leclercdrive.fr/image.ashx?id=2574374&use=l&cat=p&typeid=i","cat":284379},{"id":31656,"n":"Cornichons Rustica Aigre Doux - 360g","p":2.99,"u":"8,31 €/KG","img":"https://fd15-photos.leclercdrive.fr/image.ashx?id=2916698&use=l&cat=p&typeid=i","cat":284458},{"id":31659,"n":"Sirop La Maison Guiot Cerise - 70cl","p":5.45,"u":"7,79 €/L","img":"https://fd15-photos.leclercdrive.fr/image.ashx?id=2857201&use=l&cat=p&typeid=i","cat":295020},{"id":31660,"n":"Sirop La Maison Guiot Fraise des bois - 70cl","p":5.19,"u":"7,41 €/L","img":"https://fd15-photos.leclercdrive.fr/image.ashx?id=2857207&use=l&cat=p&typeid=i","cat":295020},{"id":31661,"n":"Sirop La Maison Guiot Pêche blanche - 70cl","p":5.99,"u":"8,56 €/L","img":"https://fd15-photos.leclercdrive.fr/image.ashx?id=2857198&use=l&cat=p&typeid=i","cat":295020},{"id":31662,"n":"Sirop La Maison Guiot Mûre / Cassis - 70cl","p":5.28,"u":"7,54 €/L","img":"https://fd15-photos.leclercdrive.fr/image.ashx?id=2857186&use=l&cat=p&typeid=i","cat":295020},{"id":31680,"n":"Lingettes bébé Mots d'Enfants Ultra-douces - x24","p":1.59,"u":"0,07 €/P","img":"https://fd15-photos.leclercdrive.fr/image.ashx?id=2856501&use=l&cat=p&typeid=i","cat":284738},{"id":31682,"n":"Sachet repas chat Tous mes amis Viande en sauces - 4x100g","p":1.85,"u":"4,63 €/KG","img":"https://fd15-photos.leclercdrive.fr/image.ashx?id=2043005&use=l&cat=p&typeid=i","cat":285286},{"id":31700,"n":"Dentifrice Signal Anti tartre 75ml","p":1.24,"u":"16,53 €/L","img":"https://fd15-photos.leclercdrive.fr/image.ashx?id=2807921&use=l&cat=p&typeid=i","cat":284612},{"id":31709,"n":"Viande boeuf séchée Saint Azay 10 tranches - 80g","p":3.95,"u":"49,38 €/KG","img":"https://fd15-photos.leclercdrive.fr/image.ashx?id=2071366&use=l&cat=p&typeid=i","cat":316007},{"id":31710,"n":"Tiramisu Délisse 500g","p":4.39,"u":"8,78 €/KG","img":"https://fd15-photos.leclercdrive.fr/image.ashx?id=2415556&use=l&cat=p&typeid=i","cat":284419},{"id":31714,"n":"Pur jus de pomme Bio Village Bio - 6x20cl","p":4.69,"u":"3,91 €/L","img":"https://fd15-photos.leclercdrive.fr/image.ashx?id=2077442&use=l&cat=p&typeid=i","cat":284524},{"id":31717,"n":"Parmigiano Reg AOP Casa Azzurra Râpé -  60g","p":1.94,"u":"32,33 €/KG","img":"https://fd15-photos.leclercdrive.fr/image.ashx?id=2261951&use=l&cat=p&typeid=i","cat":314035},{"id":31724,"n":"Boisson Jafaden Cranberry Myrtille - 1L","p":2.99,"u":"2,99 €/L","img":"https://fd15-photos.leclercdrive.fr/image.ashx?id=2591403&use=l&cat=p&typeid=i","cat":284915},{"id":31725,"n":"Boisson énergisante X-tense Canette - 4x50cl","p":4.95,"u":"2,48 €/L","img":"https://fd15-photos.leclercdrive.fr/image.ashx?id=2956068&use=l&cat=p&typeid=i","cat":284533},{"id":31728,"n":"Jus de pomme Jafaden Nectar - 2L","p":4.39,"u":"2,20 €/L","img":"https://fd15-photos.leclercdrive.fr/image.ashx?id=2956077&use=l&cat=p&typeid=i","cat":284522},{"id":31729,"n":"Jus de pomme Jafaden A base de concentré - 1L","p":1.75,"u":"1,75 €/L","img":"https://fd15-photos.leclercdrive.fr/image.ashx?id=2550842&use=l&cat=p&typeid=i","cat":284522},{"id":31730,"n":"Pur jus de pomme Jafaden 1L","p":2.05,"u":"2,05 €/L","img":"https://fd15-photos.leclercdrive.fr/image.ashx?id=1936638&use=l&cat=p&typeid=i","cat":284522},{"id":31731,"n":"Thé glacé Fresh Tea Pêche - 1L","p":1.89,"u":"1,89 €/L","img":"https://fd15-photos.leclercdrive.fr/image.ashx?id=2622251&use=l&cat=p&typeid=i","cat":295019},{"id":31733,"n":"Pur jus multifruits Jafaden 1L","p":2.69,"u":"2,69 €/L","img":"https://fd15-photos.leclercdrive.fr/image.ashx?id=2838123&use=l&cat=p&typeid=i","cat":284917},{"id":31735,"n":"Nectar multifruits Jafaden 1L","p":2.04,"u":"2,04 €/L","img":"https://fd15-photos.leclercdrive.fr/image.ashx?id=2956089&use=l&cat=p&typeid=i","cat":284917},{"id":31736,"n":"Nectar Jafaden Goyave - 1L","p":2.49,"u":"2,49 €/L","img":"https://fd15-photos.leclercdrive.fr/image.ashx?id=2956095&use=l&cat=p&typeid=i","cat":284916},{"id":31737,"n":"Nectar Jafaden Passion - 1L","p":3.95,"u":"3,95 €/L","img":"https://fd15-photos.leclercdrive.fr/image.ashx?id=2959602&use=l&cat=p&typeid=i","cat":284916},{"id":31814,"n":"Confiture Cuite au chaudron Fraises Lucien Georgelin - 320g","p":3.71,"u":"11,59 €/KG","img":"https://fd15-photos.leclercdrive.fr/image.ashx?id=1638664&use=l&cat=p&typeid=i","cat":284480},{"id":31830,"n":"Sachet repas chat Tous mes amis Viande en sauce - 12x100g","p":4.99,"u":"4,16 €/KG","img":"https://fd15-photos.leclercdrive.fr/image.ashx?id=2677077&use=l&cat=p&typeid=i","cat":285286},{"id":31866,"n":"Crème fraîche Graindorge Epaisse - 50cl","p":5.79,"u":"11,58 €/L","img":"https://fd15-photos.leclercdrive.fr/image.ashx?id=1988208&use=l&cat=p&typeid=i","cat":284381},{"id":31869,"n":"Crème épaisse AOP  Isigny Ste Mère 35%mg - 20cl","p":2.04,"u":"10,20 €/L","img":"https://fd15-photos.leclercdrive.fr/image.ashx?id=2711851&use=l&cat=p&typeid=i","cat":284381},{"id":31899,"n":"Huile OPTIMA Tramier  1L","p":9.5,"u":"9,50 €/L","img":"https://fd15-photos.leclercdrive.fr/image.ashx?id=2680407&use=l&cat=p&typeid=i","cat":284453},{"id":31915,"n":"Mayonnaise à la moutarde de Dij  de Dijon Rustica - 235 g","p":1.6,"u":"6,81 €/KG","img":"https://fd15-photos.leclercdrive.fr/image.ashx?id=2954355&use=l&cat=p&typeid=i","cat":298295},{"id":31918,"n":"Sucre Tablier Blanc En morceaux - 1kg","p":2.99,"u":"2,99 €/KG","img":"https://fd15-photos.leclercdrive.fr/image.ashx?id=3010425&use=l&cat=p&typeid=i","cat":284502},{"id":31920,"n":"Matière grasse Rustica à tartiner 50%MG Omega 3 - 500g","p":2.55,"u":"5,10 €/KG","img":"https://fd15-photos.leclercdrive.fr/image.ashx?id=2904556&use=l&cat=p&typeid=i","cat":315229},{"id":31924,"n":"Déodorant bille Manava Peaux sensibles 50ml","p":1.79,"u":"35,80 €/L","img":"https://fd15-photos.leclercdrive.fr/image.ashx?id=2481222&use=l&cat=p&typeid=i","cat":284595},{"id":31933,"n":"Laque Iroise Fixation forte 300ml","p":3.6,"u":"12,00 €/L","img":"https://fd15-photos.leclercdrive.fr/image.ashx?id=2660568&use=l&cat=p&typeid=i","cat":284609},{"id":31962,"n":"Thym et laurier Sainte Lucie 15g","p":2.98,"u":"198,67 €/KG","img":"https://fd15-photos.leclercdrive.fr/image.ashx?id=1951238&use=l&cat=p&typeid=i","cat":293607},{"id":31965,"n":"Nettoyant spray Clair Cuisine et salle de bain 750ml","p":2.65,"u":"3,53 €/L","img":"https://fd15-photos.leclercdrive.fr/image.ashx?id=2466151&use=l&cat=p&typeid=i","cat":325357},{"id":31967,"n":"Gel nettoyant Clair Anticalcaire - 500ml","p":1.94,"u":"3,88 €/L","img":"https://fd15-photos.leclercdrive.fr/image.ashx?id=2634872&use=l&cat=p&typeid=i","cat":325362},{"id":31968,"n":"Crème Dépilatoire Siliss Sous la douche - 250ml","p":5.03,"u":"20,12 €/L","img":"https://fd15-photos.leclercdrive.fr/image.ashx?id=2699447&use=l&cat=p&typeid=i","cat":325351},{"id":31970,"n":"Soin visage Carré Homme Anti-âge anti-fatigue Q10- 50ml","p":5.49,"u":"109,80 €/L","img":"https://fd15-photos.leclercdrive.fr/image.ashx?id=2809689&use=l&cat=p&typeid=i","cat":284622},{"id":31976,"n":"Sucre vanillé bio Bio Village 6x7.5g","p":1.9,"u":"42,22 €/KG","img":"https://fd15-photos.leclercdrive.fr/image.ashx?id=2895801&use=l&cat=p&typeid=i","cat":294686},{"id":31981,"n":"Couches bébé Mots d'Enfants T4+ Ultra confort - 9/20kg - x24","p":6.86,"u":"0,29 €/P","img":"https://fd15-photos.leclercdrive.fr/image.ashx?id=2699459&use=l&cat=p&typeid=i","cat":284737},{"id":31982,"n":"Couches bébé Mots d'Enfants -T5 Ultra confort - 11/25kg - x23","p":7.23,"u":"0,31 €/P","img":"https://fd15-photos.leclercdrive.fr/image.ashx?id=2699462&use=l&cat=p&typeid=i","cat":284737},{"id":31983,"n":"Cidre rosé Les Goelleries 2.5%vol. - 75cl","p":3.59,"u":"4,79 €/L","img":"https://fd15-photos.leclercdrive.fr/image.ashx?id=2842295&use=l&cat=p&typeid=i","cat":334880},{"id":31985,"n":"Couches bébé Mots d'Enfants -T4 Ultra confort - 7/18kg - x26","p":8.43,"u":"0,32 €/P","img":"https://fd15-photos.leclercdrive.fr/image.ashx?id=2699456&use=l&cat=p&typeid=i","cat":284737},{"id":31988,"n":"Sachet repas chat Tous mes amis Poissons en gelée - 4x100g","p":1.59,"u":"3,98 €/KG","img":"https://fd15-photos.leclercdrive.fr/image.ashx?id=2043002&use=l&cat=p&typeid=i","cat":285286},{"id":32058,"n":"Amandes Tokapi Fumé - 125g","p":3.25,"u":"26,00 €/KG","img":"https://fd15-photos.leclercdrive.fr/image.ashx?id=2795556&use=l&cat=p&typeid=i","cat":284448},{"id":32059,"n":"Sachet repas chat Tous mes amis Viande en geléé - 12x100g","p":5.19,"u":"4,33 €/KG","img":"https://fd15-photos.leclercdrive.fr/image.ashx?id=2027598&use=l&cat=p&typeid=i","cat":285286},{"id":32064,"n":"Mousse à raser Carré Homme Sensible - 250ml","p":2.65,"u":"10,60 €/L","img":"https://fd15-photos.leclercdrive.fr/image.ashx?id=2704681&use=l&cat=p&typeid=i","cat":284617},{"id":32065,"n":"Couches bébé Mots d'Enfants T4 Douceur - 7/18kg - x74 changes","p":16.99,"u":"0,23 €/P","img":"https://fd15-photos.leclercdrive.fr/image.ashx?id=2699468&use=l&cat=p&typeid=i","cat":284737},{"id":32073,"n":"Rhum blanc La Mauny Agricole 55%vol 1l","p":13.99,"u":"13,99 €/L","img":"https://fd15-photos.leclercdrive.fr/image.ashx?id=2229572&use=l&cat=p&typeid=i","cat":284550},{"id":32087,"n":"Yaourts vanille Soignon au lait de chèvre - 4x125g","p":3.49,"u":"6,98 €/KG","img":"https://fd15-photos.leclercdrive.fr/image.ashx?id=2518247&use=l&cat=p&typeid=i","cat":314998},{"id":32093,"n":"Poulet rôti Marie Pommes de terres fondantes 900g","p":10.85,"u":"12,06 €/KG","img":"https://fd15-photos.leclercdrive.fr/image.ashx?id=2996788&use=l&cat=p&typeid=i","cat":284254},{"id":32125,"n":"Mélange Fruité Tokapi Fruits et graines - 110g","p":2.89,"u":"26,27 €/KG","img":"https://fd15-photos.leclercdrive.fr/image.ashx?id=2794003&use=l&cat=p&typeid=i","cat":284448},{"id":32181,"n":"Trousse dentaire Petit Dentamyl 2-6ans","p":4.74,"img":"https://fd15-photos.leclercdrive.fr/image.ashx?id=2072888&use=l&cat=p&typeid=i","cat":288897},{"id":32182,"n":"Trousse dentaire Petit Dentamyl 2-6ans","p":4.75,"img":"https://fd15-photos.leclercdrive.fr/image.ashx?id=2153159&use=l&cat=p&typeid=i","cat":288897},{"id":32183,"n":"Couches bébé Mots d'Enfants T4+ Douceur - 9/20kg - x70 changes","p":17.25,"u":"0,25 €/P","img":"https://fd15-photos.leclercdrive.fr/image.ashx?id=2904574&use=l&cat=p&typeid=i","cat":284737},{"id":32186,"n":"Couches bébé Mots d'Enfants T5 Douceur - 11/25kg - x66","p":16.99,"u":"0,26 €/P","img":"https://fd15-photos.leclercdrive.fr/image.ashx?id=2907195&use=l&cat=p&typeid=i","cat":284737},{"id":32202,"n":"Couches bébé Mots d'Enfants T3 Douceur - 4/9kg - x90 changes","p":16.95,"u":"0,19 €/P","img":"https://fd15-photos.leclercdrive.fr/image.ashx?id=2904571&use=l&cat=p&typeid=i","cat":284737},{"id":32258,"n":"Couches bébé Mots d'Enfants -T3 Ultra confort - 4/9kg - x29","p":7.99,"u":"0,28 €/P","img":"https://fd15-photos.leclercdrive.fr/image.ashx?id=2699453&use=l&cat=p&typeid=i","cat":284737},{"id":32267,"n":"Emmental fromage rapé Les Croisés - 325g","p":3.41,"u":"10,49 €/KG","img":"https://fd15-photos.leclercdrive.fr/image.ashx?id=2942786&use=l&cat=p&typeid=i","cat":314035},{"id":32268,"n":"Bûche de chèvre Les Croisés Non affiné 19%mg - 150g","p":2.65,"u":"17,67 €/KG","img":"https://fd15-photos.leclercdrive.fr/image.ashx?id=2919613&use=l&cat=p&typeid=i","cat":314031},{"id":32269,"n":"Maasdam fromage bloc  Les Croisés - 330g","p":3.5,"u":"10,61 €/KG","img":"https://fd15-photos.leclercdrive.fr/image.ashx?id=2081690&use=l&cat=p&typeid=i","cat":314034},{"id":32271,"n":"Pizza Turini Jambon emmental - 200g","p":3.69,"u":"18,45 €/KG","img":"https://fd15-photos.leclercdrive.fr/image.ashx?id=2989670&use=l&cat=p&typeid=i","cat":333679},{"id":32286,"n":"Papillons d'Alsace NRT 250g","p":1.62,"u":"6,48 €/KG","img":"https://fd15-photos.leclercdrive.fr/image.ashx?id=2839992&use=l&cat=p&typeid=i","cat":284427},{"id":32291,"n":"Bonbons sans sucres Confiséo Aux plantes - 150g","p":2.72,"u":"18,13 €/KG","img":"https://fd15-photos.leclercdrive.fr/image.ashx?id=2934700&use=l&cat=p&typeid=i","cat":304252},{"id":32293,"n":"Sucre de canne Tablier Blanc Cassonade 750g","p":3.09,"u":"4,12 €/KG","img":"https://fd15-photos.leclercdrive.fr/image.ashx?id=2501676&use=l&cat=p&typeid=i","cat":284502},{"id":32301,"n":"Biscuit Petit beurre P'tit Déli Tablette chocolat blanc - 150g","p":2.05,"u":"13,67 €/KG","img":"https://fd15-photos.leclercdrive.fr/image.ashx?id=2517772&use=l&cat=p&typeid=i","cat":284488},{"id":32304,"n":"Aubergines Notre Jardin Grillées 600g","p":4.99,"u":"8,32 €/KG","img":"https://fd15-photos.leclercdrive.fr/image.ashx?id=2873132&use=l&cat=p&typeid=i","cat":319805},{"id":32307,"n":"Le Rossignol Les Croisés 29%mg - 250g","p":2.65,"u":"10,60 €/KG","img":"https://fd15-photos.leclercdrive.fr/image.ashx?id=2841753&use=l&cat=p&typeid=i","cat":329558},{"id":32316,"n":"Gin Brighton's London Dry 37.5%vol - 1L","p":23.99,"u":"23,99 €/L","img":"https://fd15-photos.leclercdrive.fr/image.ashx?id=2907189&use=l&cat=p&typeid=i","cat":284550},{"id":32317,"n":"Apéritif Lagoa Cocktail Planteur sans alcool 75cl","p":3.39,"u":"4,52 €/L","img":"https://fd15-photos.leclercdrive.fr/image.ashx?id=2047868&use=l&cat=p&typeid=i","cat":284549},{"id":32319,"n":"Pétillant Gibus Pomme pêche sans alcool 75cl","p":3.3,"u":"4,40 €/L","img":"https://fd15-photos.leclercdrive.fr/image.ashx?id=1887592&use=l&cat=p&typeid=i","cat":289460},{"id":32320,"n":"AOC Champagne Blanc de Blancs Brut Pol Carson - 75cl","p":39.95,"u":"53,27 €/L","img":"https://fd15-photos.leclercdrive.fr/image.ashx?id=2994809&use=l&cat=p&typeid=i","cat":284542},{"id":32322,"n":"AOC Crémant de Limoux brut rosé Prieur Barsanne - 75cl","p":8.91,"u":"11,88 €/L","img":"https://fd15-photos.leclercdrive.fr/image.ashx?id=2968628&use=l&cat=p&typeid=i","cat":284545},{"id":32335,"n":"100% Pur jus d'orange Jafaden Très pulpé - 1L","p":4.69,"u":"4,69 €/L","img":"https://fd15-photos.leclercdrive.fr/image.ashx?id=2956080&use=l&cat=p&typeid=i","cat":284521},{"id":32339,"n":"Sirop Frucci Pamplemousse Rose - 75cl","p":3.99,"u":"5,32 €/L","img":"https://fd15-photos.leclercdrive.fr/image.ashx?id=2878594&use=l&cat=p&typeid=i","cat":295020},{"id":32353,"n":"Mozzarella Les Croisés - 3x125g","p":5.75,"u":"15,33 €/KG","img":"https://fd15-photos.leclercdrive.fr/image.ashx?id=2822126&use=l&cat=p&typeid=i","cat":314026},{"id":32371,"n":"Petits pots  Babybio Bio Carotte quinoa - 8mois 2x200g","p":3.69,"u":"9,23 €/KG","img":"https://fd15-photos.leclercdrive.fr/image.ashx?id=2834512&use=l&cat=p&typeid=i","cat":312239},{"id":32372,"n":"Petits pots Babybio Bio Légumes veau - 8 mois 2x200g","p":4.1,"u":"10,25 €/KG","img":"https://fd15-photos.leclercdrive.fr/image.ashx?id=2838308&use=l&cat=p&typeid=i","cat":312236},{"id":32373,"n":"Petits pots Babybio Bio Légume canard - 8mois 2x200g","p":5.75,"u":"28,75 €/KG","img":"https://fd15-photos.leclercdrive.fr/image.ashx?id=2912200&use=l&cat=p&typeid=i","cat":312236},{"id":32377,"n":"Gélule brûle graisse Juvamine Thé vert / Kola - x60","p":7.59,"u":"0,13 €/P","img":"https://fd15-photos.leclercdrive.fr/image.ashx?id=2177785&use=l&cat=p&typeid=i","cat":313217},{"id":32380,"n":"Farine de blé Eco+ 1kg","p":1.12,"u":"1,12 €/KG","img":"https://fd15-photos.leclercdrive.fr/image.ashx?id=2694076&use=l&cat=p&typeid=i","cat":284503},{"id":32385,"n":"Asperges blanches très grosses En bocal - 395G","p":4.99,"u":"12,63 €/KG","img":"https://fd15-photos.leclercdrive.fr/image.ashx?id=2049013&use=l&cat=p&typeid=i","cat":312611},{"id":32386,"n":"Mélange forestier Notre Jardin 225g","p":3.75,"u":"16,67 €/KG","img":"https://fd15-photos.leclercdrive.fr/image.ashx?id=2613705&use=l&cat=p&typeid=i","cat":312612},{"id":32387,"n":"Ratatouille Notre Jardin A la provençale - 375g","p":1.15,"u":"3,07 €/KG","img":"https://fd15-photos.leclercdrive.fr/image.ashx?id=2526294&use=l&cat=p&typeid=i","cat":312612},{"id":32388,"n":"Maïs Notre Jardin Aux 2 poivrons - 270g","p":1.55,"u":"5,74 €/KG","img":"https://fd15-photos.leclercdrive.fr/image.ashx?id=2988057&use=l&cat=p&typeid=i","cat":312611},{"id":32408,"n":"Cahier Esquisse  - 96 pages Vert - 21x29.7cm","p":1.05,"img":"https://fd15-photos.leclercdrive.fr/image.ashx?id=2956283&use=l&cat=p&typeid=i","cat":284697},{"id":32412,"n":"Cahier Esquisse Rouge - 24x32cm - 96p","p":1.9,"img":"https://fd15-photos.leclercdrive.fr/image.ashx?id=1703719&use=l&cat=p&typeid=i","cat":284697},{"id":32413,"n":"Cahier Esquisse Vert foncé - 24x32 cm- 96p","p":1.9,"img":"https://fd15-photos.leclercdrive.fr/image.ashx?id=981834&use=l&cat=p&typeid=i","cat":284697},{"id":32422,"n":"Poulet rôti Purée à l'ancienne La Cuisine d'Océane 300g","p":4.45,"u":"14,83 €/KG","img":"https://fd15-photos.leclercdrive.fr/image.ashx?id=2962377&use=l&cat=p&typeid=i","cat":284953},{"id":32423,"n":"Sauté de porc Pommes de terre La Cuisine d'Océane 300g","p":4.45,"u":"14,83 €/KG","img":"https://fd15-photos.leclercdrive.fr/image.ashx?id=2962380&use=l&cat=p&typeid=i","cat":284953},{"id":32452,"n":"Lait de montagne Délisse UHT Bouteille -  6x1L","p":9.3,"u":"1,55 €/L","img":"https://fd15-photos.leclercdrive.fr/image.ashx?id=2929937&use=l&cat=p&typeid=i","cat":284377},{"id":32453,"n":"Lait de montagne Délisse Brique UHT -  6x1L","p":8.59,"u":"1,43 €/L","img":"https://fd15-photos.leclercdrive.fr/image.ashx?id=2366289&use=l&cat=p&typeid=i","cat":284377},{"id":32478,"n":"Fruits rouges Fruistar 650g","p":6.16,"u":"9,48 €/KG","img":"https://fd15-photos.leclercdrive.fr/image.ashx?id=2898245&use=l&cat=p&typeid=i","cat":284268},{"id":32480,"n":"Culotte absorbante Tena Taille M - Plus - x9","p":10.95,"u":"1,22 €/P","img":"https://fd15-photos.leclercdrive.fr/image.ashx?id=2428591&use=l&cat=p&typeid=i","cat":284628},{"id":32492,"n":"Crème glacée L'Angelys Vanille - 450g","p":7.85,"u":"17,44 €/KG","img":"https://fd15-photos.leclercdrive.fr/image.ashx?id=2963574&use=l&cat=p&typeid=i","cat":284263},{"id":32493,"n":"Crème glacée L'Angelys Caramel beurre salé - 450g","p":6.32,"u":"14,04 €/KG","img":"https://fd15-photos.leclercdrive.fr/image.ashx?id=2883188&use=l&cat=p&typeid=i","cat":284263},{"id":32497,"n":"Recharge Savon Mains Dettol Parfum Citron 250ml","p":4.49,"u":"17,96 €/L","img":"https://fd15-photos.leclercdrive.fr/image.ashx?id=2962020&use=l&cat=p&typeid=i","cat":284597},{"id":32552,"n":"Apéritif Lagoa Cocktail Mojito sans alcool 75cl","p":4.19,"u":"5,59 €/L","img":"https://fd15-photos.leclercdrive.fr/image.ashx?id=2519969&use=l&cat=p&typeid=i","cat":284549},{"id":32555,"n":"Fromage Maasdam Les Croisés tranches x14 - 27.1%mg - 350g","p":4.85,"u":"13,86 €/KG","img":"https://fd15-photos.leclercdrive.fr/image.ashx?id=2026322&use=l&cat=p&typeid=i","cat":314028},{"id":32556,"n":"Gouda Les Croisés 30.5%mg portion - 250g","p":2.99,"u":"11,96 €/KG","img":"https://fd15-photos.leclercdrive.fr/image.ashx?id=2900121&use=l&cat=p&typeid=i","cat":314034},{"id":32557,"n":"Edam Les Croisés 23.7%mg portion - 250g","p":3.3,"u":"13,20 €/KG","img":"https://fd15-photos.leclercdrive.fr/image.ashx?id=2900124&use=l&cat=p&typeid=i","cat":314034},{"id":32558,"n":"Mimolette Les Croisés 23.7%mg portion - 250g","p":3.5,"u":"14,00 €/KG","img":"https://fd15-photos.leclercdrive.fr/image.ashx?id=2796049&use=l&cat=p&typeid=i","cat":314034},{"id":32631,"n":"Biscuits palmier Bio Village Bio - 100g","p":1.65,"u":"16,50 €/KG","img":"https://fd15-photos.leclercdrive.fr/image.ashx?id=2610729&use=l&cat=p&typeid=i","cat":284487},{"id":32643,"n":"Pruneaux d'Agen Couleurs Vives Dénoyautés - 500g","p":6.59,"u":"13,18 €/KG","img":"https://fd15-photos.leclercdrive.fr/image.ashx?id=2124107&use=l&cat=p&typeid=i","cat":284357},{"id":32690,"n":"Tranches de fromage Leerdammer Le Léger - 8 Tranches - 200g","p":4.45,"u":"22,25 €/KG","img":"https://fd15-photos.leclercdrive.fr/image.ashx?id=2507581&use=l&cat=p&typeid=i","cat":314028},{"id":32707,"n":"Poisson pané  Cabillaud Findus MSC x4 - 400g","p":10.35,"u":"25,88 €/KG","img":"https://fd15-photos.leclercdrive.fr/image.ashx?id=2650666&use=l&cat=p&typeid=i","cat":319788},{"id":32724,"n":"Pain grillé bio Bio Village Céréales et graines - 225g","p":2.29,"u":"10,18 €/KG","img":"https://fd15-photos.leclercdrive.fr/image.ashx?id=2595119&use=l&cat=p&typeid=i","cat":284479},{"id":32728,"n":"Lait demi écrémé Eco+ Brique 1L","p":1.15,"u":"1,15 €/L","img":"https://fd15-photos.leclercdrive.fr/image.ashx?id=2987130&use=l&cat=p&typeid=i","cat":284377},{"id":32730,"n":"Filets de merlu blanc Meunière Cité Marine MSC - 220g","p":5.9,"u":"26,82 €/KG","img":"https://fd15-photos.leclercdrive.fr/image.ashx?id=2298088&use=l&cat=p&typeid=i","cat":284344},{"id":32786,"n":"Déodorant bille Manava Pierre d'alun - 50ml","p":1.79,"u":"35,80 €/L","img":"https://fd15-photos.leclercdrive.fr/image.ashx?id=2481219&use=l&cat=p&typeid=i","cat":284595},{"id":32817,"n":"Eau minérale Mont Blanc 6x1.5L","p":8.3,"u":"0,92 €/L","img":"https://fd15-photos.leclercdrive.fr/image.ashx?id=2401110&use=l&cat=p&typeid=i","cat":284535},{"id":32829,"n":"Litière chats Tous mes Amis Optimale - 5L","p":7.92,"u":"1,58 €/L","img":"https://fd15-photos.leclercdrive.fr/image.ashx?id=2055220&use=l&cat=p&typeid=i","cat":284683},{"id":32878,"n":"Biscuits fins P'tit Déli Assortiment - 400g","p":6.81,"u":"17,03 €/KG","img":"https://fd15-photos.leclercdrive.fr/image.ashx?id=2563154&use=l&cat=p&typeid=i","cat":284490},{"id":32915,"n":"Oignons frits Colona 100g","p":1.4,"u":"14,00 €/KG","img":"https://fd15-photos.leclercdrive.fr/image.ashx?id=2687230&use=l&cat=p&typeid=i","cat":298297},{"id":32949,"n":"Gel Douche Fa Cap tonique mixte flacon- 250ml","p":2.67,"u":"10,68 €/L","img":"https://fd15-photos.leclercdrive.fr/image.ashx?id=2995418&use=l&cat=p&typeid=i","cat":284594},{"id":32957,"n":"Poitrine fumée Herta 2x100g","p":4.83,"u":"24,15 €/KG","img":"https://fd15-photos.leclercdrive.fr/image.ashx?id=2787773&use=l&cat=p&typeid=i","cat":316011},{"id":32969,"n":"Mousse à raser Carré Homme Menthol 250ml","p":2.5,"u":"10,00 €/L","img":"https://fd15-photos.leclercdrive.fr/image.ashx?id=2704705&use=l&cat=p&typeid=i","cat":284617},{"id":32970,"n":"Lingettes Bionaïa Démaquillantes Bio x25","p":1.99,"u":"0,08 €/P","img":"https://fd15-photos.leclercdrive.fr/image.ashx?id=2376025&use=l&cat=p&typeid=i","cat":284603},{"id":32971,"n":"Mousse à raser Carré Homme Protectrice 250ml","p":2.3,"u":"9,20 €/L","img":"https://fd15-photos.leclercdrive.fr/image.ashx?id=2842289&use=l&cat=p&typeid=i","cat":284617},{"id":32981,"n":"Biscuits sec thé P'tit Déli 340g","p":1.89,"u":"5,56 €/KG","img":"https://fd15-photos.leclercdrive.fr/image.ashx?id=2679488&use=l&cat=p&typeid=i","cat":284487},{"id":32982,"n":"Pâtes coquillettes Turini Les 3 min - 1kg","p":2.18,"u":"2,18 €/KG","img":"https://fd15-photos.leclercdrive.fr/image.ashx?id=2607530&use=l&cat=p&typeid=i","cat":284427},{"id":32985,"n":"Riz long Comptoir du Grain Cuisson rapide - 2kg","p":5.15,"u":"2,58 €/KG","img":"https://fd15-photos.leclercdrive.fr/image.ashx?id=2226197&use=l&cat=p&typeid=i","cat":284428},{"id":32986,"n":"Pâtes penne Turini Les 3 min - 500g","p":1.29,"u":"2,58 €/KG","img":"https://fd15-photos.leclercdrive.fr/image.ashx?id=2744240&use=l&cat=p&typeid=i","cat":284427},{"id":33017,"n":"Eau gazeuse  Badoit rouge fortement pétillante - 6x1l","p":7.89,"u":"1,32 €/L","img":"https://fd15-photos.leclercdrive.fr/image.ashx?id=2831783&use=l&cat=p&typeid=i","cat":284536},{"id":33019,"n":"Crème Nourrissante Nivea Visage Corps Mains - 150ml","p":4.68,"u":"31,20 €/L","img":"https://fd15-photos.leclercdrive.fr/image.ashx?id=2600536&use=l&cat=p&typeid=i","cat":325350},{"id":33027,"n":"Roti de boeuf cuit Tradilège VBF - 120g","p":4.54,"u":"37,83 €/KG","img":"https://fd15-photos.leclercdrive.fr/image.ashx?id=2753584&use=l&cat=p&typeid=i","cat":316009},{"id":33034,"n":"AOC Crémant Bourgogne brut Veuve Ambal - Tastevine - 75cl","p":14.25,"u":"19,00 €/L","img":"https://fd15-photos.leclercdrive.fr/image.ashx?id=1965240&use=l&cat=p&typeid=i","cat":284545},{"id":33046,"n":"Tuiles Tokapi Epicé - 170g","p":2.2,"u":"12,94 €/KG","img":"https://fd15-photos.leclercdrive.fr/image.ashx?id=2641277&use=l&cat=p&typeid=i","cat":287899},{"id":33049,"n":"Salade Notre Jardin Laitue iceberg - 90g","p":1.99,"u":"22,11 €/KG","img":"https://fd15-photos.leclercdrive.fr/image.ashx?id=2693312&use=l&cat=p&typeid=i","cat":284353},{"id":33063,"n":"Lait de toilette Mots d'Enfants Extra-doux - 750ml","p":3.75,"u":"5,00 €/L","img":"https://fd15-photos.leclercdrive.fr/image.ashx?id=2266495&use=l&cat=p&typeid=i","cat":284741},{"id":33097,"n":"Steak haché façon bouchère 560g Férial - 15%mg - X4","p":10.99,"u":"19,63 €/KG","img":"https://fd15-photos.leclercdrive.fr/image.ashx?id=3004660&use=l&cat=p&typeid=i","cat":319778},{"id":33098,"n":"Viande hachée Férial 15%mg - 400G","p":7.5,"u":"18,75 €/KG","img":"https://fd15-photos.leclercdrive.fr/image.ashx?id=2966517&use=l&cat=p&typeid=i","cat":319779},{"id":33150,"n":"Blanquette Weight Watchers Poulet 300g","p":5.79,"u":"19,30 €/KG","img":"https://fd15-photos.leclercdrive.fr/image.ashx?id=2880739&use=l&cat=p&typeid=i","cat":333665},{"id":33151,"n":"Préparation culinaire Soja Délisse - 5%mg - 3x20cl","p":2.75,"u":"4,58 €/L","img":"https://fd15-photos.leclercdrive.fr/image.ashx?id=2852115&use=l&cat=p&typeid=i","cat":316069},{"id":33197,"n":"Café moulu Plantation Colombie - 250g","p":5.99,"u":"23,96 €/KG","img":"https://fd15-photos.leclercdrive.fr/image.ashx?id=1974545&use=l&cat=p&typeid=i","cat":284750},{"id":33199,"n":"Sirop Eco+ Fraise - 1L","p":3.95,"u":"3,95 €/L","img":"https://fd15-photos.leclercdrive.fr/image.ashx?id=2959701&use=l&cat=p&typeid=i","cat":295020},{"id":33200,"n":"Sirop menthe Eco+ 1L","p":2.39,"u":"2,39 €/L","img":"https://fd15-photos.leclercdrive.fr/image.ashx?id=2909831&use=l&cat=p&typeid=i","cat":295020},{"id":33201,"n":"Sirop Eco+ Pêche - 1L","p":3.89,"u":"3,89 €/L","img":"https://fd15-photos.leclercdrive.fr/image.ashx?id=2901422&use=l&cat=p&typeid=i","cat":295020},{"id":33217,"n":"Yaourts nature Bio Vrai Au lait de brebis - 4x120g","p":5.19,"u":"43,25 €/KG","img":"https://fd15-photos.leclercdrive.fr/image.ashx?id=2359306&use=l&cat=p&typeid=i","cat":314998},{"id":33236,"n":"Jambon Tranché Fin FleuryMichon à l'italienne x6 - 180g","p":4.29,"u":"23,83 €/KG","img":"https://fd15-photos.leclercdrive.fr/image.ashx?id=2889292&use=l&cat=p&typeid=i","cat":316009},{"id":33239,"n":"Café Soluble Nescafé Spécial Filtre - x25 - 50g","p":4.2,"u":"84,00 €/KG","img":"https://fd15-photos.leclercdrive.fr/image.ashx?id=2485134&use=l&cat=p&typeid=i","cat":284843},{"id":33251,"n":"Déodorant Manava peux sensibles Anti-transpirant spray - 200ml","p":1.75,"u":"8,75 €/L","img":"https://fd15-photos.leclercdrive.fr/image.ashx?id=2886454&use=l&cat=p&typeid=i","cat":284595},{"id":33255,"n":"Pâtes farfalle Turini Les 3 min - 500g","p":1.24,"u":"2,48 €/KG","img":"https://fd15-photos.leclercdrive.fr/image.ashx?id=2669723&use=l&cat=p&typeid=i","cat":284427},{"id":33256,"n":"Sachet cuisson Rustica Poulet herbes de provence - 34g","p":0.87,"u":"25,59 €/KG","img":"https://fd15-photos.leclercdrive.fr/image.ashx?id=1886674&use=l&cat=p&typeid=i","cat":288380},{"id":33258,"n":"Sachet cuisson Rustica Poulet ail et oignon - 36g","p":1.15,"u":"31,94 €/KG","img":"https://fd15-photos.leclercdrive.fr/image.ashx?id=1886680&use=l&cat=p&typeid=i","cat":288380},{"id":33259,"n":"Sachet cuisson Rustica Poulet paprika et tomates - 34g","p":1.18,"u":"34,71 €/KG","img":"https://fd15-photos.leclercdrive.fr/image.ashx?id=2578632&use=l&cat=p&typeid=i","cat":288380},{"id":33260,"n":"Sachet cuisson Rustica Porc goût barbecue - 28g","p":0.99,"u":"35,36 €/KG","img":"https://fd15-photos.leclercdrive.fr/image.ashx?id=1886677&use=l&cat=p&typeid=i","cat":288380},{"id":33262,"n":"Céréales Corn Flakes Kellogg's 500g","p":4.15,"u":"8,30 €/KG","img":"https://fd15-photos.leclercdrive.fr/image.ashx?id=2522005&use=l&cat=p&typeid=i","cat":309513},{"id":33266,"n":"Céréales Smacks Kellogg's 400g","p":5.55,"u":"13,88 €/KG","img":"https://fd15-photos.leclercdrive.fr/image.ashx?id=2584235&use=l&cat=p&typeid=i","cat":309513},{"id":33269,"n":"Pommes de terre Pom'lisse Grenaille - 450g","p":3.91,"u":"8,69 €/KG","img":"https://fd15-photos.leclercdrive.fr/image.ashx?id=2704708&use=l&cat=p&typeid=i","cat":319792},{"id":33274,"n":"Pâtes spaghetti Turini Les 3 min - 1kg","p":1.95,"u":"1,95 €/KG","img":"https://fd15-photos.leclercdrive.fr/image.ashx?id=2607533&use=l&cat=p&typeid=i","cat":284427},{"id":33287,"n":"Pâtes Torsettes Turini 3 min - 1kg","p":2.09,"u":"2,09 €/KG","img":"https://fd15-photos.leclercdrive.fr/image.ashx?id=2744237&use=l&cat=p&typeid=i","cat":284427},{"id":33292,"n":"Pruneaux d'Agen Couleurs Vives Dénoyautés - 1kg","p":9.99,"u":"9,99 €/KG","img":"https://fd15-photos.leclercdrive.fr/image.ashx?id=2128537&use=l&cat=p&typeid=i","cat":284357},{"id":33299,"n":"Sérum physiologique Mots d'Enfants 5ml x40","p":3.39,"u":"16,95 €/L","img":"https://fd15-photos.leclercdrive.fr/image.ashx?id=3014209&use=l&cat=p&typeid=i","cat":284741},{"id":33301,"n":"Soda light  Pulp'Orange Orange Bouteille - 1,5L","p":1.85,"u":"1,23 €/L","img":"https://fd15-photos.leclercdrive.fr/image.ashx?id=2922412&use=l&cat=p&typeid=i","cat":284532},{"id":33304,"n":"Soja cuisine Bio Village Fluide bio - 3x20cl","p":3.05,"u":"5,08 €/L","img":"https://fd15-photos.leclercdrive.fr/image.ashx?id=2493679&use=l&cat=p&typeid=i","cat":316069},{"id":33305,"n":"Mélange Cocktail Tokapi Ananas et raisins - 120g","p":2.19,"u":"18,25 €/KG","img":"https://fd15-photos.leclercdrive.fr/image.ashx?id=2795559&use=l&cat=p&typeid=i","cat":284448},{"id":33306,"n":"Sucre pure canne Bio Village En poudre bio - 500g","p":2.75,"u":"5,50 €/KG","img":"https://fd15-photos.leclercdrive.fr/image.ashx?id=2115878&use=l&cat=p&typeid=i","cat":284502},{"id":33307,"n":"Semoule de blé fine Comptoir du Grain - 500g","p":1.03,"u":"2,06 €/KG","img":"https://fd15-photos.leclercdrive.fr/image.ashx?id=3012842&use=l&cat=p&typeid=i","cat":284429},{"id":33334,"n":"Crème hydratante Mots d'Enfants Bébé - 100ml","p":3.39,"u":"33,90 €/L","img":"https://fd15-photos.leclercdrive.fr/image.ashx?id=3014218&use=l&cat=p&typeid=i","cat":284741},{"id":33335,"n":"Eau nettoyante Mots d'Enfants Hydratante - 750ml","p":4.45,"u":"5,93 €/L","img":"https://fd15-photos.leclercdrive.fr/image.ashx?id=3015075&use=l&cat=p&typeid=i","cat":284741},{"id":33336,"n":"Gel lavant bébé Mots d'Enfants Corps et cheveux - 750ml","p":4.39,"u":"5,85 €/L","img":"https://fd15-photos.leclercdrive.fr/image.ashx?id=3014224&use=l&cat=p&typeid=i","cat":284740},{"id":33440,"n":"AOP Crémant d'Alsace rosé Brut - Wolfberger - 75cl","p":17.79,"u":"23,72 €/L","img":"https://fd15-photos.leclercdrive.fr/image.ashx?id=2556123&use=l&cat=p&typeid=i","cat":284545},{"id":33498,"n":"Jus de pomme pétillant Champomy Gold Pomme Pêche - 75cl","p":5.3,"u":"7,07 €/L","img":"https://fd15-photos.leclercdrive.fr/image.ashx?id=2688629&use=l&cat=p&typeid=i","cat":289460},{"id":33499,"n":"Jus de pomme pétillant Champomy Pink Pomme Raisin - 75cl","p":5.4,"u":"7,20 €/L","img":"https://fd15-photos.leclercdrive.fr/image.ashx?id=2688638&use=l&cat=p&typeid=i","cat":289460},{"id":33575,"n":"Pain d'épices Labeyrie Spécial foie gras - 150g","p":5.5,"u":"36,67 €/KG","img":"https://fd15-photos.leclercdrive.fr/image.ashx?id=2923501&use=l&cat=p&typeid=i","cat":316008},{"id":33577,"n":"Confit d'oignons Labeyrie 50g","p":2.75,"u":"55,00 €/KG","img":"https://fd15-photos.leclercdrive.fr/image.ashx?id=2923510&use=l&cat=p&typeid=i","cat":316008},{"id":33578,"n":"Confiture de figues Labeyrie 50g","p":2.75,"u":"55,00 €/KG","img":"https://fd15-photos.leclercdrive.fr/image.ashx?id=2247643&use=l&cat=p&typeid=i","cat":316008},{"id":33582,"n":"Fromage à tartiner Boursin Poivre - 150g","p":3.05,"u":"20,33 €/KG","img":"https://fd15-photos.leclercdrive.fr/image.ashx?id=2962284&use=l&cat=p&typeid=i","cat":314029},{"id":33594,"n":"Cacahuètes  Benenuts Grillées salées - 220g","p":2.93,"u":"13,32 €/KG","img":"https://fd15-photos.leclercdrive.fr/image.ashx?id=2418762&use=l&cat=p&typeid=i","cat":284448},{"id":33595,"n":"Monster Munch Salé - 85g","p":2.2,"u":"25,88 €/KG","img":"https://fd15-photos.leclercdrive.fr/image.ashx?id=2971598&use=l&cat=p&typeid=i","cat":284449},{"id":33596,"n":"Monster Munch Jambon fromage - 85g","p":2.04,"u":"24,00 €/KG","img":"https://fd15-photos.leclercdrive.fr/image.ashx?id=2971604&use=l&cat=p&typeid=i","cat":284449},{"id":33600,"n":"Monster Munch Ketchup - 85g","p":2.03,"u":"23,88 €/KG","img":"https://fd15-photos.leclercdrive.fr/image.ashx?id=2996932&use=l&cat=p&typeid=i","cat":284449},{"id":33667,"n":"Crème de cassis Auguste Mugniot 15%vol. - 70cl","p":5.75,"u":"8,21 €/L","img":"https://fd15-photos.leclercdrive.fr/image.ashx?id=1211501&use=l&cat=p&typeid=i","cat":286032},{"id":33680,"n":"Croquettes grands chiens Lydog Boeuf Volaille - 14.5kg","p":29.29,"u":"2,02 €/KG","img":"https://fd15-photos.leclercdrive.fr/image.ashx?id=2054975&use=l&cat=p&typeid=i","cat":284672},{"id":33754,"n":"Vin de l'Union Européenne blanc François d'Aubigné - 75cl","p":2.99,"u":"3,99 €/L","img":"https://fd15-photos.leclercdrive.fr/image.ashx?id=2753357&use=l&cat=p&typeid=i","cat":289557},{"id":33755,"n":"AOP Monbazillac vin blanc Bernard Cordelier - 75 cl","p":10.49,"u":"13,99 €/L","img":"https://fd15-photos.leclercdrive.fr/image.ashx?id=2656332&use=l&cat=p&typeid=i","cat":289557},{"id":33773,"n":"Biscuits petit dej P'tit Déli  Multi céréales - 400g","p":3.15,"u":"7,88 €/KG","img":"https://fd15-photos.leclercdrive.fr/image.ashx?id=2999505&use=l&cat=p&typeid=i","cat":284491},{"id":33792,"n":"Crème mains bio Bio NaÏa Hydratante - 100ml","p":3.3,"u":"33,00 €/L","img":"https://fd15-photos.leclercdrive.fr/image.ashx?id=2558811&use=l&cat=p&typeid=i","cat":325354},{"id":33801,"n":"Crème protectrice - change Mots d'Enfants - 100ml","p":3.56,"u":"35,60 €/L","img":"https://fd15-photos.leclercdrive.fr/image.ashx?id=2320468&use=l&cat=p&typeid=i","cat":284741},{"id":33802,"n":"Lait Démaquillant bio Bio Naïa Visage 250ml","p":5.09,"u":"20,36 €/L","img":"https://fd15-photos.leclercdrive.fr/image.ashx?id=2399752&use=l&cat=p&typeid=i","cat":284603},{"id":33804,"n":"Déodorant Manava Douceur satin 200ml","p":2.55,"u":"12,75 €/L","img":"https://fd15-photos.leclercdrive.fr/image.ashx?id=1911801&use=l&cat=p&typeid=i","cat":284595},{"id":33805,"n":"Lingettes désinfectantes Clair Anti-bactériennes x40","p":1.85,"u":"0,05 €/P","img":"https://fd15-photos.leclercdrive.fr/image.ashx?id=2768095&use=l&cat=p&typeid=i","cat":325358},{"id":33809,"n":"Sachet fraîcheur chat Sheba  Poissons en sauce - 12x85g","p":13.05,"u":"12,79 €/KG","img":"https://fd15-photos.leclercdrive.fr/image.ashx?id=2759631&use=l&cat=p&typeid=i","cat":285286},{"id":33819,"n":"Friandises chien Pedigree  Rodeo bœuf x4 - 70g","p":3.47,"u":"49,57 €/KG","img":"https://fd15-photos.leclercdrive.fr/image.ashx?id=2997202&use=l&cat=p&typeid=i","cat":294527},{"id":33820,"n":"Friandises chat Catisfactions Saumon - 60g","p":1.9,"u":"31,67 €/KG","img":"https://fd15-photos.leclercdrive.fr/image.ashx?id=2912605&use=l&cat=p&typeid=i","cat":285285},{"id":33822,"n":"Pina Colada Jafaden  Cocktail sans alcool 1L","p":3.89,"u":"3,89 €/L","img":"https://fd15-photos.leclercdrive.fr/image.ashx?id=2956104&use=l&cat=p&typeid=i","cat":284549},{"id":33824,"n":"Pur jus multifruits Jafaden  Orange Carotte Banane - 1L","p":3.69,"u":"3,69 €/L","img":"https://fd15-photos.leclercdrive.fr/image.ashx?id=2841157&use=l&cat=p&typeid=i","cat":284917},{"id":33847,"n":"Pur jus multifruits Jafaden Orange Ananas Mangue - 1L","p":4.15,"u":"4,15 €/L","img":"https://fd15-photos.leclercdrive.fr/image.ashx?id=2841160&use=l&cat=p&typeid=i","cat":284917},{"id":33848,"n":"Pur jus multifruits Jafaden  Orange Clémentine Banane - 1L","p":3.25,"u":"3,25 €/L","img":"https://fd15-photos.leclercdrive.fr/image.ashx?id=2841163&use=l&cat=p&typeid=i","cat":284917},{"id":33849,"n":"Shampooing bio Bio naïa 250ml","p":2.99,"u":"11,96 €/L","img":"https://fd15-photos.leclercdrive.fr/image.ashx?id=2822117&use=l&cat=p&typeid=i","cat":284606},{"id":33850,"n":"Eponges multi-usage Mamison Vertes - X6","p":2.25,"u":"0,38 €/P","img":"https://fd15-photos.leclercdrive.fr/image.ashx?id=2175768&use=l&cat=p&typeid=i","cat":284667},{"id":33852,"n":"Cubes allume-feu Silex x72 cubes","p":4.43,"u":"0,06 €/P","img":"https://fd15-photos.leclercdrive.fr/image.ashx?id=1304486&use=l&cat=p&typeid=i","cat":300578},{"id":33882,"n":"Farfalle Bio Village Bio Au blé complet - 500g","p":2.27,"u":"4,54 €/KG","img":"https://fd15-photos.leclercdrive.fr/image.ashx?id=2625373&use=l&cat=p&typeid=i","cat":284427},{"id":33885,"n":"Olives noires  Rustica Dénoyautées - 180g","p":2.05,"u":"11,39 €/KG","img":"https://fd15-photos.leclercdrive.fr/image.ashx?id=1698893&use=l&cat=p&typeid=i","cat":284458},{"id":33887,"n":"Pains grillés complet Epi d'or 400g","p":2.62,"u":"6,55 €/KG","img":"https://fd15-photos.leclercdrive.fr/image.ashx?id=2555943&use=l&cat=p&typeid=i","cat":284479},{"id":33889,"n":"Pain précuit Epi d'or Petits pains x6 - 300g","p":1.69,"u":"5,63 €/KG","img":"https://fd15-photos.leclercdrive.fr/image.ashx?id=1905869&use=l&cat=p&typeid=i","cat":325069},{"id":33891,"n":"Paëlla royale Côté Table 300g","p":3.55,"u":"11,83 €/KG","img":"https://fd15-photos.leclercdrive.fr/image.ashx?id=2393872&use=l&cat=p&typeid=i","cat":284953},{"id":33892,"n":"Poule au riz Côté table 300g","p":3.85,"u":"12,83 €/KG","img":"https://fd15-photos.leclercdrive.fr/image.ashx?id=2393875&use=l&cat=p&typeid=i","cat":284953},{"id":33893,"n":"Penne Bio Village  Bio - 500g","p":1.36,"u":"2,72 €/KG","img":"https://fd15-photos.leclercdrive.fr/image.ashx?id=2625370&use=l&cat=p&typeid=i","cat":284427},{"id":33898,"n":"Confit de canard du Sud-Ouest Nos régions ont du talent -225g","p":6.9,"u":"30,67 €/KG","img":"https://fd15-photos.leclercdrive.fr/image.ashx?id=2753511&use=l&cat=p&typeid=i","cat":284339},{"id":33909,"n":"P'tit sablé P'tit Déli Au sel de Guérande 130g","p":1.45,"u":"11,15 €/KG","img":"https://fd15-photos.leclercdrive.fr/image.ashx?id=2372344&use=l&cat=p&typeid=i","cat":284487},{"id":33914,"n":"Tartines craquante  Sans Gluten - 2x125g","p":4.45,"u":"17,80 €/KG","img":"https://fd15-photos.leclercdrive.fr/image.ashx?id=2518550&use=l&cat=p&typeid=i","cat":318654},{"id":33918,"n":"Pâtes torsettes Turini Blé complet - 500g","p":1.44,"u":"2,88 €/KG","img":"https://fd15-photos.leclercdrive.fr/image.ashx?id=2607527&use=l&cat=p&typeid=i","cat":284427},{"id":33919,"n":"Son de blé Bio Village Sachet Bio - 250g","p":1.39,"u":"5,56 €/KG","img":"https://fd15-photos.leclercdrive.fr/image.ashx?id=2798383&use=l&cat=p&typeid=i","cat":309512},{"id":33921,"n":"Boisson énergisante X-tense Bouteille - 1L","p":3.28,"u":"3,28 €/L","img":"https://fd15-photos.leclercdrive.fr/image.ashx?id=2956101&use=l&cat=p&typeid=i","cat":284533},{"id":33923,"n":"Filets d'Anchois Pêche Océan Marinés Nature - 100g","p":2.74,"u":"27,40 €/KG","img":"https://fd15-photos.leclercdrive.fr/image.ashx?id=2992513&use=l&cat=p&typeid=i","cat":285190},{"id":33925,"n":"Hachés au thon Pêche Océan Albacore à la tomate - 200g","p":4.65,"u":"23,25 €/KG","img":"https://fd15-photos.leclercdrive.fr/image.ashx?id=2953629&use=l&cat=p&typeid=i","cat":284344},{"id":33988,"n":"Bloc WC Syphon Activ' Effect Marine x1","p":2.69,"img":"https://fd15-photos.leclercdrive.fr/image.ashx?id=2302690&use=l&cat=p&typeid=i","cat":284662},{"id":33989,"n":"Coq au vin Côté Table 400g","p":3.49,"u":"8,73 €/KG","img":"https://fd15-photos.leclercdrive.fr/image.ashx?id=3014212&use=l&cat=p&typeid=i","cat":284441},{"id":34006,"n":"Boisson aux fruits Capri Sun Tropical - 10x20cl","p":5.79,"u":"2,90 €/L","img":"https://fd15-photos.leclercdrive.fr/image.ashx?id=2506399&use=l&cat=p&typeid=i","cat":295018},{"id":34007,"n":"Bâtonnets Dentastix Pedigree  Fresh Moyen chien x7 - 180g","p":4.88,"u":"27,11 €/KG","img":"https://fd15-photos.leclercdrive.fr/image.ashx?id=2850171&use=l&cat=p&typeid=i","cat":294527},{"id":34044,"n":"Brie Ermitage 800g","p":10.9,"u":"13,63 €/KG","img":"https://fd15-photos.leclercdrive.fr/image.ashx?id=2642453&use=l&cat=p&typeid=i","cat":314033},{"id":34106,"n":"Dosettes café Plantation  Classique - x36 - 250g","p":5.39,"u":"21,56 €/KG","img":"https://fd15-photos.leclercdrive.fr/image.ashx?id=2622109&use=l&cat=p&typeid=i","cat":293238},{"id":34107,"n":"Dosettes café Plantation  Corsé - x36 - 250g","p":5.69,"u":"22,76 €/KG","img":"https://fd15-photos.leclercdrive.fr/image.ashx?id=2622112&use=l&cat=p&typeid=i","cat":293238},{"id":34170,"n":"Lait bébé en poudre Blédilait croissance 1-3 ans 1,6kg","p":22.9,"u":"14,31 €/KG","img":"https://fd15-photos.leclercdrive.fr/image.ashx?id=2643731&use=l&cat=p&typeid=i","cat":290219},{"id":34175,"n":"Bouillon de boeuf Jardin Bio' Bio cube sans huile palme - x8","p":3.59,"u":"44,88 €/KG","img":"https://fd15-photos.leclercdrive.fr/image.ashx?id=2535532&use=l&cat=p&typeid=i","cat":288379},{"id":34176,"n":"Bouillon de légumes Jardin Bio' Bio cube sans huile palme x10","p":3.05,"u":"33,89 €/KG","img":"https://fd15-photos.leclercdrive.fr/image.ashx?id=2990844&use=l&cat=p&typeid=i","cat":288379},{"id":34177,"n":"Effilés aux legumes Purina One Poulet / Boeufs - 4x85g","p":3.7,"u":"10,88 €/KG","img":"https://fd15-photos.leclercdrive.fr/image.ashx?id=2467483&use=l&cat=p&typeid=i","cat":285286},{"id":34178,"n":"Sachet repas chats Purina One Viandes et Poissons - 4x85g","p":4.66,"u":"13,71 €/KG","img":"https://fd15-photos.leclercdrive.fr/image.ashx?id=2467486&use=l&cat=p&typeid=i","cat":285286},{"id":34183,"n":"Tortilla Tables du monde Oignons 500g","p":5.99,"u":"11,98 €/KG","img":"https://fd15-photos.leclercdrive.fr/image.ashx?id=1671946&use=l&cat=p&typeid=i","cat":333673},{"id":34194,"n":"Parmentier Fleury Michon poisson à la ciboulette - 300g","p":4.39,"u":"14,63 €/KG","img":"https://fd15-photos.leclercdrive.fr/image.ashx?id=3003287&use=l&cat=p&typeid=i","cat":333665},{"id":34204,"n":"Lait corps bio Bio naïa 250ml","p":5.95,"u":"23,80 €/L","img":"https://fd15-photos.leclercdrive.fr/image.ashx?id=2431131&use=l&cat=p&typeid=i","cat":325349},{"id":34241,"n":"Manchons de poulet Côté Croc Barbecue - 250g","p":5.55,"u":"22,20 €/KG","img":"https://fd15-photos.leclercdrive.fr/image.ashx?id=2560482&use=l&cat=p&typeid=i","cat":333685},{"id":34258,"n":"Bière blonde spéciale 5 Lager Canette - 5%vol. - 50cl","p":1.65,"u":"3,30 €/L","img":"https://fd15-photos.leclercdrive.fr/image.ashx?id=2954097&use=l&cat=p&typeid=i","cat":334853},{"id":34326,"n":"Dosettes café Plantation  Caramel - x10 - 70g","p":2.59,"u":"37,00 €/KG","img":"https://fd15-photos.leclercdrive.fr/image.ashx?id=2824277&use=l&cat=p&typeid=i","cat":293238},{"id":34327,"n":"Dosettes café Plantation Noisette - x10 - 70g","p":2.45,"u":"35,00 €/KG","img":"https://fd15-photos.leclercdrive.fr/image.ashx?id=2664578&use=l&cat=p&typeid=i","cat":293238},{"id":34331,"n":"Boisson à base de vin rosé Very Cerise - 75cl","p":6.49,"u":"8,65 €/L","img":"https://fd15-photos.leclercdrive.fr/image.ashx?id=2443877&use=l&cat=p&typeid=i","cat":304569},{"id":34333,"n":"Boisson à base de vin rosé Very Framboise - 75cl","p":7.39,"u":"9,85 €/L","img":"https://fd15-photos.leclercdrive.fr/image.ashx?id=2446632&use=l&cat=p&typeid=i","cat":304569},{"id":34334,"n":"Boisson à base de vin blanc  Very Pech'- Pêche - 75cl","p":6.5,"u":"8,67 €/L","img":"https://fd15-photos.leclercdrive.fr/image.ashx?id=2443874&use=l&cat=p&typeid=i","cat":304569},{"id":34350,"n":"Shampooing sec Vitanove Cheveux normaux - 150ml","p":2.75,"u":"18,33 €/L","img":"https://fd15-photos.leclercdrive.fr/image.ashx?id=1759559&use=l&cat=p&typeid=i","cat":289143},{"id":34361,"n":"Préparation pain Tablier Blanc Farine pour pain nature - 1kg","p":1.8,"u":"1,80 €/KG","img":"https://fd15-photos.leclercdrive.fr/image.ashx?id=2832951&use=l&cat=p&typeid=i","cat":284503},{"id":34362,"n":"Préparation pain Tablier Blanc Farine pain aux céréales - 1kg","p":2.49,"u":"2,49 €/KG","img":"https://fd15-photos.leclercdrive.fr/image.ashx?id=2844836&use=l&cat=p&typeid=i","cat":284503},{"id":34406,"n":"Dosettes café Plantation  Décaféiné - x36 - 250g","p":6.59,"u":"26,36 €/KG","img":"https://fd15-photos.leclercdrive.fr/image.ashx?id=2824274&use=l&cat=p&typeid=i","cat":293238},{"id":34500,"n":"Dosettes café Plantation  Classique - x48 - 336g","p":5.99,"u":"17,83 €/KG","img":"https://fd15-photos.leclercdrive.fr/image.ashx?id=2824271&use=l&cat=p&typeid=i","cat":293238},{"id":34519,"n":"Vin mousseux brut rosé  produit en Allemagne -75cl","p":4.85,"u":"6,47 €/L","img":"https://fd15-photos.leclercdrive.fr/image.ashx?id=2523359&use=l&cat=p&typeid=i","cat":284544},{"id":34568,"n":"AOP Corbières rosé St Félix Castelmaure - 75cl","p":9.95,"u":"13,27 €/L","img":"https://fd15-photos.leclercdrive.fr/image.ashx?id=2520434&use=l&cat=p&typeid=i","cat":289558},{"id":34572,"n":"IGP Comte Tolosan rouge Terreo 12% vol - 75cl","p":5.95,"u":"7,93 €/L","img":"https://fd15-photos.leclercdrive.fr/image.ashx?id=1575348&use=l&cat=p&typeid=i","cat":289556},{"id":34659,"n":"Mini chinois Epi d'Or Nature x6 - 300g","p":3.19,"u":"10,63 €/KG","img":"https://fd15-photos.leclercdrive.fr/image.ashx?id=2860739&use=l&cat=p&typeid=i","cat":296366},{"id":34660,"n":"Pruneaux d'Agen Couleurs Vives Dénoyautés - 250g","p":3.49,"u":"13,96 €/KG","img":"https://fd15-photos.leclercdrive.fr/image.ashx?id=2093129&use=l&cat=p&typeid=i","cat":284357},{"id":34670,"n":"Oignons jaunes Filière Panier du Primeur Filet 1kg","p":2.66,"u":"2,66 €/KG","img":"https://fd15-photos.leclercdrive.fr/image.ashx?id=2953734&use=l&cat=p&typeid=i","cat":284352},{"id":34671,"n":"Echalote traditionnelle filière Panier du Primeur Filet 250g","p":1.49,"u":"5,96 €/KG","img":"https://fd15-photos.leclercdrive.fr/image.ashx?id=2965500&use=l&cat=p&typeid=i","cat":284352},{"id":34679,"n":"Eponges grattantes Mamison Couleurs pop x2","p":1.42,"u":"0,71 €/P","img":"https://fd15-photos.leclercdrive.fr/image.ashx?id=2207724&use=l&cat=p&typeid=i","cat":284667},{"id":34684,"n":"Eponges grattantes Mamison Fibres naturelles X2","p":2.09,"u":"1,05 €/P","img":"https://fd15-photos.leclercdrive.fr/image.ashx?id=2387088&use=l&cat=p&typeid=i","cat":284667},{"id":34693,"n":"Briochettes pépites Epi d'Or Chocolat au lait x12 - 500g","p":4.99,"u":"9,98 €/KG","img":"https://fd15-photos.leclercdrive.fr/image.ashx?id=2867913&use=l&cat=p&typeid=i","cat":293505},{"id":34694,"n":"Briochettes pépites Epi d'Or Chocolat - x12 500g","p":4.99,"u":"9,98 €/KG","img":"https://fd15-photos.leclercdrive.fr/image.ashx?id=2867910&use=l&cat=p&typeid=i","cat":293505},{"id":34697,"n":"Granulés Eparcyl Sachet 200g","p":9.55,"u":"47,75 €/KG","img":"https://fd15-photos.leclercdrive.fr/image.ashx?id=2352585&use=l&cat=p&typeid=i","cat":284662},{"id":34718,"n":"Épinards à cuire Panier Primeur 400g","p":5.99,"u":"14,98 €/KG","img":"https://fd15-photos.leclercdrive.fr/image.ashx?id=2635538&use=l&cat=p&typeid=i","cat":284353},{"id":34763,"n":"Huile Cheveux Elsève Sublimateur Cheveu sec - 100ml","p":15.65,"u":"156,50 €/L","img":"https://fd15-photos.leclercdrive.fr/image.ashx?id=2870671&use=l&cat=p&typeid=i","cat":284608},{"id":34813,"n":"Thé Britley Citron - x25 - 40g","p":1.59,"u":"39,75 €/KG","img":"https://fd15-photos.leclercdrive.fr/image.ashx?id=2645948&use=l&cat=p&typeid=i","cat":293233},{"id":34845,"n":"IGP Vinaigre balsamique Maille 50cl","p":6.15,"u":"12,30 €/L","img":"https://fd15-photos.leclercdrive.fr/image.ashx?id=2866178&use=l&cat=p&typeid=i","cat":298543},{"id":34919,"n":"Fromage frais Petit Yoplait Nature 0%MG - 12x60g","p":4.45,"u":"6,18 €/KG","img":"https://fd15-photos.leclercdrive.fr/image.ashx?id=2811023&use=l&cat=p&typeid=i","cat":315000},{"id":34943,"n":"Blanc de poulet Fleury Michon rôti à la broche x4 - 120g","p":2.75,"u":"22,92 €/KG","img":"https://fd15-photos.leclercdrive.fr/image.ashx?id=2977288&use=l&cat=p&typeid=i","cat":316010},{"id":34952,"n":"Ratatouille à la Provençale NRT 650g","p":4.07,"u":"6,26 €/KG","img":"https://fd15-photos.leclercdrive.fr/image.ashx?id=2771390&use=l&cat=p&typeid=i","cat":312612},{"id":34955,"n":"Vin mousseux Pol Rémy Gala brut 75cl","p":5.87,"u":"7,83 €/L","img":"https://fd15-photos.leclercdrive.fr/image.ashx?id=2105518&use=l&cat=p&typeid=i","cat":284544},{"id":34956,"n":"Vin mousseux Pol Rémy Gala demi-sec 75cl","p":6.69,"u":"8,92 €/L","img":"https://fd15-photos.leclercdrive.fr/image.ashx?id=2105521&use=l&cat=p&typeid=i","cat":284544},{"id":34957,"n":"Vin mousseux Paul Bur Brut 75cl","p":7.13,"u":"9,51 €/L","img":"https://fd15-photos.leclercdrive.fr/image.ashx?id=2101450&use=l&cat=p&typeid=i","cat":284544},{"id":34958,"n":"Vin mousseux Paul Bur Demi-sec - 75cl","p":7.64,"u":"10,19 €/L","img":"https://fd15-photos.leclercdrive.fr/image.ashx?id=2020158&use=l&cat=p&typeid=i","cat":284544},{"id":34982,"n":"Bûche chèvre Soignon 200g","p":3.4,"u":"17,00 €/KG","img":"https://fd15-photos.leclercdrive.fr/image.ashx?id=2995325&use=l&cat=p&typeid=i","cat":314031},{"id":34989,"n":"Cuisse de canard Volandrie 350g","p":6.95,"u":"19,86 €/KG","img":"https://fd15-photos.leclercdrive.fr/image.ashx?id=2396930&use=l&cat=p&typeid=i","cat":284339},{"id":35006,"n":"Aiguillettes canard Volandrie 210g","p":13.39,"u":"63,76 €/KG","img":"https://fd15-photos.leclercdrive.fr/image.ashx?id=2358351&use=l&cat=p&typeid=i","cat":284339},{"id":35008,"n":"Céréales Special K Kellogg's Nature - 750g","p":9.9,"u":"13,20 €/KG","img":"https://fd15-photos.leclercdrive.fr/image.ashx?id=2586288&use=l&cat=p&typeid=i","cat":309512},{"id":35010,"n":"Mélange safran Ducros 14 doses -  8.4g","p":4.65,"u":"581,25 €/KG","img":"https://fd15-photos.leclercdrive.fr/image.ashx?id=2486590&use=l&cat=p&typeid=i","cat":298297},{"id":35018,"n":"Bouillon de poule Jardin Bio' Bio cube sans huile palme - x8","p":3.15,"u":"39,38 €/KG","img":"https://fd15-photos.leclercdrive.fr/image.ashx?id=2535004&use=l&cat=p&typeid=i","cat":288379},{"id":35019,"n":"Pain épices Jardin Bio' Sirop d'agave bio 300g","p":4.35,"u":"14,50 €/KG","img":"https://fd15-photos.leclercdrive.fr/image.ashx?id=2792837&use=l&cat=p&typeid=i","cat":284493},{"id":35023,"n":"Sirop d'agave bio Jardin Bio' 50cl","p":11.1,"u":"22,20 €/L","img":"https://fd15-photos.leclercdrive.fr/image.ashx?id=2747061&use=l&cat=p&typeid=i","cat":287643},{"id":35030,"n":"Miel mille fleurs Lune de Miel 1kg","p":18.05,"u":"18,05 €/KG","img":"https://fd15-photos.leclercdrive.fr/image.ashx?id=3004828&use=l&cat=p&typeid=i","cat":287643},{"id":35031,"n":"Batonnets Fritelle Lay's Goût nature - 80g","p":1.85,"u":"23,13 €/KG","img":"https://fd15-photos.leclercdrive.fr/image.ashx?id=2140635&use=l&cat=p&typeid=i","cat":284449},{"id":35039,"n":"Dosettes café Plantation Corsé - x48 - 336g","p":7.59,"u":"22,59 €/KG","img":"https://fd15-photos.leclercdrive.fr/image.ashx?id=2622115&use=l&cat=p&typeid=i","cat":293238},{"id":35089,"n":"Chips extra craquantes Vico Nature - 270g","p":2.69,"u":"9,96 €/KG","img":"https://fd15-photos.leclercdrive.fr/image.ashx?id=2917807&use=l&cat=p&typeid=i","cat":284447},{"id":35094,"n":"Bière aromatisée 1664 Rosé Pêche - 6x25cl","p":8.35,"u":"5,57 €/L","img":"https://fd15-photos.leclercdrive.fr/image.ashx?id=2164201&use=l&cat=p&typeid=i","cat":334878},{"id":35117,"n":"Riste d'aubergines provençale NRT - 650g","p":3.81,"u":"5,86 €/KG","img":"https://fd15-photos.leclercdrive.fr/image.ashx?id=2771387&use=l&cat=p&typeid=i","cat":284441},{"id":35138,"n":"Yaourt SMARTIES Vanille bonbons chocolat 4x120g","p":3.68,"u":"7,67 €/KG","img":"https://fd15-photos.leclercdrive.fr/image.ashx?id=2571038&use=l&cat=p&typeid=i","cat":284414},{"id":35146,"n":"Fromages râpé spécial Pizza  Les Croisés - 125g","p":1.46,"u":"11,68 €/KG","img":"https://fd15-photos.leclercdrive.fr/image.ashx?id=2946175&use=l&cat=p&typeid=i","cat":314035},{"id":35147,"n":"Fromage Cheddar Burger Les Croisés 20 Tranches - 340g","p":2.68,"u":"7,88 €/KG","img":"https://fd15-photos.leclercdrive.fr/image.ashx?id=2946844&use=l&cat=p&typeid=i","cat":314028},{"id":35148,"n":"Fromage Emmental Croque Les Croisés 20 Tranches - 340g","p":2.7,"u":"7,94 €/KG","img":"https://fd15-photos.leclercdrive.fr/image.ashx?id=2946847&use=l&cat=p&typeid=i","cat":314028},{"id":35155,"n":"Tablette de chocolat noir Lindt Fleur de sel - 100g","p":3.28,"u":"32,80 €/KG","img":"https://fd15-photos.leclercdrive.fr/image.ashx?id=2681595&use=l&cat=p&typeid=i","cat":284956},{"id":35159,"n":"Croco Haribo Sachet bonbons - 280g","p":3.03,"u":"10,82 €/KG","img":"https://fd15-photos.leclercdrive.fr/image.ashx?id=2446467&use=l&cat=p&typeid=i","cat":304250},{"id":35174,"n":"Jus d'orange Joker Le Fruit 1,5L","p":5.45,"u":"3,63 €/L","img":"https://fd15-photos.leclercdrive.fr/image.ashx?id=2785733&use=l&cat=p&typeid=i","cat":284521},{"id":35182,"n":"Boisson énergisante Monster Original - 50cl","p":2.1,"u":"4,20 €/L","img":"https://fd15-photos.leclercdrive.fr/image.ashx?id=2510163&use=l&cat=p&typeid=i","cat":284533},{"id":35229,"n":"Mayonnaise Rustica Recette fouettée - 398g","p":2.5,"u":"6,28 €/KG","img":"https://fd15-photos.leclercdrive.fr/image.ashx?id=1961452&use=l&cat=p&typeid=i","cat":298295},{"id":35274,"n":"Cervelas Supérieur Herta 200g","p":3.61,"u":"18,05 €/KG","img":"https://fd15-photos.leclercdrive.fr/image.ashx?id=2310281&use=l&cat=p&typeid=i","cat":316012},{"id":35284,"n":"Blanc de dinde Fleury Michon doré au four x6 - 180g","p":4.49,"u":"24,94 €/KG","img":"https://fd15-photos.leclercdrive.fr/image.ashx?id=2971571&use=l&cat=p&typeid=i","cat":316010},{"id":35285,"n":"Petits muffins Bonne Maman Chocolat - 235g","p":4.65,"u":"19,79 €/KG","img":"https://fd15-photos.leclercdrive.fr/image.ashx?id=2744052&use=l&cat=p&typeid=i","cat":284495},{"id":35290,"n":"Blanc de dinde Tradilège 8 tranches 320g","p":5.0,"u":"15,63 €/KG","img":"https://fd15-photos.leclercdrive.fr/image.ashx?id=2925753&use=l&cat=p&typeid=i","cat":316010},{"id":35296,"n":"Filet poulet Tradilège rôti sans nitrite 4 tranches - 120g","p":2.3,"u":"19,17 €/KG","img":"https://fd15-photos.leclercdrive.fr/image.ashx?id=2925747&use=l&cat=p&typeid=i","cat":316010},{"id":35300,"n":"Jambon supérieur Tradilège À l'étouffée 6 tranches - 240g","p":4.6,"u":"19,17 €/KG","img":"https://fd15-photos.leclercdrive.fr/image.ashx?id=2155339&use=l&cat=p&typeid=i","cat":316009},{"id":35308,"n":"Beurre Tendre Elle&Vire Demi-Sel - 80% MG - 250g","p":3.59,"u":"14,36 €/KG","img":"https://fd15-photos.leclercdrive.fr/image.ashx?id=2604773&use=l&cat=p&typeid=i","cat":284379},{"id":35309,"n":"Beurre Tendre Elle&Vire Doux - 82% MG - 250g","p":3.82,"u":"15,28 €/KG","img":"https://fd15-photos.leclercdrive.fr/image.ashx?id=2765629&use=l&cat=p&typeid=i","cat":284379},{"id":35326,"n":"Miel du Gatinais  Nos Régions ont du Talent 375g","p":9.45,"u":"25,20 €/KG","img":"https://fd15-photos.leclercdrive.fr/image.ashx?id=2771393&use=l&cat=p&typeid=i","cat":287643},{"id":35327,"n":"Miel de Poitou-Charentes  NRT - 375g","p":10.09,"u":"26,91 €/KG","img":"https://fd15-photos.leclercdrive.fr/image.ashx?id=2771396&use=l&cat=p&typeid=i","cat":287643},{"id":35417,"n":"Lingettes Demak'Up Peaux normales - x25","p":4.7,"img":"https://fd15-photos.leclercdrive.fr/image.ashx?id=2981337&use=l&cat=p&typeid=i","cat":284603},{"id":35418,"n":"Lingettes Demak'Up Peaux sensibles - x25","p":6.43,"u":"0,26 €/P","img":"https://fd15-photos.leclercdrive.fr/image.ashx?id=2981340&use=l&cat=p&typeid=i","cat":284603},{"id":35425,"n":"Déodorant spray Monsavon Fleur de cerisier - 100ml","p":4.25,"u":"42,50 €/L","img":"https://fd15-photos.leclercdrive.fr/image.ashx?id=2904628&use=l&cat=p&typeid=i","cat":284595},{"id":35433,"n":"Tampons Doulys Compact Super plus - x20","p":5.2,"u":"0,26 €/P","img":"https://fd15-photos.leclercdrive.fr/image.ashx?id=2965512&use=l&cat=p&typeid=i","cat":284626},{"id":35450,"n":"Recharge Savon Mains Dettol Aloe Vera Hydratant 250ml","p":4.99,"u":"19,96 €/L","img":"https://fd15-photos.leclercdrive.fr/image.ashx?id=2879134&use=l&cat=p&typeid=i","cat":284597},{"id":35479,"n":"Déodorant Bille Femme Nivea Black&White Original - 50ml","p":4.23,"u":"84,60 €/L","img":"https://fd15-photos.leclercdrive.fr/image.ashx?id=2985471&use=l&cat=p&typeid=i","cat":284595},{"id":35530,"n":"Mouchoirs en papier Lotus Boîte x1 - 80 mouchoirs","p":3.14,"u":"0,04 €/P","img":"https://fd15-photos.leclercdrive.fr/image.ashx?id=2867368&use=l&cat=p&typeid=i","cat":284638},{"id":35646,"n":"Bière blonde Falsbourg Canette - 4.2%vol. - 50cl","p":1.39,"u":"2,78 €/L","img":"https://fd15-photos.leclercdrive.fr/image.ashx?id=2637904&use=l&cat=p&typeid=i","cat":334853},{"id":35647,"n":"Bière blonde Falsbourg Canette - 4.2%vol. - 6x33cl","p":5.69,"u":"2,87 €/L","img":"https://fd15-photos.leclercdrive.fr/image.ashx?id=2637913&use=l&cat=p&typeid=i","cat":334853},{"id":35666,"n":"La Fermière Riz au lait Nature  2x160g","p":3.25,"u":"10,16 €/P","img":"https://fd15-photos.leclercdrive.fr/image.ashx?id=2377013&use=l&cat=p&typeid=i","cat":284418},{"id":35670,"n":"AOP Saumur blanc MlleLadubay Suprême brut - 75cl","p":12.91,"u":"17,21 €/L","img":"https://fd15-photos.leclercdrive.fr/image.ashx?id=2295361&use=l&cat=p&typeid=i","cat":284545},{"id":35716,"n":"Gourdes Goûters lactés Délisse Vanille - 4x85g","p":2.55,"u":"7,50 €/KG","img":"https://fd15-photos.leclercdrive.fr/image.ashx?id=2681427&use=l&cat=p&typeid=i","cat":284506},{"id":35720,"n":"Barquette chat Sheba Poissons en terrine - 12x85g","p":10.8,"u":"10,59 €/KG","img":"https://fd15-photos.leclercdrive.fr/image.ashx?id=2759637&use=l&cat=p&typeid=i","cat":285286},{"id":35723,"n":"Liqueur Curaçao bleu Giffard 25%vol. - 50cl","p":13.59,"u":"27,18 €/L","img":"https://fd15-photos.leclercdrive.fr/image.ashx?id=1650446&use=l&cat=p&typeid=i","cat":286032},{"id":35727,"n":"Spécialité au soja nature Nat & Vie - 6x100g","p":2.35,"u":"5,88 €/P","img":"https://fd15-photos.leclercdrive.fr/image.ashx?id=2901452&use=l&cat=p&typeid=i","cat":316071},{"id":35728,"n":"Spécialité au soja Nat & Vie Framboise-passion 4x100g","p":2.25,"u":"5,63 €/KG","img":"https://fd15-photos.leclercdrive.fr/image.ashx?id=2901455&use=l&cat=p&typeid=i","cat":316071},{"id":35729,"n":"Tiramisu Délisse Au café - 4x80g","p":3.39,"u":"10,59 €/KG","img":"https://fd15-photos.leclercdrive.fr/image.ashx?id=2711604&use=l&cat=p&typeid=i","cat":284419},{"id":35730,"n":"Crème dessert Délisse Vanille Billes 3 chocolats 4x117g","p":2.89,"u":"6,18 €/KG","img":"https://fd15-photos.leclercdrive.fr/image.ashx?id=2965503&use=l&cat=p&typeid=i","cat":285041},{"id":35731,"n":"Crème dessert Chocolat Délisse Mix'n croc color 4x120g","p":3.29,"u":"6,85 €/KG","img":"https://fd15-photos.leclercdrive.fr/image.ashx?id=2965506&use=l&cat=p&typeid=i","cat":285041},{"id":35735,"n":"Bière blanche Hilbörg Canette - 4.5%vol. - 50cl","p":2.19,"u":"4,38 €/L","img":"https://fd15-photos.leclercdrive.fr/image.ashx?id=2913693&use=l&cat=p&typeid=i","cat":334853},{"id":35760,"n":"Céréales Miel Pops Kellogg's 620g","p":6.74,"u":"10,87 €/KG","img":"https://fd15-photos.leclercdrive.fr/image.ashx?id=2596952&use=l&cat=p&typeid=i","cat":309513},{"id":35761,"n":"Céréales Frosties Kellogg's 620g","p":6.65,"u":"10,73 €/KG","img":"https://fd15-photos.leclercdrive.fr/image.ashx?id=2589768&use=l&cat=p&typeid=i","cat":309513},{"id":35790,"n":"Nettoyant ménager Uni Vert Multi-surfaces 1L","p":2.05,"u":"2,05 €/L","img":"https://fd15-photos.leclercdrive.fr/image.ashx?id=2520837&use=l&cat=p&typeid=i","cat":284907},{"id":35794,"n":"Biscuits Choco suprême Milka Chocolat - 300g","p":7.65,"u":"25,50 €/KG","img":"https://fd15-photos.leclercdrive.fr/image.ashx?id=2121232&use=l&cat=p&typeid=i","cat":284495},{"id":35801,"n":"Biscuit Milka Choco Pause 2x260g","p":6.29,"u":"12,10 €/KG","img":"https://fd15-photos.leclercdrive.fr/image.ashx?id=2121229&use=l&cat=p&typeid=i","cat":284488},{"id":35811,"n":"Barquette chat Sheba  Boucher en terrine - 12x85g","p":11.67,"u":"11,44 €/KG","img":"https://fd15-photos.leclercdrive.fr/image.ashx?id=2759634&use=l&cat=p&typeid=i","cat":285286},{"id":35815,"n":"Matière grasse St Hubert  Omega 3 - 52% MG - 255g","p":3.24,"u":"12,71 €/KG","img":"https://fd15-photos.leclercdrive.fr/image.ashx?id=2734093&use=l&cat=p&typeid=i","cat":315229},{"id":35816,"n":"Matière grasse St Hubert Omega3 52% MG - demi-sel - 255g","p":2.52,"u":"9,88 €/KG","img":"https://fd15-photos.leclercdrive.fr/image.ashx?id=2734096&use=l&cat=p&typeid=i","cat":315229},{"id":35817,"n":"Mélange de matières grasses Le Fleurier - 53%mg - 510g","p":4.75,"u":"9,31 €/KG","img":"https://fd15-photos.leclercdrive.fr/image.ashx?id=2978023&use=l&cat=p&typeid=i","cat":315229},{"id":35820,"n":"Liquide pour cuisson Rustica végétal - 500ml","p":2.93,"u":"5,86 €/L","img":"https://fd15-photos.leclercdrive.fr/image.ashx?id=2903950&use=l&cat=p&typeid=i","cat":315229},{"id":35822,"n":"Roquefort AOP Bio Bio village - 100g","p":3.5,"u":"35,00 €/KG","img":"https://fd15-photos.leclercdrive.fr/image.ashx?id=2646023&use=l&cat=p&typeid=i","cat":314032},{"id":35823,"n":"Roquefort AOP en portions Les Croisés - 25gx4 -100g","p":2.8,"u":"28,00 €/KG","img":"https://fd15-photos.leclercdrive.fr/image.ashx?id=2645945&use=l&cat=p&typeid=i","cat":314032},{"id":35824,"n":"Fromage à tartiner Les Croisés Allégé Nature - 150g","p":1.5,"u":"10,00 €/KG","img":"https://fd15-photos.leclercdrive.fr/image.ashx?id=2366307&use=l&cat=p&typeid=i","cat":314029},{"id":35830,"n":"Yaourt La Laitière   Fruits panachés - 8x125g","p":5.26,"u":"5,26 €/KG","img":"https://fd15-photos.leclercdrive.fr/image.ashx?id=2744590&use=l&cat=p&typeid=i","cat":286006},{"id":35833,"n":"Yaourt La Laitière Citron - 4x125g","p":3.18,"u":"6,36 €/KG","img":"https://fd15-photos.leclercdrive.fr/image.ashx?id=2904065&use=l&cat=p&typeid=i","cat":286006},{"id":35837,"n":"Fromage blanc Bio Vrai Nature - 3.6%mg - 500g","p":3.29,"u":"6,58 €/KG","img":"https://fd15-photos.leclercdrive.fr/image.ashx?id=2516278&use=l&cat=p&typeid=i","cat":284409},{"id":35838,"n":"Yaourts nature Vrai Bio - 4x125g","p":2.29,"u":"4,58 €/KG","img":"https://fd15-photos.leclercdrive.fr/image.ashx?id=2360707&use=l&cat=p&typeid=i","cat":284409},{"id":35846,"n":"Yaourt à boire Délisse Vanille - 850g","p":2.39,"u":"2,81 €/KG","img":"https://fd15-photos.leclercdrive.fr/image.ashx?id=2775890&use=l&cat=p&typeid=i","cat":284415},{"id":35847,"n":"Yaourt à boire Délisse Framboise - 850g","p":2.39,"u":"2,81 €/KG","img":"https://fd15-photos.leclercdrive.fr/image.ashx?id=2777797&use=l&cat=p&typeid=i","cat":284415},{"id":35848,"n":"Yaourt à boire Délisse Fraise - 850g","p":2.39,"u":"2,81 €/P","img":"https://fd15-photos.leclercdrive.fr/image.ashx?id=2796529&use=l&cat=p&typeid=i","cat":284415},{"id":35850,"n":"Jambon fumé Tradilège Avec couenne -4 tranches - 160g","p":3.39,"u":"21,19 €/KG","img":"https://fd15-photos.leclercdrive.fr/image.ashx?id=2448327&use=l&cat=p&typeid=i","cat":316009},{"id":35852,"n":"Liqueur aux plantes Bénédictine 40° - 70cl","p":32.92,"u":"47,03 €/L","img":"https://fd15-photos.leclercdrive.fr/image.ashx?id=2850440&use=l&cat=p&typeid=i","cat":286032},{"id":35906,"n":"Gourdes Goûters lactés Délisse Chocolat - 4x85g","p":2.89,"u":"8,50 €/KG","img":"https://fd15-photos.leclercdrive.fr/image.ashx?id=2681424&use=l&cat=p&typeid=i","cat":284506},{"id":35907,"n":"Cassoulet mitonné   William Saurin - 840g","p":4.9,"u":"5,83 €/KG","img":"https://fd15-photos.leclercdrive.fr/image.ashx?id=2890148&use=l&cat=p&typeid=i","cat":284440},{"id":35908,"n":"Cassoulet mitonné   William Saurin - 420g","p":3.4,"u":"8,10 €/KG","img":"https://fd15-photos.leclercdrive.fr/image.ashx?id=2890151&use=l&cat=p&typeid=i","cat":284441},{"id":35909,"n":"Test de grossesse Medicaid 1 pièce","p":1.69,"img":"https://fd15-photos.leclercdrive.fr/image.ashx?id=2432758&use=l&cat=p&typeid=i","cat":324482},{"id":35917,"n":"Bière blonde Forte Extra Strong Canette - 8.4%vol. - 50cl","p":2.89,"u":"5,78 €/L","img":"https://fd15-photos.leclercdrive.fr/image.ashx?id=2927998&use=l&cat=p&typeid=i","cat":334853},{"id":35918,"n":"Jus de pomme Jafaden A base de concentré - 6x20cl","p":2.49,"u":"2,08 €/L","img":"https://fd15-photos.leclercdrive.fr/image.ashx?id=2366881&use=l&cat=p&typeid=i","cat":284524},{"id":35919,"n":"Jus de raisin Jafaden Briquettes - 6x20cl","p":2.8,"u":"2,33 €/L","img":"https://fd15-photos.leclercdrive.fr/image.ashx?id=2989935&use=l&cat=p&typeid=i","cat":284915},{"id":35921,"n":"Pur jus de pomme Jafaden 1,5L","p":2.95,"u":"1,97 €/L","img":"https://fd15-photos.leclercdrive.fr/image.ashx?id=1936641&use=l&cat=p&typeid=i","cat":284522},{"id":35922,"n":"Bière blonde Forte Extra Strong Canette - 10%vol - 50cl","p":2.89,"u":"5,78 €/L","img":"https://fd15-photos.leclercdrive.fr/image.ashx?id=2928004&use=l&cat=p&typeid=i","cat":334853},{"id":35927,"n":"Cocktail Mojito Lagoa 15%vol - 70cl","p":6.65,"u":"9,50 €/L","img":"https://fd15-photos.leclercdrive.fr/image.ashx?id=2958341&use=l&cat=p&typeid=i","cat":284551},{"id":35979,"n":"Gaufrettes amusantes Nord NRT 175g","p":3.49,"u":"19,94 €/KG","img":"https://fd15-photos.leclercdrive.fr/image.ashx?id=2622335&use=l&cat=p&typeid=i","cat":284487},{"id":35990,"n":"Effervescent d'Artigny Grand classic rose - 75cl","p":6.59,"u":"8,79 €/L","img":"https://fd15-photos.leclercdrive.fr/image.ashx?id=2854402&use=l&cat=p&typeid=i","cat":289460},{"id":35995,"n":"Lait de toilette Mots d'Enfants Bio - 250ml","p":2.83,"u":"11,32 €/L","img":"https://fd15-photos.leclercdrive.fr/image.ashx?id=2485080&use=l&cat=p&typeid=i","cat":284741},{"id":36009,"n":"Bâtonnets Trium Vanille Amandes x4 - 314g","p":3.09,"u":"9,84 €/KG","img":"https://fd15-photos.leclercdrive.fr/image.ashx?id=2931775&use=l&cat=p&typeid=i","cat":284265},{"id":36010,"n":"Bâtonnets Trium Vanille chocolat blanc x4 -308g","p":3.59,"u":"11,66 €/KG","img":"https://fd15-photos.leclercdrive.fr/image.ashx?id=2920776&use=l&cat=p&typeid=i","cat":284265},{"id":36037,"n":"Crème UHT Elle&Vire Fluide Entière - 30% MG - 3x20cl","p":5.89,"u":"9,82 €/L","img":"https://fd15-photos.leclercdrive.fr/image.ashx?id=3008551&use=l&cat=p&typeid=i","cat":284381},{"id":36038,"n":"Eau de source de Montagne 1,5L","p":0.75,"u":"0,50 €/L","img":"https://fd15-photos.leclercdrive.fr/image.ashx?id=2618226&use=l&cat=p&typeid=i","cat":284535},{"id":36039,"n":"Crème légère fluide UHT Délisse 12%mg - 3x20cl","p":2.79,"u":"4,65 €/L","img":"https://fd15-photos.leclercdrive.fr/image.ashx?id=2909392&use=l&cat=p&typeid=i","cat":284381},{"id":36040,"n":"Spécialité laitière UHT Délisse Semi-épaisse 4%mg - 3x20cl","p":2.3,"u":"3,83 €/L","img":"https://fd15-photos.leclercdrive.fr/image.ashx?id=3002599&use=l&cat=p&typeid=i","cat":284381},{"id":36041,"n":"Crème semi-épaisse entière UHT Délisse 30%mg - 3x20cl","p":4.74,"u":"7,90 €/L","img":"https://fd15-photos.leclercdrive.fr/image.ashx?id=2494099&use=l&cat=p&typeid=i","cat":284381},{"id":36077,"n":"Lait de toilette bébé Eco+ 300ml","p":1.89,"u":"6,30 €/L","img":"https://fd15-photos.leclercdrive.fr/image.ashx?id=2690862&use=l&cat=p&typeid=i","cat":284741},{"id":36115,"n":"Carré fondant Rians Au chocolat - 2x110g","p":4.59,"u":"20,86 €/KG","img":"https://fd15-photos.leclercdrive.fr/image.ashx?id=2495701&use=l&cat=p&typeid=i","cat":284419},{"id":36124,"n":"Haricots blancs Notre Jardin - 500g","p":1.56,"u":"3,12 €/KG","img":"https://fd15-photos.leclercdrive.fr/image.ashx?id=2482942&use=l&cat=p&typeid=i","cat":312606},{"id":36125,"n":"Haricots blancs Notre Jardin 250g","p":0.87,"u":"3,48 €/KG","img":"https://fd15-photos.leclercdrive.fr/image.ashx?id=2448983&use=l&cat=p&typeid=i","cat":312606},{"id":36191,"n":"Allumettes fumées Tradilège VPF 2x75g","p":2.56,"u":"17,07 €/KG","img":"https://fd15-photos.leclercdrive.fr/image.ashx?id=2943680&use=l&cat=p&typeid=i","cat":316011},{"id":36192,"n":"Jambon braisé Tradilège Doré au four 4 tranches 160g","p":3.91,"u":"24,44 €/KG","img":"https://fd15-photos.leclercdrive.fr/image.ashx?id=2437082&use=l&cat=p&typeid=i","cat":316009},{"id":36193,"n":"Dés de jambon Tradilège -25% de sel - 2x75g","p":2.24,"u":"14,93 €/KG","img":"https://fd15-photos.leclercdrive.fr/image.ashx?id=2925750&use=l&cat=p&typeid=i","cat":316011},{"id":36194,"n":"Dés de jambon Tradilège Maxi format 2x125g","p":3.29,"u":"13,16 €/KG","img":"https://fd15-photos.leclercdrive.fr/image.ashx?id=2643411&use=l&cat=p&typeid=i","cat":316011},{"id":36195,"n":"Emincés de poulet Tradilège Rôti - Maxi format 2x125g","p":5.79,"u":"23,16 €/KG","img":"https://fd15-photos.leclercdrive.fr/image.ashx?id=2930778&use=l&cat=p&typeid=i","cat":316011},{"id":36197,"n":"Truite fumée Landvika Mini tranches - 100g","p":3.99,"u":"39,90 €/KG","img":"https://fd15-photos.leclercdrive.fr/image.ashx?id=2159415&use=l&cat=p&typeid=i","cat":285188},{"id":36198,"n":"Lardons supérieurs Tradilège Fumés maxi format 2x200g","p":4.85,"u":"12,13 €/KG","img":"https://fd15-photos.leclercdrive.fr/image.ashx?id=2921381&use=l&cat=p&typeid=i","cat":316011},{"id":36200,"n":"Coton Démaquillant Eco+ Prédécoupé - 200g","p":1.5,"u":"7,50 €/KG","img":"https://fd15-photos.leclercdrive.fr/image.ashx?id=2724535&use=l&cat=p&typeid=i","cat":285593},{"id":36202,"n":"Recharge crème lavante Eco+ Amande miel - 750ml","p":1.69,"u":"2,25 €/L","img":"https://fd15-photos.leclercdrive.fr/image.ashx?id=2270220&use=l&cat=p&typeid=i","cat":284597},{"id":36203,"n":"Gel douche Eco+ Peaux sensibles - 500ml","p":1.55,"u":"3,10 €/L","img":"https://fd15-photos.leclercdrive.fr/image.ashx?id=2174660&use=l&cat=p&typeid=i","cat":284594},{"id":36204,"n":"Crème lavante Eco+ Amande miel 750ml","p":1.95,"u":"2,60 €/L","img":"https://fd15-photos.leclercdrive.fr/image.ashx?id=2466145&use=l&cat=p&typeid=i","cat":284597},{"id":36267,"n":"Noix St Jacques NRT de Normandie - 300g","p":18.69,"u":"62,30 €/KG","img":"https://fd15-photos.leclercdrive.fr/image.ashx?id=2699819&use=l&cat=p&typeid=i","cat":319787},{"id":36269,"n":"Soufflés ExtraTerrestres Tokapi Ketchup - 80g","p":1.45,"u":"18,13 €/KG","img":"https://fd15-photos.leclercdrive.fr/image.ashx?id=1915578&use=l&cat=p&typeid=i","cat":284449},{"id":36270,"n":"Soufflés ExtraTerrestres Tokapi Salé - 80g","p":1.29,"u":"16,13 €/KG","img":"https://fd15-photos.leclercdrive.fr/image.ashx?id=1932960&use=l&cat=p&typeid=i","cat":284449},{"id":36308,"n":"Shampooing Nateïs Camomille abricot - 250ml","p":2.35,"u":"9,40 €/L","img":"https://fd15-photos.leclercdrive.fr/image.ashx?id=2626790&use=l&cat=p&typeid=i","cat":284606},{"id":36309,"n":"Shampooing Nateïs Cranberry Huile de jojoba 250ml","p":1.7,"u":"6,80 €/L","img":"https://fd15-photos.leclercdrive.fr/image.ashx?id=2358700&use=l&cat=p&typeid=i","cat":284606},{"id":36310,"n":"Shampooing Nateïs Argile Pamplemousse - 250ml","p":2.03,"u":"8,12 €/L","img":"https://fd15-photos.leclercdrive.fr/image.ashx?id=2358697&use=l&cat=p&typeid=i","cat":284606},{"id":36311,"n":"Shampooing Nateïs Huile d'argan - 250ml","p":2.15,"u":"8,60 €/L","img":"https://fd15-photos.leclercdrive.fr/image.ashx?id=2652906&use=l&cat=p&typeid=i","cat":284606},{"id":36312,"n":"Shampooing Nateïs Henné / Cassis - 250ml","p":1.65,"u":"6,60 €/L","img":"https://fd15-photos.leclercdrive.fr/image.ashx?id=2652903&use=l&cat=p&typeid=i","cat":284606},{"id":36313,"n":"Shampooing extra-doux Nateïs Karité / Huile d'avocat - 250ml","p":1.78,"u":"7,12 €/L","img":"https://fd15-photos.leclercdrive.fr/image.ashx?id=2345559&use=l&cat=p&typeid=i","cat":284606},{"id":36314,"n":"Shampooing Nateïs Fleur de tilleul pomme verte - 250ml","p":1.75,"u":"7,00 €/L","img":"https://fd15-photos.leclercdrive.fr/image.ashx?id=2369645&use=l&cat=p&typeid=i","cat":284606},{"id":36317,"n":"Dessert fruitier pomme Douceur Verger s/sucre 8x100g","p":3.35,"u":"4,19 €/KG","img":"https://fd15-photos.leclercdrive.fr/image.ashx?id=1957093&use=l&cat=p&typeid=i","cat":284416},{"id":36346,"n":"Rondelé au Bleu d'Aveyron 125g","p":2.32,"u":"18,56 €/KG","img":"https://fd15-photos.leclercdrive.fr/image.ashx?id=2877751&use=l&cat=p&typeid=i","cat":314029},{"id":36347,"n":"Rondelé aux Noix 125g","p":2.56,"u":"20,48 €/KG","img":"https://fd15-photos.leclercdrive.fr/image.ashx?id=2967732&use=l&cat=p&typeid=i","cat":314029},{"id":36348,"n":"Papier aluminium Alfapac Gaufré - Rouleau 20m","p":6.28,"img":"https://fd15-photos.leclercdrive.fr/image.ashx?id=2870446&use=l&cat=p&typeid=i","cat":334134},{"id":36354,"n":"Crème hydratante Mots d'Enfants Bio visage et corps - 75ml","p":1.83,"u":"24,40 €/L","img":"https://fd15-photos.leclercdrive.fr/image.ashx?id=3015078&use=l&cat=p&typeid=i","cat":284741},{"id":36355,"n":"Compote Douceur du Verger  Pomme Rhubarbe - 4x100g","p":2.09,"u":"5,23 €/KG","img":"https://fd15-photos.leclercdrive.fr/image.ashx?id=2554581&use=l&cat=p&typeid=i","cat":284416},{"id":36356,"n":"Compote Douceur du Verger Pomme Framboise - 4x100g","p":2.02,"u":"5,05 €/KG","img":"https://fd15-photos.leclercdrive.fr/image.ashx?id=2540313&use=l&cat=p&typeid=i","cat":284416},{"id":36396,"n":"Gâteau fourré Mini BN Chocolat 175g","p":3.75,"u":"21,43 €/KG","img":"https://fd15-photos.leclercdrive.fr/image.ashx?id=2746854&use=l&cat=p&typeid=i","cat":284488},{"id":36397,"n":"Biscuits Mini BN Goûter à la fraise - 175g","p":3.75,"u":"21,43 €/KG","img":"https://fd15-photos.leclercdrive.fr/image.ashx?id=2748212&use=l&cat=p&typeid=i","cat":284489},{"id":36412,"n":"Compote Douceur du Verger Coupelle pomme - 16x100g","p":5.19,"u":"3,24 €/KG","img":"https://fd15-photos.leclercdrive.fr/image.ashx?id=2663515&use=l&cat=p&typeid=i","cat":284508},{"id":36414,"n":"Compote Douceur du Verger Coupelle pomme - 8x100g","p":2.45,"u":"3,06 €/KG","img":"https://fd15-photos.leclercdrive.fr/image.ashx?id=2663509&use=l&cat=p&typeid=i","cat":284508},{"id":36416,"n":"Compote Douceur du Verger Coupelle pomme rhubarbe -4x100g","p":1.79,"u":"4,48 €/KG","img":"https://fd15-photos.leclercdrive.fr/image.ashx?id=2663521&use=l&cat=p&typeid=i","cat":284508},{"id":36417,"n":"Compote Douceur du Verger Gourdes multivariétés - 4x90g","p":2.09,"u":"5,81 €/KG","img":"https://fd15-photos.leclercdrive.fr/image.ashx?id=2805030&use=l&cat=p&typeid=i","cat":284508},{"id":36418,"n":"Compote Douceur du Verger Gourdes Pomme Poire - 4x90g","p":2.75,"u":"7,64 €/KG","img":"https://fd15-photos.leclercdrive.fr/image.ashx?id=2837054&use=l&cat=p&typeid=i","cat":284508},{"id":36419,"n":"Compote Douceur du Verger Coupelle pomme - 4x100g","p":1.49,"u":"3,73 €/KG","img":"https://fd15-photos.leclercdrive.fr/image.ashx?id=2663527&use=l&cat=p&typeid=i","cat":284508},{"id":36424,"n":"Brownie P'tit Deli Chocolat noisette 285g","p":3.28,"u":"11,51 €/KG","img":"https://fd15-photos.leclercdrive.fr/image.ashx?id=2658578&use=l&cat=p&typeid=i","cat":294776},{"id":36438,"n":"Sticks dentaires Lydog Petit chien - x7 110g","p":1.75,"u":"15,91 €/KG","img":"https://fd15-photos.leclercdrive.fr/image.ashx?id=1878604&use=l&cat=p&typeid=i","cat":294527},{"id":36440,"n":"Sticks dentaires Lydog Grand chien - x7 - 270g","p":3.59,"u":"13,30 €/KG","img":"https://fd15-photos.leclercdrive.fr/image.ashx?id=1947274&use=l&cat=p&typeid=i","cat":294527},{"id":36445,"n":"Râpé de jambon Tradilège Fumé - 150g","p":2.69,"u":"17,93 €/KG","img":"https://fd15-photos.leclercdrive.fr/image.ashx?id=2905970&use=l&cat=p&typeid=i","cat":316011},{"id":36454,"n":"Pastilles NRT  Du Bassin de Vichy - 230g","p":1.79,"u":"7,78 €/KG","img":"https://fd15-photos.leclercdrive.fr/image.ashx?id=2771079&use=l&cat=p&typeid=i","cat":304252},{"id":36633,"n":"Glace Cône Nestlé Extrême Crème brulée x6 - 426g","p":5.7,"u":"13,38 €/KG","img":"https://fd15-photos.leclercdrive.fr/image.ashx?id=2831672&use=l&cat=p&typeid=i","cat":284264},{"id":36649,"n":"Infusion Tiséa pomme cannelle 25 sachets 55g","p":1.99,"u":"36,18 €/KG","img":"https://fd15-photos.leclercdrive.fr/image.ashx?id=2469562&use=l&cat=p&typeid=i","cat":293234},{"id":36650,"n":"Barres céréales Bio Village Bio Fraise x6 125g","p":1.99,"u":"15,92 €/KG","img":"https://fd15-photos.leclercdrive.fr/image.ashx?id=2807306&use=l&cat=p&typeid=i","cat":285869},{"id":36651,"n":"Barres céréales Bio Village Bio Chocolat noir x6 125g","p":1.99,"u":"15,92 €/KG","img":"https://fd15-photos.leclercdrive.fr/image.ashx?id=2807309&use=l&cat=p&typeid=i","cat":285869},{"id":36656,"n":"Soupe liquide Liebig  Velouté 10 légumes - Brique 1L","p":2.5,"u":"2,50 €/L","img":"https://fd15-photos.leclercdrive.fr/image.ashx?id=2892133&use=l&cat=p&typeid=i","cat":284462},{"id":36658,"n":"Soupe liquide Liebig  Mouliné 10 légumes - Brique 1L","p":2.6,"u":"2,60 €/L","img":"https://fd15-photos.leclercdrive.fr/image.ashx?id=2651396&use=l&cat=p&typeid=i","cat":284462},{"id":36666,"n":"Miel Languedoc-Roussillon Nos Régions ont du Talent 375g","p":10.09,"u":"26,91 €/KG","img":"https://fd15-photos.leclercdrive.fr/image.ashx?id=2771402&use=l&cat=p&typeid=i","cat":287643},{"id":36672,"n":"Repas Babybio Bio Dinde haricots verts 230g","p":2.75,"u":"11,96 €/KG","img":"https://fd15-photos.leclercdrive.fr/image.ashx?id=2859353&use=l&cat=p&typeid=i","cat":312237},{"id":36682,"n":"Aluminium Elembal Extra 20m","p":3.14,"u":"0,16 €/MT","img":"https://fd15-photos.leclercdrive.fr/image.ashx?id=2940908&use=l&cat=p&typeid=i","cat":334134},{"id":36701,"n":"Taboulé aux tomates  Garbit - 525g","p":4.1,"u":"7,81 €/KG","img":"https://fd15-photos.leclercdrive.fr/image.ashx?id=2901650&use=l&cat=p&typeid=i","cat":325094},{"id":36704,"n":"Sucre en morceaux Daddy Demi-morceaux rond - 750g","p":2.75,"u":"3,67 €/KG","img":"https://fd15-photos.leclercdrive.fr/image.ashx?id=2907947&use=l&cat=p&typeid=i","cat":284502},{"id":36710,"n":"Sucre canne Béghin Say Pure - en morceaux - 750g","p":3.29,"u":"4,39 €/KG","img":"https://fd15-photos.leclercdrive.fr/image.ashx?id=2948830&use=l&cat=p&typeid=i","cat":284502},{"id":36714,"n":"Sucre en poudre Saint Louis 1kg","p":2.69,"u":"2,69 €/KG","img":"https://fd15-photos.leclercdrive.fr/image.ashx?id=2624242&use=l&cat=p&typeid=i","cat":284502},{"id":36720,"n":"Haricots blancs à la tomate 400 g","p":0.99,"u":"2,48 €/KG","img":"https://fd15-photos.leclercdrive.fr/image.ashx?id=2988078&use=l&cat=p&typeid=i","cat":312606},{"id":36721,"n":"Lait chat et chaton Whiskas 3x200ml","p":5.6,"u":"9,33 €/L","img":"https://fd15-photos.leclercdrive.fr/image.ashx?id=2759670&use=l&cat=p&typeid=i","cat":285285},{"id":36756,"n":"Haricots Blancs à la tomate 800g","p":1.51,"u":"1,89 €/KG","img":"https://fd15-photos.leclercdrive.fr/image.ashx?id=2988075&use=l&cat=p&typeid=i","cat":312606},{"id":36814,"n":"Chewing-gum Freedent Menthe verte boîte 84g","p":4.45,"u":"52,98 €/KG","img":"https://fd15-photos.leclercdrive.fr/image.ashx?id=2024402&use=l&cat=p&typeid=i","cat":304251},{"id":36821,"n":"Biscuits M&M's  x10 - 198g","p":4.75,"u":"23,99 €/KG","img":"https://fd15-photos.leclercdrive.fr/image.ashx?id=2148416&use=l&cat=p&typeid=i","cat":284488},{"id":36825,"n":"Tablette chocolat Minis Milka Chocolat au lait - 200g","p":6.8,"u":"34,00 €/KG","img":"https://fd15-photos.leclercdrive.fr/image.ashx?id=2188521&use=l&cat=p&typeid=i","cat":284497},{"id":36833,"n":"BB Crème teintée médium Inell Hydratante 5 en 1 - 50ml","p":6.01,"u":"120,20 €/L","img":"https://fd15-photos.leclercdrive.fr/image.ashx?id=2691646&use=l&cat=p&typeid=i","cat":325345},{"id":36834,"n":"BB Crème teintée clair Inell  Hydratante 5en1 - 50ml","p":6.55,"u":"131,00 €/L","img":"https://fd15-photos.leclercdrive.fr/image.ashx?id=2691649&use=l&cat=p&typeid=i","cat":325345},{"id":36835,"n":"Crochets anti-mites Insectivor Lavande 2x3ml","p":1.85,"u":"0,93 €/P","img":"https://fd15-photos.leclercdrive.fr/image.ashx?id=2849581&use=l&cat=p&typeid=i","cat":298368},{"id":36836,"n":"Gel douche Carré Homme Tonifiant 250ml","p":1.49,"u":"5,96 €/L","img":"https://fd15-photos.leclercdrive.fr/image.ashx?id=1541956&use=l&cat=p&typeid=i","cat":284619},{"id":36837,"n":"Gel douche Carré Homme Séduction 250ml","p":1.55,"u":"6,20 €/L","img":"https://fd15-photos.leclercdrive.fr/image.ashx?id=1544664&use=l&cat=p&typeid=i","cat":284619},{"id":36847,"n":"Tablette chocolat Milka Chocolat au lait/Oreo - 2x100g","p":4.25,"u":"21,25 €/KG","img":"https://fd15-photos.leclercdrive.fr/image.ashx?id=2382321&use=l&cat=p&typeid=i","cat":284497},{"id":36878,"n":"IGP Côtes de Gascogne moelleux Terrasses d'Autan 11.5% - 75cl","p":6.17,"u":"8,23 €/L","img":"https://fd15-photos.leclercdrive.fr/image.ashx?id=2623407&use=l&cat=p&typeid=i","cat":289557},{"id":36886,"n":"Miel de montagne L'Apiculteur Crémeux - 500g","p":7.22,"u":"14,44 €/KG","img":"https://fd15-photos.leclercdrive.fr/image.ashx?id=2310926&use=l&cat=p&typeid=i","cat":287643},{"id":36903,"n":"Lentilles vertes NRT Du Centre-Val-de-Loire - 500g","p":4.26,"u":"8,52 €/KG","img":"https://fd15-photos.leclercdrive.fr/image.ashx?id=2771399&use=l&cat=p&typeid=i","cat":284430},{"id":36917,"n":"Canistrelli Corse NRT Amandes - 300g","p":6.25,"u":"20,83 €/KG","img":"https://fd15-photos.leclercdrive.fr/image.ashx?id=2622329&use=l&cat=p&typeid=i","cat":284487},{"id":36919,"n":"Rillettes de thon blanc NRT Au sel de Guérande - 125g","p":3.13,"u":"25,04 €/KG","img":"https://fd15-photos.leclercdrive.fr/image.ashx?id=2775451&use=l&cat=p&typeid=i","cat":303867},{"id":36920,"n":"Protège-slips Doulys Ultra-mince - Large - x30","p":1.65,"u":"0,06 €/P","img":"https://fd15-photos.leclercdrive.fr/image.ashx?id=2847967&use=l&cat=p&typeid=i","cat":284625},{"id":37014,"n":"Cuadro Novi Chocolat  noisettes - 150g","p":6.99,"u":"46,60 €/KG","img":"https://fd15-photos.leclercdrive.fr/image.ashx?id=2615167&use=l&cat=p&typeid=i","cat":327595},{"id":37030,"n":"Farine suprême Francine 1kg","p":3.37,"u":"3,37 €/KG","img":"https://fd15-photos.leclercdrive.fr/image.ashx?id=2902654&use=l&cat=p&typeid=i","cat":284503},{"id":37032,"n":"Huile Fruit d'Or De Tournesol et Colza - 2L","p":8.59,"u":"4,30 €/L","img":"https://fd15-photos.leclercdrive.fr/image.ashx?id=2450874&use=l&cat=p&typeid=i","cat":284453},{"id":37033,"n":"Douceur Crème balsamique  Rustica - 25cl","p":1.99,"u":"7,96 €/L","img":"https://fd15-photos.leclercdrive.fr/image.ashx?id=2781877&use=l&cat=p&typeid=i","cat":284456},{"id":37035,"n":"Sauces Classic Mix Bénédicta 4 sauces de 85g - 330g","p":7.22,"u":"21,88 €/KG","img":"https://fd15-photos.leclercdrive.fr/image.ashx?id=2616171&use=l&cat=p&typeid=i","cat":318430},{"id":37044,"n":"Sauces Party Mix Bénédicta 6 sauces de 85g - 500g","p":5.2,"u":"10,40 €/KG","img":"https://fd15-photos.leclercdrive.fr/image.ashx?id=2616174&use=l&cat=p&typeid=i","cat":318430},{"id":37049,"n":"Sauce Samourai Amora 255g","p":2.35,"u":"10,44 €/KG","img":"https://fd15-photos.leclercdrive.fr/image.ashx?id=2893838&use=l&cat=p&typeid=i","cat":318431},{"id":37105,"n":"Beurre de cacahuètes Skippy Creamy - 340g","p":6.12,"u":"18,00 €/KG","img":"https://fd15-photos.leclercdrive.fr/image.ashx?id=2652203&use=l&cat=p&typeid=i","cat":284481},{"id":37107,"n":"Gel lavant mains Manava Spécial cuisine - 300ml","p":1.39,"u":"4,63 €/L","img":"https://fd15-photos.leclercdrive.fr/image.ashx?id=2935495&use=l&cat=p&typeid=i","cat":284597},{"id":37121,"n":"Lait de coco Ayam 200ml","p":1.55,"u":"7,75 €/L","img":"https://fd15-photos.leclercdrive.fr/image.ashx?id=1849954&use=l&cat=p&typeid=i","cat":294991},{"id":37149,"n":"Cookies Méga pépites P'tit Déli Chocolat noisettes 184g","p":2.7,"u":"14,67 €/KG","img":"https://fd15-photos.leclercdrive.fr/image.ashx?id=2116149&use=l&cat=p&typeid=i","cat":325066},{"id":37198,"n":"Poêlée Notre Jardin Méditerranéenne 750g","p":3.87,"u":"5,16 €/KG","img":"https://fd15-photos.leclercdrive.fr/image.ashx?id=2034527&use=l&cat=p&typeid=i","cat":319823},{"id":37199,"n":"Poêlée Notre Jardin Parisienne 750g","p":3.01,"u":"4,01 €/KG","img":"https://fd15-photos.leclercdrive.fr/image.ashx?id=2865062&use=l&cat=p&typeid=i","cat":319823},{"id":37231,"n":"Jambon supérieur Tradilège -25% de sel - Torchon - x4 160g","p":4.4,"u":"27,50 €/KG","img":"https://fd15-photos.leclercdrive.fr/image.ashx?id=2079626&use=l&cat=p&typeid=i","cat":316009},{"id":37237,"n":"Rouleau papier cadeau Esquisse Motifs divers - 2mx0,7m","p":1.15,"img":"https://fd15-photos.leclercdrive.fr/image.ashx?id=1999039&use=l&cat=p&typeid=i","cat":335914},{"id":37255,"n":"Céréales Extra Kellogg's Noisettes Caramelisées - 500g","p":6.86,"u":"13,72 €/KG","img":"https://fd15-photos.leclercdrive.fr/image.ashx?id=2736598&use=l&cat=p&typeid=i","cat":309512},{"id":37260,"n":"Boisson au thé Fresh Tea Citron vert - 1,5L","p":2.5,"u":"1,67 €/L","img":"https://fd15-photos.leclercdrive.fr/image.ashx?id=2622257&use=l&cat=p&typeid=i","cat":295019},{"id":37261,"n":"Boisson au thé Fresh Tea Mangue - 1,5L","p":2.35,"u":"1,57 €/L","img":"https://fd15-photos.leclercdrive.fr/image.ashx?id=2622260&use=l&cat=p&typeid=i","cat":295019},{"id":37262,"n":"Boisson au thé Fresh Tea Framboise - 1,5L","p":2.39,"u":"1,59 €/L","img":"https://fd15-photos.leclercdrive.fr/image.ashx?id=2622254&use=l&cat=p&typeid=i","cat":295019},{"id":37278,"n":"Orangina Pik Haribo Sachet bonbons acidulés - 250g","p":3.49,"u":"13,96 €/KG","img":"https://fd15-photos.leclercdrive.fr/image.ashx?id=2806090&use=l&cat=p&typeid=i","cat":304250},{"id":37281,"n":"Bonbons Longfizz Lutti 200g","p":2.66,"u":"13,30 €/KG","img":"https://fd15-photos.leclercdrive.fr/image.ashx?id=2962173&use=l&cat=p&typeid=i","cat":304250},{"id":37283,"n":"Compote bio Bio Village Pomme châtaigne - 4x100g","p":3.08,"u":"7,70 €/KG","img":"https://fd15-photos.leclercdrive.fr/image.ashx?id=1956865&use=l&cat=p&typeid=i","cat":284416},{"id":37286,"n":"Paëlla royale Marie 900g","p":9.18,"u":"10,20 €/KG","img":"https://fd15-photos.leclercdrive.fr/image.ashx?id=2996770&use=l&cat=p&typeid=i","cat":284254},{"id":37405,"n":"Foie de morue Connétable MSC Nature - 121g","p":2.89,"u":"23,88 €/KG","img":"https://fd15-photos.leclercdrive.fr/image.ashx?id=2918718&use=l&cat=p&typeid=i","cat":305147},{"id":37417,"n":"Boisson à base de vin rosé  Festalie - 75 cl","p":6.65,"u":"8,87 €/L","img":"https://fd15-photos.leclercdrive.fr/image.ashx?id=2774900&use=l&cat=p&typeid=i","cat":304569},{"id":37426,"n":"Bière blonde Kronenbourg 4,2° - 6x50cl canettes","p":9.45,"u":"3,15 €/L","img":"https://fd15-photos.leclercdrive.fr/image.ashx?id=2203508&use=l&cat=p&typeid=i","cat":334853},{"id":37428,"n":"Pétillant Festalie sans alcool Framboise - 75cl","p":4.35,"u":"5,80 €/L","img":"https://fd15-photos.leclercdrive.fr/image.ashx?id=2017262&use=l&cat=p&typeid=i","cat":289460},{"id":37436,"n":"Brosse à dents enfant Dentamyl Clignotante - Multicoloris x1","p":3.09,"img":"https://fd15-photos.leclercdrive.fr/image.ashx?id=1953648&use=l&cat=p&typeid=i","cat":288897},{"id":37438,"n":"Papier cuisson Elembal Rouleau 15m","p":2.05,"img":"https://fd15-photos.leclercdrive.fr/image.ashx?id=2158218&use=l&cat=p&typeid=i","cat":334134},{"id":37449,"n":"Pistaches Couleurs Vives Sans sel - 250g","p":5.65,"u":"22,60 €/KG","img":"https://fd15-photos.leclercdrive.fr/image.ashx?id=2266422&use=l&cat=p&typeid=i","cat":316002},{"id":37452,"n":"Lardons de volaille Tradilège Nature 2x75g","p":2.09,"u":"13,93 €/KG","img":"https://fd15-photos.leclercdrive.fr/image.ashx?id=2882355&use=l&cat=p&typeid=i","cat":316011},{"id":37453,"n":"Lardons de volaille Tradilège Fumés 2x75g","p":1.98,"u":"13,20 €/KG","img":"https://fd15-photos.leclercdrive.fr/image.ashx?id=2882358&use=l&cat=p&typeid=i","cat":316011},{"id":37456,"n":"Saucisse fumée Tradilège VPF x3 375g","p":4.53,"u":"12,08 €/KG","img":"https://fd15-photos.leclercdrive.fr/image.ashx?id=2659085&use=l&cat=p&typeid=i","cat":316012},{"id":37467,"n":"Infusion Tiséa Fruits rouges 25 sachets 40g","p":1.99,"u":"49,75 €/KG","img":"https://fd15-photos.leclercdrive.fr/image.ashx?id=2757930&use=l&cat=p&typeid=i","cat":293234},{"id":37540,"n":"Compote bébé Bio Village Bio Pomme vanille 4 mois 4x100g","p":2.55,"u":"6,38 €/KG","img":"https://fd15-photos.leclercdrive.fr/image.ashx?id=2704750&use=l&cat=p&typeid=i","cat":312387},{"id":37541,"n":"Compote bébé Bio Village Bio Pomme /Banane 4 mois 4x100g","p":2.35,"u":"5,88 €/KG","img":"https://fd15-photos.leclercdrive.fr/image.ashx?id=2704753&use=l&cat=p&typeid=i","cat":312387},{"id":37542,"n":"Compote bébé Bio Village bio Poire williams - 4 mois -4x100g","p":2.65,"u":"6,63 €/KG","img":"https://fd15-photos.leclercdrive.fr/image.ashx?id=2704747&use=l&cat=p&typeid=i","cat":312387},{"id":37593,"n":"Snacks chats Tous mes amis Poulet fromage - 60g","p":1.29,"u":"21,50 €/KG","img":"https://fd15-photos.leclercdrive.fr/image.ashx?id=1947280&use=l&cat=p&typeid=i","cat":285285},{"id":37595,"n":"Snacks chats Tous mes amis Saumon - 60g","p":1.25,"u":"20,83 €/KG","img":"https://fd15-photos.leclercdrive.fr/image.ashx?id=1938588&use=l&cat=p&typeid=i","cat":285285},{"id":37596,"n":"Snacks chats Tous mes amis Contre les boules de poils- 60g","p":1.39,"u":"23,17 €/KG","img":"https://fd15-photos.leclercdrive.fr/image.ashx?id=1947277&use=l&cat=p&typeid=i","cat":285285},{"id":37605,"n":"Protège-slips Doulys Extra fin - Plié - x32","p":1.89,"u":"0,06 €/P","img":"https://fd15-photos.leclercdrive.fr/image.ashx?id=2824757&use=l&cat=p&typeid=i","cat":284625},{"id":37632,"n":"Choucroute Charles Christ Petits lardons et riesling 790g","p":4.45,"u":"5,63 €/KG","img":"https://fd15-photos.leclercdrive.fr/image.ashx?id=2805867&use=l&cat=p&typeid=i","cat":284441},{"id":37712,"n":"Haricots Verts Cassegrain Extra Fins Cueillis main 390g","p":5.69,"u":"14,59 €/KG","img":"https://fd15-photos.leclercdrive.fr/image.ashx?id=2913025&use=l&cat=p&typeid=i","cat":312606},{"id":37720,"n":"Noix d'amazonie Tokapi 100g","p":3.59,"u":"35,90 €/KG","img":"https://fd15-photos.leclercdrive.fr/image.ashx?id=2790522&use=l&cat=p&typeid=i","cat":284448},{"id":37774,"n":"Recharge Dentamyl Brosse à dents électrique x2","p":5.44,"u":"2,72 €/P","img":"https://fd15-photos.leclercdrive.fr/image.ashx?id=2790967&use=l&cat=p&typeid=i","cat":297133},{"id":37775,"n":"Serviette incontinence Chorys Maxi - x12","p":2.94,"u":"0,25 €/P","img":"https://fd15-photos.leclercdrive.fr/image.ashx?id=2393884&use=l&cat=p&typeid=i","cat":284628},{"id":37778,"n":"Lait corps Inell Réparateur - 250ml","p":3.49,"u":"13,96 €/L","img":"https://fd15-photos.leclercdrive.fr/image.ashx?id=2691664&use=l&cat=p&typeid=i","cat":325349},{"id":37842,"n":"Thé glacé zéro Fresh Tea  Pêche - 1,5L","p":2.08,"u":"1,39 €/L","img":"https://fd15-photos.leclercdrive.fr/image.ashx?id=2622266&use=l&cat=p&typeid=i","cat":295019},{"id":37862,"n":"Couches Bébé Eco+ T5 - x52 changes","p":10.46,"u":"0,20 €/P","img":"https://fd15-photos.leclercdrive.fr/image.ashx?id=2487144&use=l&cat=p&typeid=i","cat":284737},{"id":37863,"n":"Compresses stériles Primoplast Ultra-douces x20","p":3.89,"u":"0,19 €/P","img":"https://fd15-photos.leclercdrive.fr/image.ashx?id=2832960&use=l&cat=p&typeid=i","cat":284630},{"id":37864,"n":"Bouchons oreilles Primoplast Mousse x8","p":3.59,"u":"0,45 €/P","img":"https://fd15-photos.leclercdrive.fr/image.ashx?id=2856516&use=l&cat=p&typeid=i","cat":284630},{"id":37867,"n":"Rillettes Tradilège poulet 110g","p":2.04,"u":"18,55 €/KG","img":"https://fd15-photos.leclercdrive.fr/image.ashx?id=2683586&use=l&cat=p&typeid=i","cat":316008},{"id":37868,"n":"Rillettes du Mans Tradilège 220g","p":3.24,"u":"14,73 €/KG","img":"https://fd15-photos.leclercdrive.fr/image.ashx?id=2560578&use=l&cat=p&typeid=i","cat":316008},{"id":37875,"n":"Sucre en poudre Beghin Say Extra fin - 750g","p":2.79,"u":"3,72 €/KG","img":"https://fd15-photos.leclercdrive.fr/image.ashx?id=2313882&use=l&cat=p&typeid=i","cat":284502},{"id":37922,"n":"Crème UHT Elle&Vire Légère Semi épaisse 18%MG - 3x20cl","p":5.05,"u":"8,42 €/L","img":"https://fd15-photos.leclercdrive.fr/image.ashx?id=2811128&use=l&cat=p&typeid=i","cat":284381},{"id":38000,"n":"Shampooing douche Petit Manava Pomme-poire - 500ml","p":3.4,"u":"6,80 €/L","img":"https://fd15-photos.leclercdrive.fr/image.ashx?id=2403694&use=l&cat=p&typeid=i","cat":284606},{"id":38022,"n":"Barquette allégée Elle&Vire Doux - 20% MG - 250g","p":3.79,"u":"15,16 €/KG","img":"https://fd15-photos.leclercdrive.fr/image.ashx?id=2763460&use=l&cat=p&typeid=i","cat":284379},{"id":38026,"n":"Soufflés Frites Tokapi Bacon - 80g","p":1.19,"u":"14,88 €/KG","img":"https://fd15-photos.leclercdrive.fr/image.ashx?id=2597028&use=l&cat=p&typeid=i","cat":284449},{"id":38035,"n":"Shampooing Petit Nateis 2en1 Enfants - 250ml","p":1.6,"u":"6,40 €/L","img":"https://fd15-photos.leclercdrive.fr/image.ashx?id=2626799&use=l&cat=p&typeid=i","cat":284606},{"id":38054,"n":"Thé glacé pétillant Liptonic  Ice Tea Pêche - 1,5L","p":3.7,"u":"2,47 €/L","img":"https://fd15-photos.leclercdrive.fr/image.ashx?id=2159598&use=l&cat=p&typeid=i","cat":295019},{"id":38057,"n":"Mayonnaise Colona 830g","p":4.85,"u":"5,84 €/KG","img":"https://fd15-photos.leclercdrive.fr/image.ashx?id=2687212&use=l&cat=p&typeid=i","cat":298295},{"id":38100,"n":"Chocolat en poudre Nesquik Boîte 490g","p":4.8,"u":"9,80 €/KG","img":"https://fd15-photos.leclercdrive.fr/image.ashx?id=3005305&use=l&cat=p&typeid=i","cat":293235},{"id":38131,"n":"Miel de tilleul de Bourgogne NRT - 375g","p":7.48,"u":"19,95 €/KG","img":"https://fd15-photos.leclercdrive.fr/image.ashx?id=2771405&use=l&cat=p&typeid=i","cat":287643},{"id":38220,"n":"Pansements Primoplast Anti-ampoules x6","p":2.95,"img":"https://fd15-photos.leclercdrive.fr/image.ashx?id=2832954&use=l&cat=p&typeid=i","cat":284630},{"id":38226,"n":"Compresses stériles Primoplast Gaze x60","p":4.83,"u":"0,08 €/P","img":"https://fd15-photos.leclercdrive.fr/image.ashx?id=2834181&use=l&cat=p&typeid=i","cat":284630},{"id":38227,"n":"Compresses stériles Primoplast Gaze x10","p":1.86,"u":"0,19 €/P","img":"https://fd15-photos.leclercdrive.fr/image.ashx?id=2856510&use=l&cat=p&typeid=i","cat":284630},{"id":38228,"n":"Vaseline Primoplast Tube 50ml","p":2.9,"u":"58,00 €/L","img":"https://fd15-photos.leclercdrive.fr/image.ashx?id=2856519&use=l&cat=p&typeid=i","cat":284630},{"id":38230,"n":"Mouchoirs blancs 4 plis Caresse Pock kid mouchoirs papier x10","p":2.34,"u":"0,23 €/P","img":"https://fd15-photos.leclercdrive.fr/image.ashx?id=2856687&use=l&cat=p&typeid=i","cat":284638},{"id":38232,"n":"Mouchoirs blancs 3 plis Caresse Boîte décor aléatoire Kids -x60","p":2.55,"u":"0,04 €/P","img":"https://fd15-photos.leclercdrive.fr/image.ashx?id=2814432&use=l&cat=p&typeid=i","cat":284638},{"id":38234,"n":"Dessert - P'tit Brassé Nestlé Banane - dès 6 mois - 4x100g","p":3.14,"u":"7,85 €/KG","img":"https://fd15-photos.leclercdrive.fr/image.ashx?id=2615131&use=l&cat=p&typeid=i","cat":312392},{"id":38235,"n":"Dessert - P'tit Brassé Nestlé Framboise - dès 6 mois - 4x100g","p":3.14,"u":"7,85 €/KG","img":"https://fd15-photos.leclercdrive.fr/image.ashx?id=2604876&use=l&cat=p&typeid=i","cat":312392},{"id":38236,"n":"Dessert - P'tit Brassé Nestlé Abricot - dès 6 mois - 4x100g","p":3.14,"u":"7,85 €/KG","img":"https://fd15-photos.leclercdrive.fr/image.ashx?id=2600569&use=l&cat=p&typeid=i","cat":312392},{"id":38237,"n":"Dessert - P'tit Brassé Nestlé Poire - dès 6 mois - 4x100g","p":3.14,"u":"7,85 €/KG","img":"https://fd15-photos.leclercdrive.fr/image.ashx?id=2615756&use=l&cat=p&typeid=i","cat":312392},{"id":38238,"n":"Dessert - P'tit Brassé Nestlé Fraise - dès 6 mois - 4x100g","p":3.14,"u":"7,85 €/KG","img":"https://fd15-photos.leclercdrive.fr/image.ashx?id=2510187&use=l&cat=p&typeid=i","cat":312392},{"id":38239,"n":"Dessert - P'tit Brassé Nestlé Myrtille - dès 6 mois - 4x100g","p":3.14,"u":"7,85 €/KG","img":"https://fd15-photos.leclercdrive.fr/image.ashx?id=2583235&use=l&cat=p&typeid=i","cat":312392},{"id":38297,"n":"Matière grasse St Hubert Omega3 52%mg - demi-sel - 510g","p":5.18,"u":"10,16 €/KG","img":"https://fd15-photos.leclercdrive.fr/image.ashx?id=2734099&use=l&cat=p&typeid=i","cat":315229},{"id":38298,"n":"Matière grasse St Hubert Omega 3 - 52%mg - doux - 510g","p":5.44,"u":"10,67 €/KG","img":"https://fd15-photos.leclercdrive.fr/image.ashx?id=2734108&use=l&cat=p&typeid=i","cat":315229},{"id":38322,"n":"Compote Douceur du Verger Gourdes multivariétés - 20x90g","p":10.39,"u":"5,77 €/KG","img":"https://fd15-photos.leclercdrive.fr/image.ashx?id=2837057&use=l&cat=p&typeid=i","cat":284508},{"id":38374,"n":"Brosse à dents Dentamyl Super pro interdent x1","p":0.88,"img":"https://fd15-photos.leclercdrive.fr/image.ashx?id=2790970&use=l&cat=p&typeid=i","cat":284614},{"id":38379,"n":"Shampooing Manava Aux oeufs 500ml","p":1.79,"u":"3,58 €/L","img":"https://fd15-photos.leclercdrive.fr/image.ashx?id=2852243&use=l&cat=p&typeid=i","cat":284606},{"id":38465,"n":"Petits oeufs Chocolat Novi Assortiment - 160g","p":5.49,"u":"34,31 €/KG","img":"https://fd15-photos.leclercdrive.fr/image.ashx?id=1661030&use=l&cat=p&typeid=i","cat":284499},{"id":38478,"n":"Eau gazeuse  Badoit rouge fortement pétillante - 1l","p":1.34,"u":"1,34 €/L","img":"https://fd15-photos.leclercdrive.fr/image.ashx?id=2939223&use=l&cat=p&typeid=i","cat":284536},{"id":38543,"n":"Jambon supérieur Tradilège Torchon 4 tranches 160g","p":3.35,"u":"20,94 €/KG","img":"https://fd15-photos.leclercdrive.fr/image.ashx?id=2437085&use=l&cat=p&typeid=i","cat":316009},{"id":38562,"n":"Cône Nestlé Extrême  Vanille de Madagascar x6 - 426g","p":6.49,"u":"15,23 €/KG","img":"https://fd15-photos.leclercdrive.fr/image.ashx?id=3000432&use=l&cat=p&typeid=i","cat":284264},{"id":38563,"n":"Cône Extrême Nestlé Chocolat intense 6x71g","p":6.49,"u":"15,23 €/KG","img":"https://fd15-photos.leclercdrive.fr/image.ashx?id=2353089&use=l&cat=p&typeid=i","cat":284264},{"id":38625,"n":"Calculatrice Texas Instrument TI-Collège Plus","p":22.8,"img":"https://fd15-photos.leclercdrive.fr/image.ashx?id=2429260&use=l&cat=p&typeid=i","cat":334133},{"id":38631,"n":"Stylo bille Esquisse 4 couleurs différentes - x10","p":1.7,"u":"0,17 €/P","img":"https://fd15-photos.leclercdrive.fr/image.ashx?id=1928839&use=l&cat=p&typeid=i","cat":284696},{"id":38668,"n":"Shampooing Vitanove Eclat - Ultime gloss 250ml","p":1.89,"u":"7,56 €/L","img":"https://fd15-photos.leclercdrive.fr/image.ashx?id=1909564&use=l&cat=p&typeid=i","cat":284606},{"id":38705,"n":"Chocolat Pâtissier Nestlé Dessert - 2x205g","p":8.95,"u":"21,83 €/KG","img":"https://fd15-photos.leclercdrive.fr/image.ashx?id=2959491&use=l&cat=p&typeid=i","cat":285562},{"id":38744,"n":"Beurre allégé Les Croisés Demi-sel - 60% MG - 250g","p":3.35,"u":"13,40 €/KG","img":"https://fd15-photos.leclercdrive.fr/image.ashx?id=2897787&use=l&cat=p&typeid=i","cat":284379},{"id":38757,"n":"Bâtonnets Trium Pistache - x4 280g","p":5.19,"u":"18,54 €/KG","img":"https://fd15-photos.leclercdrive.fr/image.ashx?id=2071101&use=l&cat=p&typeid=i","cat":284265},{"id":38764,"n":"Cidre artisanal Les Goelleries Brut 5,5% - 75cl","p":3.79,"u":"5,05 €/L","img":"https://fd15-photos.leclercdrive.fr/image.ashx?id=2842301&use=l&cat=p&typeid=i","cat":334880},{"id":38765,"n":"Soda Jean's Cola Cherry Bouteille - 1,5L","p":2.29,"u":"1,53 €/L","img":"https://fd15-photos.leclercdrive.fr/image.ashx?id=2637916&use=l&cat=p&typeid=i","cat":284530},{"id":38773,"n":"Pur jus d'orange Jafaden Avec pulpe - 1,5L","p":5.39,"u":"3,59 €/L","img":"https://fd15-photos.leclercdrive.fr/image.ashx?id=2796058&use=l&cat=p&typeid=i","cat":284521},{"id":38776,"n":"AOC Côtes du Marmandais vin rosé Terrasses d'Autan - 75cl","p":5.53,"u":"7,37 €/L","img":"https://fd15-photos.leclercdrive.fr/image.ashx?id=2710497&use=l&cat=p&typeid=i","cat":289558},{"id":38780,"n":"Shampooing Manava Anti-pelliculaire 500ml","p":2.29,"u":"4,58 €/L","img":"https://fd15-photos.leclercdrive.fr/image.ashx?id=1903863&use=l&cat=p&typeid=i","cat":284606},{"id":38781,"n":"Mouchoirs blancs 4 plis Caresse Boîte mouchoirs papier - x80","p":1.94,"u":"0,02 €/P","img":"https://fd15-photos.leclercdrive.fr/image.ashx?id=2801049&use=l&cat=p&typeid=i","cat":284638},{"id":38787,"n":"Huggies® Little Swimmers® Maxipack Taille 5-6 x19","p":19.61,"u":"1,03 €/P","img":"https://fd15-photos.leclercdrive.fr/image.ashx?id=2844709&use=l&cat=p&typeid=i","cat":290634},{"id":38799,"n":"Essuie-tout Mimosa Demi-feuille - x3","p":7.88,"u":"2,63 €/P","img":"https://fd15-photos.leclercdrive.fr/image.ashx?id=2752625&use=l&cat=p&typeid=i","cat":284635},{"id":38800,"n":"Essuie-tout Déco Mimosa Maxi - x3","p":6.64,"u":"2,21 €/P","img":"https://fd15-photos.leclercdrive.fr/image.ashx?id=2723362&use=l&cat=p&typeid=i","cat":284635},{"id":38801,"n":"Déodorant spray Manava Vanille 100ml","p":2.03,"u":"20,30 €/L","img":"https://fd15-photos.leclercdrive.fr/image.ashx?id=2671408&use=l&cat=p&typeid=i","cat":284595},{"id":38802,"n":"Déodorant spray Manava Pierre d'alun/Aloe Vera - 100ml","p":2.64,"u":"26,40 €/L","img":"https://fd15-photos.leclercdrive.fr/image.ashx?id=3013609&use=l&cat=p&typeid=i","cat":284595},{"id":38803,"n":"Déodorant spray grenade Manava A l'huile sauge sclarée - 100ml","p":2.05,"u":"20,50 €/L","img":"https://fd15-photos.leclercdrive.fr/image.ashx?id=2656448&use=l&cat=p&typeid=i","cat":284595},{"id":38804,"n":"Déodorant spray Manava Invisible 100ml","p":2.35,"u":"23,50 €/L","img":"https://fd15-photos.leclercdrive.fr/image.ashx?id=2692958&use=l&cat=p&typeid=i","cat":284595},{"id":38853,"n":"Pomme de terre de consommation 5kg","p":6.99,"u":"1,40 €/KG","img":"https://fd15-photos.leclercdrive.fr/image.ashx?id=1633283&use=l&cat=p&typeid=i","cat":284352},{"id":38857,"n":"Fromage Boursin cuisine Ail & fines herbes - 240g","p":3.89,"u":"16,21 €/KG","img":"https://fd15-photos.leclercdrive.fr/image.ashx?id=2615418&use=l&cat=p&typeid=i","cat":314029},{"id":38861,"n":"Mélange légumes D'Aucy Choux fleurs brocolis - 750g","p":3.45,"u":"345,00 €/L","img":"https://fd15-photos.leclercdrive.fr/image.ashx?id=2512149&use=l&cat=p&typeid=i","cat":319805},{"id":38862,"n":"Mélange de légumes D'Aucy Brocolis haricots plats - 750g","p":3.45,"u":"4,60 €/KG","img":"https://fd15-photos.leclercdrive.fr/image.ashx?id=2633008&use=l&cat=p&typeid=i","cat":319805},{"id":38868,"n":"Chips ondulées Pom'Lisse Poulet rôti - 135g","p":1.67,"u":"12,37 €/KG","img":"https://fd15-photos.leclercdrive.fr/image.ashx?id=2919625&use=l&cat=p&typeid=i","cat":284447},{"id":38869,"n":"Purée de tomates Turini Saveur basilic - 200g","p":0.53,"u":"2,65 €/KG","img":"https://fd15-photos.leclercdrive.fr/image.ashx?id=2174702&use=l&cat=p&typeid=i","cat":288384},{"id":38985,"n":"Beurre Grand Fermage  Demi-sel - 80% MG - 250g","p":2.7,"u":"10,80 €/KG","img":"https://fd15-photos.leclercdrive.fr/image.ashx?id=2915569&use=l&cat=p&typeid=i","cat":284379},{"id":39020,"n":"AOP Haut Médoc rouge Château Barreyres - 75cl","p":22.8,"u":"30,40 €/L","img":"https://fd15-photos.leclercdrive.fr/image.ashx?id=2467769&use=l&cat=p&typeid=i","cat":289556},{"id":39027,"n":"Vin blanc Ste Croix du Mont AOC Domaine de Baure moelleux 75cl","p":8.99,"u":"11,99 €/L","img":"https://fd15-photos.leclercdrive.fr/image.ashx?id=2985342&use=l&cat=p&typeid=i","cat":289557},{"id":39051,"n":"AOC Buzet rosé L'Excellence - 75cl","p":10.15,"u":"13,53 €/L","img":"https://fd15-photos.leclercdrive.fr/image.ashx?id=2833420&use=l&cat=p&typeid=i","cat":289558},{"id":39061,"n":"Film étirable Alfapac Rouleau 35m x 29cm","p":2.4,"img":"https://fd15-photos.leclercdrive.fr/image.ashx?id=2918268&use=l&cat=p&typeid=i","cat":334134},{"id":39066,"n":"Tablettes lave vaisselle Sun Classic x40 - 380g","p":10.05,"u":"26,45 €/KG","img":"https://fd15-photos.leclercdrive.fr/image.ashx?id=2776232&use=l&cat=p&typeid=i","cat":284656},{"id":39067,"n":"Tablettes lave vaisselle Sun Classic x60 - 570g","p":15.99,"u":"28,05 €/KG","img":"https://fd15-photos.leclercdrive.fr/image.ashx?id=2775745&use=l&cat=p&typeid=i","cat":284656},{"id":39107,"n":"Gel lavant Manava Savon de Marseille - 300ml","p":1.71,"u":"5,70 €/L","img":"https://fd15-photos.leclercdrive.fr/image.ashx?id=2935498&use=l&cat=p&typeid=i","cat":284597},{"id":39122,"n":"Fromage de chèvre Soignon Bûche Sainte Maure - 300g","p":5.25,"u":"17,50 €/KG","img":"https://fd15-photos.leclercdrive.fr/image.ashx?id=2963331&use=l&cat=p&typeid=i","cat":314031},{"id":39145,"n":"Mouchoirs blancs 4 plis Caresse Etuis x15 - Mentholés","p":2.83,"u":"0,19 €/P","img":"https://fd15-photos.leclercdrive.fr/image.ashx?id=2572996&use=l&cat=p&typeid=i","cat":284638},{"id":39155,"n":"Chips La classique Vico Nature - 6x27,5g","p":2.63,"u":"15,94 €/KG","img":"https://fd15-photos.leclercdrive.fr/image.ashx?id=2917813&use=l&cat=p&typeid=i","cat":284447},{"id":39172,"n":"AOP Cabernet d'Anjou vin rosé Les Caractères - 75cl","p":7.39,"u":"9,85 €/L","img":"https://fd15-photos.leclercdrive.fr/image.ashx?id=2710940&use=l&cat=p&typeid=i","cat":289558},{"id":39199,"n":"Pizza Turini Cuite sur pierre Campagnarde - 400g","p":4.29,"u":"10,73 €/KG","img":"https://fd15-photos.leclercdrive.fr/image.ashx?id=2816576&use=l&cat=p&typeid=i","cat":284256},{"id":39204,"n":"Tartinable Ronde des Mers Saumon fumé - 120g","p":3.79,"u":"31,58 €/KG","img":"https://fd15-photos.leclercdrive.fr/image.ashx?id=2631435&use=l&cat=p&typeid=i","cat":285191},{"id":39205,"n":"Tartinable Ronde des Mers Thon - 120g","p":2.89,"u":"24,08 €/KG","img":"https://fd15-photos.leclercdrive.fr/image.ashx?id=2631441&use=l&cat=p&typeid=i","cat":285191},{"id":39206,"n":"Tartinable Ronde des Mers Surimi-crabe - 120g","p":3.39,"u":"28,25 €/KG","img":"https://fd15-photos.leclercdrive.fr/image.ashx?id=2631438&use=l&cat=p&typeid=i","cat":285191},{"id":39232,"n":"AOP Champagne rosé Demoiselle Brut Vranken - 75cl","p":50.95,"u":"67,93 €/L","img":"https://fd15-photos.leclercdrive.fr/image.ashx?id=2020254&use=l&cat=p&typeid=i","cat":284542},{"id":39233,"n":"AOP Côtes de Provence rosé Estandon - 75cl","p":11.57,"u":"15,43 €/L","img":"https://fd15-photos.leclercdrive.fr/image.ashx?id=2868966&use=l&cat=p&typeid=i","cat":289558},{"id":39259,"n":"Planteur Jafaden Cocktail sans alcool - 1L","p":3.99,"u":"3,99 €/L","img":"https://fd15-photos.leclercdrive.fr/image.ashx?id=2956726&use=l&cat=p&typeid=i","cat":284916},{"id":39265,"n":"AOC Picpoul de Pinet vin blanc Prieur Barsanne - 75cl","p":7.18,"u":"9,57 €/L","img":"https://fd15-photos.leclercdrive.fr/image.ashx?id=2441911&use=l&cat=p&typeid=i","cat":289557},{"id":39266,"n":"AOP Corse vin rosé Terres Ocrées - 75cl","p":10.05,"u":"13,40 €/L","img":"https://fd15-photos.leclercdrive.fr/image.ashx?id=2702183&use=l&cat=p&typeid=i","cat":289558},{"id":39267,"n":"AOC Languedoc vin rosé Prieur Barsanne - 75cl","p":4.7,"u":"6,27 €/L","img":"https://fd15-photos.leclercdrive.fr/image.ashx?id=1952368&use=l&cat=p&typeid=i","cat":289558},{"id":39268,"n":"AOP Bergerac vin blanc sec Terrasses d'Autan - 75cl","p":5.45,"u":"7,27 €/L","img":"https://fd15-photos.leclercdrive.fr/image.ashx?id=2858108&use=l&cat=p&typeid=i","cat":289557},{"id":39269,"n":"AOC Cabernet d'Anjou vin rosé Les Caractères - 37,5cl","p":4.29,"u":"11,44 €/L","img":"https://fd15-photos.leclercdrive.fr/image.ashx?id=2898248&use=l&cat=p&typeid=i","cat":289558},{"id":39270,"n":"AOP Touraine Sauvignon vin Blanc - Les Caractères - 75cl","p":8.49,"u":"11,32 €/L","img":"https://fd15-photos.leclercdrive.fr/image.ashx?id=2691309&use=l&cat=p&typeid=i","cat":289557},{"id":39271,"n":"AOP Alsace Pinot gris  vin blanc Rebmann - 75 cl","p":8.81,"u":"11,75 €/L","img":"https://fd15-photos.leclercdrive.fr/image.ashx?id=2709686&use=l&cat=p&typeid=i","cat":289557},{"id":39272,"n":"AOP Bourgogne Chardonnay vin blanc Antoine Barrier - 75cl","p":9.23,"u":"12,31 €/L","img":"https://fd15-photos.leclercdrive.fr/image.ashx?id=2645245&use=l&cat=p&typeid=i","cat":289557},{"id":39273,"n":"IGP Sable de Camargue BIO vin rosé Rives & Terrasses - 75cl","p":7.69,"u":"10,25 €/L","img":"https://fd15-photos.leclercdrive.fr/image.ashx?id=2562891&use=l&cat=p&typeid=i","cat":289558},{"id":39331,"n":"Shampooing Manava Beurre de karité 500ml","p":2.25,"u":"4,50 €/L","img":"https://fd15-photos.leclercdrive.fr/image.ashx?id=1884643&use=l&cat=p&typeid=i","cat":284606},{"id":39332,"n":"Shampooing Manava Cheveux normaux à gras 500ml","p":2.59,"u":"5,18 €/L","img":"https://fd15-photos.leclercdrive.fr/image.ashx?id=1885059&use=l&cat=p&typeid=i","cat":284606},{"id":39338,"n":"Moutarde Savora Amora 385g","p":3.65,"u":"9,48 €/KG","img":"https://fd15-photos.leclercdrive.fr/image.ashx?id=2775685&use=l&cat=p&typeid=i","cat":288850},{"id":39339,"n":"Moutarde Amora Fine & douce - 190g","p":2.61,"u":"13,74 €/KG","img":"https://fd15-photos.leclercdrive.fr/image.ashx?id=2738791&use=l&cat=p&typeid=i","cat":288850},{"id":39376,"n":"Pur jus d'orange Tropicana Sans pulpe - 1,5L","p":6.65,"u":"4,43 €/L","img":"https://fd15-photos.leclercdrive.fr/image.ashx?id=2509637&use=l&cat=p&typeid=i","cat":284521},{"id":39388,"n":"Haricots verts Bio Village Bio - 360g","p":2.83,"u":"7,86 €/KG","img":"https://fd15-photos.leclercdrive.fr/image.ashx?id=3002659&use=l&cat=p&typeid=i","cat":312606},{"id":39389,"n":"Haricots beurre Notre Jardin Extra fins 1kg","p":2.71,"u":"2,71 €/KG","img":"https://fd15-photos.leclercdrive.fr/image.ashx?id=2431134&use=l&cat=p&typeid=i","cat":319805},{"id":39390,"n":"Soupe Velouté bolet Régal soupe Déshydratée - 66g","p":1.09,"u":"16,52 €/KG","img":"https://fd15-photos.leclercdrive.fr/image.ashx?id=2188844&use=l&cat=p&typeid=i","cat":284463},{"id":39421,"n":"Jus innocent pomme 900ml","p":4.4,"u":"4,89 €/L","img":"https://fd15-photos.leclercdrive.fr/image.ashx?id=2891703&use=l&cat=p&typeid=i","cat":284354},{"id":39443,"n":"Jus innocent  orange avec pulpe 1.5L","p":5.99,"u":"3,99 €/L","img":"https://fd15-photos.leclercdrive.fr/image.ashx?id=2891223&use=l&cat=p&typeid=i","cat":285435},{"id":39444,"n":"Jus innocent orange avec pulpe 900ml","p":3.48,"u":"3,87 €/L","img":"https://fd15-photos.leclercdrive.fr/image.ashx?id=2891700&use=l&cat=p&typeid=i","cat":285435},{"id":39445,"n":"Confiture Douceur Du Verger Extra myrtilles allegée - 340g","p":3.59,"u":"10,56 €/KG","img":"https://fd15-photos.leclercdrive.fr/image.ashx?id=2965515&use=l&cat=p&typeid=i","cat":284480},{"id":39480,"n":"Chips ondulées Pom'Lisse Nature - 6x30g","p":2.11,"u":"11,72 €/KG","img":"https://fd15-photos.leclercdrive.fr/image.ashx?id=2728246&use=l&cat=p&typeid=i","cat":284447},{"id":39482,"n":"Brownie P'tit Déli Chocolat noisette - 240g","p":3.55,"u":"14,79 €/KG","img":"https://fd15-photos.leclercdrive.fr/image.ashx?id=2891779&use=l&cat=p&typeid=i","cat":294776},{"id":39485,"n":"Barre chocolatée Balisto Miel amande - x10 barres - 185g","p":5.25,"u":"28,38 €/KG","img":"https://fd15-photos.leclercdrive.fr/image.ashx?id=1930977&use=l&cat=p&typeid=i","cat":284498},{"id":39497,"n":"Barre chocolatée P'tit Déli Bille de riz - 162g","p":2.09,"u":"12,90 €/KG","img":"https://fd15-photos.leclercdrive.fr/image.ashx?id=2529599&use=l&cat=p&typeid=i","cat":284488},{"id":39498,"n":"Biscottes Epi d'Or Gout brioché x36 - 300g","p":2.64,"u":"8,80 €/KG","img":"https://fd15-photos.leclercdrive.fr/image.ashx?id=2684028&use=l&cat=p&typeid=i","cat":284479},{"id":39502,"n":"Biscuits Cookies P'tit Déli Coeur fondant noisette - 200g","p":2.59,"u":"12,95 €/KG","img":"https://fd15-photos.leclercdrive.fr/image.ashx?id=2577296&use=l&cat=p&typeid=i","cat":325066},{"id":39503,"n":"Chocolat Pâtissier Tablette dOr Praliné - 200g","p":2.96,"u":"14,80 €/KG","img":"https://fd15-photos.leclercdrive.fr/image.ashx?id=2565619&use=l&cat=p&typeid=i","cat":285562},{"id":39507,"n":"Moutarde Rustica Douce - 435g","p":2.35,"u":"5,40 €/KG","img":"https://fd15-photos.leclercdrive.fr/image.ashx?id=2052019&use=l&cat=p&typeid=i","cat":288850},{"id":39508,"n":"Mini canapés Epi d'Or Nature - 255g","p":2.05,"u":"8,04 €/KG","img":"https://fd15-photos.leclercdrive.fr/image.ashx?id=2129233&use=l&cat=p&typeid=i","cat":285454},{"id":39509,"n":"Pain au seigle complet Epi d'Or 500g","p":2.69,"u":"5,38 €/KG","img":"https://fd15-photos.leclercdrive.fr/image.ashx?id=1879287&use=l&cat=p&typeid=i","cat":325069},{"id":39513,"n":"Soupe Velouté Régal  Poireaux St Jacques - 1L","p":4.69,"u":"4,69 €/L","img":"https://fd15-photos.leclercdrive.fr/image.ashx?id=2800243&use=l&cat=p&typeid=i","cat":284462},{"id":39514,"n":"Soupe Velouté Regal Soupe Cèpes et bolets - 1L","p":3.13,"u":"3,13 €/L","img":"https://fd15-photos.leclercdrive.fr/image.ashx?id=2607545&use=l&cat=p&typeid=i","cat":284462},{"id":39515,"n":"Friandises pour chien Lydog Sticks au poulet - x5 - 42g","p":0.79,"u":"18,81 €/KG","img":"https://fd15-photos.leclercdrive.fr/image.ashx?id=1947268&use=l&cat=p&typeid=i","cat":294527},{"id":39517,"n":"Thé vert Twinings Citron x25 sachets -50g","p":4.05,"u":"81,00 €/KG","img":"https://fd15-photos.leclercdrive.fr/image.ashx?id=2893012&use=l&cat=p&typeid=i","cat":293233},{"id":39521,"n":"Cacahuètes enrobées Tokapi Salées - 150g","p":1.49,"u":"9,93 €/KG","img":"https://fd15-photos.leclercdrive.fr/image.ashx?id=2790525&use=l&cat=p&typeid=i","cat":284448},{"id":39522,"n":"Cacahuètes enrobées Tokapi Bacon - 150g","p":1.59,"u":"10,60 €/KG","img":"https://fd15-photos.leclercdrive.fr/image.ashx?id=2790528&use=l&cat=p&typeid=i","cat":284448},{"id":39523,"n":"Cacahuètes enrobées Tokapi Paprika - 150g","p":1.95,"u":"13,00 €/KG","img":"https://fd15-photos.leclercdrive.fr/image.ashx?id=2790531&use=l&cat=p&typeid=i","cat":284448},{"id":39529,"n":"Jus de citron Rustica Sicile - 50cl","p":2.9,"u":"5,80 €/L","img":"https://fd15-photos.leclercdrive.fr/image.ashx?id=2974804&use=l&cat=p&typeid=i","cat":288383},{"id":39530,"n":"Dessert bébé BabyBio Bio 6 mois Pomme / Fraise - 260g","p":3.69,"u":"14,19 €/KG","img":"https://fd15-photos.leclercdrive.fr/image.ashx?id=2827509&use=l&cat=p&typeid=i","cat":312388},{"id":39531,"n":"Compote bébé Babybio Bio 4 mois Pomme / Mangue - 260g","p":2.99,"u":"11,50 €/KG","img":"https://fd15-photos.leclercdrive.fr/image.ashx?id=2827500&use=l&cat=p&typeid=i","cat":312387},{"id":39532,"n":"Repas bébé Bio Babybio - 4 mois Bio Patate douce - 260g","p":2.95,"u":"11,35 €/KG","img":"https://fd15-photos.leclercdrive.fr/image.ashx?id=2837760&use=l&cat=p&typeid=i","cat":312234},{"id":39545,"n":"Soupe Poule au pot Régal Soupe  Déshydratée - 72g","p":1.35,"u":"18,75 €/KG","img":"https://fd15-photos.leclercdrive.fr/image.ashx?id=2656381&use=l&cat=p&typeid=i","cat":284463},{"id":39547,"n":"Duo Haricots verts et beurre Notre Jardin - 225g","p":1.49,"u":"6,62 €/KG","img":"https://fd15-photos.leclercdrive.fr/image.ashx?id=2988060&use=l&cat=p&typeid=i","cat":312606},{"id":39548,"n":"Haricots verts Notre Jardin Extra fins - 3x110g","p":2.75,"u":"8,33 €/KG","img":"https://fd15-photos.leclercdrive.fr/image.ashx?id=3002605&use=l&cat=p&typeid=i","cat":312606},{"id":39550,"n":"Sirop d'agave bio Bio Village 345g","p":4.09,"u":"11,86 €/KG","img":"https://fd15-photos.leclercdrive.fr/image.ashx?id=2764961&use=l&cat=p&typeid=i","cat":287643},{"id":39551,"n":"Tablettes pour chien Lydog Boeuf, poulet, agneau - 104g","p":1.19,"u":"11,44 €/KG","img":"https://fd15-photos.leclercdrive.fr/image.ashx?id=1947265&use=l&cat=p&typeid=i","cat":294527},{"id":39554,"n":"Mélange 4 champignons N.Jardin 230g","p":3.45,"u":"15,00 €/KG","img":"https://fd15-photos.leclercdrive.fr/image.ashx?id=2072719&use=l&cat=p&typeid=i","cat":312610},{"id":39558,"n":"Croquettes chat Tous mes amis Stérilisés - 2kg","p":6.65,"u":"3,33 €/KG","img":"https://fd15-photos.leclercdrive.fr/image.ashx?id=2301490&use=l&cat=p&typeid=i","cat":284680},{"id":39559,"n":"Céréales Jordans Spécial Muesli Fruits et Noix - 750g","p":5.05,"u":"6,73 €/KG","img":"https://fd15-photos.leclercdrive.fr/image.ashx?id=2966770&use=l&cat=p&typeid=i","cat":309512},{"id":39560,"n":"Duo Haricots verts et beurre Notre Jardin - 455g","p":2.75,"u":"6,04 €/KG","img":"https://fd15-photos.leclercdrive.fr/image.ashx?id=2291408&use=l&cat=p&typeid=i","cat":312606},{"id":39562,"n":"Céréales Bio Jordans Muesli - 500g","p":4.9,"u":"9,80 €/KG","img":"https://fd15-photos.leclercdrive.fr/image.ashx?id=2475897&use=l&cat=p&typeid=i","cat":309512},{"id":39566,"n":"Repas bébé Babynat 6 mois Cabillaud Légumes - 2x200g","p":4.85,"u":"12,13 €/KG","img":"https://fd15-photos.leclercdrive.fr/image.ashx?id=2832008&use=l&cat=p&typeid=i","cat":312235},{"id":39570,"n":"Céréales Jordans Country Crisp 4 Noix - 550g","p":6.02,"u":"10,95 €/KG","img":"https://fd15-photos.leclercdrive.fr/image.ashx?id=2973487&use=l&cat=p&typeid=i","cat":309512},{"id":39572,"n":"Biscuits batonnets P'tit Déli Chocolat au lait 90g","p":2.15,"u":"23,89 €/KG","img":"https://fd15-photos.leclercdrive.fr/image.ashx?id=2328779&use=l&cat=p&typeid=i","cat":284488},{"id":39584,"n":"AOP Côtes de Provence rosé Berne Grande récolte - 1,5L","p":36.69,"u":"24,46 €/L","img":"https://fd15-photos.leclercdrive.fr/image.ashx?id=2857536&use=l&cat=p&typeid=i","cat":289558},{"id":39616,"n":"Sirop Moulin de Valdonne Fraise - 70cl","p":4.95,"u":"7,07 €/L","img":"https://fd15-photos.leclercdrive.fr/image.ashx?id=2170559&use=l&cat=p&typeid=i","cat":295020},{"id":39617,"n":"Sirop Moulin de Valdonne Menthe - 70cl","p":4.09,"u":"5,84 €/L","img":"https://fd15-photos.leclercdrive.fr/image.ashx?id=2170550&use=l&cat=p&typeid=i","cat":295020},{"id":39651,"n":"Sel fin iodé Cérébos Boîte 125g","p":0.75,"u":"6,00 €/KG","img":"https://fd15-photos.leclercdrive.fr/image.ashx?id=2817536&use=l&cat=p&typeid=i","cat":284457},{"id":39686,"n":"Protection incontinence Chorys Homme - Normal - x20","p":7.49,"u":"0,37 €/P","img":"https://fd15-photos.leclercdrive.fr/image.ashx?id=2672936&use=l&cat=p&typeid=i","cat":291514},{"id":39734,"n":"Purée de tomate Panzani Tomacouli basilic - 200g","p":1.03,"u":"5,15 €/KG","img":"https://fd15-photos.leclercdrive.fr/image.ashx?id=2875330&use=l&cat=p&typeid=i","cat":288384},{"id":39735,"n":"Huile Isio 4 Lesieur Stop goutte - 675ml","p":3.89,"u":"5,76 €/L","img":"https://fd15-photos.leclercdrive.fr/image.ashx?id=2916015&use=l&cat=p&typeid=i","cat":284453},{"id":39743,"n":"Bière blonde 8.6 Gold Canette 50cl - 8.6%vol","p":2.55,"u":"5,10 €/L","img":"https://fd15-photos.leclercdrive.fr/image.ashx?id=1883591&use=l&cat=p&typeid=i","cat":334853},{"id":39763,"n":"Préparation de fruits Recette Mirabelles 320g","p":4.39,"u":"13,72 €/KG","img":"https://fd15-photos.leclercdrive.fr/image.ashx?id=1581141&use=l&cat=p&typeid=i","cat":284480},{"id":39768,"n":"Préparation de fruits Myrtilles  Lucien Georgelin 320g","p":3.62,"u":"11,31 €/KG","img":"https://fd15-photos.leclercdrive.fr/image.ashx?id=1953840&use=l&cat=p&typeid=i","cat":284480},{"id":39770,"n":"Edulcorant Canderel Pot, poudre 80g","p":4.89,"u":"61,13 €/KG","img":"https://fd15-photos.leclercdrive.fr/image.ashx?id=2811020&use=l&cat=p&typeid=i","cat":324846},{"id":39777,"n":"AOP Crémant d'Alsace Blanc Brut Arthur Metz - 75cl","p":16.19,"u":"21,59 €/L","img":"https://fd15-photos.leclercdrive.fr/image.ashx?id=2422926&use=l&cat=p&typeid=i","cat":284544},{"id":39783,"n":"Liqueur Malibu Coco 18% vol - 1L","p":31.69,"u":"31,69 €/L","img":"https://fd15-photos.leclercdrive.fr/image.ashx?id=2396881&use=l&cat=p&typeid=i","cat":284551},{"id":39796,"n":"Bûche de chèvre Soignon Crémeuse - 180g","p":4.56,"u":"25,33 €/KG","img":"https://fd15-photos.leclercdrive.fr/image.ashx?id=2787134&use=l&cat=p&typeid=i","cat":314031},{"id":39827,"n":"Sauce Algerienne Colona 500ml","p":3.3,"u":"6,60 €/L","img":"https://fd15-photos.leclercdrive.fr/image.ashx?id=2687182&use=l&cat=p&typeid=i","cat":318431},{"id":39828,"n":"Sauce Marocaine Colona 500ml","p":3.26,"u":"6,52 €/L","img":"https://fd15-photos.leclercdrive.fr/image.ashx?id=2687185&use=l&cat=p&typeid=i","cat":318431},{"id":39835,"n":"Boisson énergisante X-tense Canette - 50cl","p":1.27,"u":"2,54 €/L","img":"https://fd15-photos.leclercdrive.fr/image.ashx?id=2841154&use=l&cat=p&typeid=i","cat":284533},{"id":39856,"n":"Sirop Frucci  Citron vert - 75cl","p":3.55,"u":"4,73 €/L","img":"https://fd15-photos.leclercdrive.fr/image.ashx?id=2842307&use=l&cat=p&typeid=i","cat":295020},{"id":39858,"n":"Sirop Frucci Fruits exotiques - 75cl","p":4.35,"u":"5,80 €/L","img":"https://fd15-photos.leclercdrive.fr/image.ashx?id=2842313&use=l&cat=p&typeid=i","cat":295020},{"id":39870,"n":"Jus multifruits Jafaden 4x20cl","p":4.65,"u":"5,81 €/L","img":"https://fd15-photos.leclercdrive.fr/image.ashx?id=2802296&use=l&cat=p&typeid=i","cat":284524},{"id":39871,"n":"Pur jus d'orange Jafaden 4x20cl","p":4.59,"u":"5,74 €/L","img":"https://fd15-photos.leclercdrive.fr/image.ashx?id=2802293&use=l&cat=p&typeid=i","cat":284521},{"id":39872,"n":"Pur jus d'ananas Jafaden 4x20cl","p":4.99,"u":"6,24 €/L","img":"https://fd15-photos.leclercdrive.fr/image.ashx?id=2553333&use=l&cat=p&typeid=i","cat":284524},{"id":39890,"n":"Chicorée soluble Plantation nature - 200g","p":4.05,"u":"20,25 €/KG","img":"https://fd15-photos.leclercdrive.fr/image.ashx?id=2834308&use=l&cat=p&typeid=i","cat":284843},{"id":39894,"n":"Bière blanche Hilbörg 4,5%vol. -  6x25cl","p":5.99,"u":"3,99 €/L","img":"https://fd15-photos.leclercdrive.fr/image.ashx?id=2913706&use=l&cat=p&typeid=i","cat":334878},{"id":39898,"n":"Eau minérale Amanda Calcium magnesium 1,5L","p":0.95,"u":"0,63 €/L","img":"https://fd15-photos.leclercdrive.fr/image.ashx?id=2651786&use=l&cat=p&typeid=i","cat":284535},{"id":39907,"n":"Soda Jean's Cola Bouteille - 50cl","p":0.85,"u":"1,70 €/L","img":"https://fd15-photos.leclercdrive.fr/image.ashx?id=2995740&use=l&cat=p&typeid=i","cat":284530},{"id":39927,"n":"AOC Bordeaux vin blanc moelleux Chantet Blanet - 75cl","p":5.89,"u":"7,85 €/L","img":"https://fd15-photos.leclercdrive.fr/image.ashx?id=2918463&use=l&cat=p&typeid=i","cat":289557},{"id":39946,"n":"Crème de nuit L'Oréal Paris Revitalift anti-rides - 50ml","p":20.5,"u":"410,00 €/L","img":"https://fd15-photos.leclercdrive.fr/image.ashx?id=2865869&use=l&cat=p&typeid=i","cat":325345},{"id":39947,"n":"Soin de jour L'Oréal Paris Revitalift Anti-rides - 50ml","p":20.5,"u":"410,00 €/L","img":"https://fd15-photos.leclercdrive.fr/image.ashx?id=2851078&use=l&cat=p&typeid=i","cat":325345},{"id":39950,"n":"Yaourts Lait de brebis Délisse Nature - 4x125g","p":2.76,"u":"5,52 €/KG","img":"https://fd15-photos.leclercdrive.fr/image.ashx?id=1872007&use=l&cat=p&typeid=i","cat":314998},{"id":39951,"n":"Crème dessert Délisse Pistache - 4x125g","p":1.59,"u":"3,18 €/KG","img":"https://fd15-photos.leclercdrive.fr/image.ashx?id=2441333&use=l&cat=p&typeid=i","cat":285041},{"id":39961,"n":"Emiettés de sardines Gastromer Citron - 150g","p":4.99,"u":"33,27 €/KG","img":"https://fd15-photos.leclercdrive.fr/image.ashx?id=1605758&use=l&cat=p&typeid=i","cat":285191},{"id":39967,"n":"Poivre gris moulu Ducros n°7 - 90g","p":5.06,"u":"56,22 €/KG","img":"https://fd15-photos.leclercdrive.fr/image.ashx?id=2983207&use=l&cat=p&typeid=i","cat":284457},{"id":39970,"n":"Poivre noir moulu Ducros N°8 - 38g","p":2.72,"u":"71,58 €/KG","img":"https://fd15-photos.leclercdrive.fr/image.ashx?id=2311051&use=l&cat=p&typeid=i","cat":284457},{"id":39972,"n":"Basilic Ducros 11g","p":1.97,"u":"179,09 €/KG","img":"https://fd15-photos.leclercdrive.fr/image.ashx?id=2559469&use=l&cat=p&typeid=i","cat":298297},{"id":39988,"n":"Crème de douche Manava Douceur de crème - 250ml","p":1.94,"u":"7,76 €/L","img":"https://fd15-photos.leclercdrive.fr/image.ashx?id=2699282&use=l&cat=p&typeid=i","cat":284594},{"id":39989,"n":"Savon douceur Manava 1/4 de crème 100g","p":0.82,"u":"8,20 €/KG","img":"https://fd15-photos.leclercdrive.fr/image.ashx?id=2331318&use=l&cat=p&typeid=i","cat":284597},{"id":39990,"n":"Savon Manava Fleur de Tiaré orchidée 100g","p":1.17,"u":"11,70 €/KG","img":"https://fd15-photos.leclercdrive.fr/image.ashx?id=2751898&use=l&cat=p&typeid=i","cat":284597},{"id":39994,"n":"Lait douche Manava Fleur d'oranger 250ml","p":1.65,"u":"6,60 €/L","img":"https://fd15-photos.leclercdrive.fr/image.ashx?id=2618335&use=l&cat=p&typeid=i","cat":284594},{"id":39995,"n":"Recharge gel lavant Manava Savon de Marseil. Olive - 250ml","p":0.82,"u":"3,28 €/L","img":"https://fd15-photos.leclercdrive.fr/image.ashx?id=2935501&use=l&cat=p&typeid=i","cat":284597},{"id":40003,"n":"Saucisson Justin Bridou La Juste Sèche - 275g","p":5.2,"u":"18,91 €/KG","img":"https://fd15-photos.leclercdrive.fr/image.ashx?id=2756927&use=l&cat=p&typeid=i","cat":316006},{"id":40006,"n":"Houmous Extra l'Atelier Blini 175g","p":5.3,"u":"30,29 €/KG","img":"https://fd15-photos.leclercdrive.fr/image.ashx?id=2795093&use=l&cat=p&typeid=i","cat":315999},{"id":40015,"n":"Tarama Blini Extra - 175g","p":6.05,"u":"34,57 €/KG","img":"https://fd15-photos.leclercdrive.fr/image.ashx?id=2795096&use=l&cat=p&typeid=i","cat":315999},{"id":40017,"n":"Tzatziki Blini Extra - 175g","p":4.99,"u":"28,51 €/KG","img":"https://fd15-photos.leclercdrive.fr/image.ashx?id=2973703&use=l&cat=p&typeid=i","cat":315999},{"id":40027,"n":"Tartinable Thon Cap Océan MSC Fromage Frais Ciboulette - 140g","p":3.85,"u":"27,50 €/KG","img":"https://fd15-photos.leclercdrive.fr/image.ashx?id=2434425&use=l&cat=p&typeid=i","cat":285191},{"id":40031,"n":"Brie Le Bon Mayennais 1kg","p":12.9,"u":"12,90 €/KG","img":"https://fd15-photos.leclercdrive.fr/image.ashx?id=1955720&use=l&cat=p&typeid=i","cat":314033},{"id":40034,"n":"Menthe Pastille Giffard 24%vol - 70cl","p":17.89,"u":"25,56 €/L","img":"https://fd15-photos.leclercdrive.fr/image.ashx?id=2529903&use=l&cat=p&typeid=i","cat":286032},{"id":40042,"n":"Bière Levrette Cherry - 25cl","p":3.39,"u":"13,56 €/L","img":"https://fd15-photos.leclercdrive.fr/image.ashx?id=2582333&use=l&cat=p&typeid=i","cat":334878},{"id":40051,"n":"Crêpes bretonnes Saint Michel Nature - x12 - 315g","p":3.12,"u":"9,90 €/KG","img":"https://fd15-photos.leclercdrive.fr/image.ashx?id=2060238&use=l&cat=p&typeid=i","cat":284494},{"id":40081,"n":"Rillettes de canard Tradilège 220g","p":3.56,"u":"16,18 €/KG","img":"https://fd15-photos.leclercdrive.fr/image.ashx?id=2560575&use=l&cat=p&typeid=i","cat":316008},{"id":40084,"n":"Blanc de dinde Tradilège 4 tranches 160g","p":3.3,"u":"20,63 €/KG","img":"https://fd15-photos.leclercdrive.fr/image.ashx?id=2943683&use=l&cat=p&typeid=i","cat":316010},{"id":40089,"n":"Gel douche Manava Cranberry myrtille - 250ml","p":1.24,"u":"4,96 €/L","img":"https://fd15-photos.leclercdrive.fr/image.ashx?id=2626802&use=l&cat=p&typeid=i","cat":284594},{"id":40090,"n":"Lait corps Inell Nourrissant - 250ml","p":2.62,"u":"10,48 €/L","img":"https://fd15-photos.leclercdrive.fr/image.ashx?id=2691661&use=l&cat=p&typeid=i","cat":325349},{"id":40092,"n":"Saucisson sec Saint Azay Stick au noix 100g","p":3.45,"u":"34,50 €/KG","img":"https://fd15-photos.leclercdrive.fr/image.ashx?id=2469565&use=l&cat=p&typeid=i","cat":316006},{"id":40094,"n":"Saucissons secs Saint Azay Stick nature 100g","p":2.29,"u":"22,90 €/KG","img":"https://fd15-photos.leclercdrive.fr/image.ashx?id=2474128&use=l&cat=p&typeid=i","cat":316006},{"id":40102,"n":"Savon de toilette Manava Fleur oranger 100g","p":1.19,"u":"11,90 €/KG","img":"https://fd15-photos.leclercdrive.fr/image.ashx?id=2348670&use=l&cat=p&typeid=i","cat":284597},{"id":40107,"n":"Adoucissant Hyperdou Provence - 750ml","p":2.22,"u":"2,96 €/L","img":"https://fd15-photos.leclercdrive.fr/image.ashx?id=2614473&use=l&cat=p&typeid=i","cat":284650},{"id":40108,"n":"Adoucissant Hyperdou Rêve fraicheur - 750ml","p":1.75,"u":"2,33 €/L","img":"https://fd15-photos.leclercdrive.fr/image.ashx?id=2602850&use=l&cat=p&typeid=i","cat":284650},{"id":40122,"n":"AOP Côtes de Provence vin rosé Terres Ocrées - 75cl - 13%","p":9.82,"u":"13,09 €/L","img":"https://fd15-photos.leclercdrive.fr/image.ashx?id=2709689&use=l&cat=p&typeid=i","cat":289558},{"id":40133,"n":"Gaufrettes Paille d'Or LU Framboise - 170g","p":3.99,"u":"23,47 €/KG","img":"https://fd15-photos.leclercdrive.fr/image.ashx?id=2883753&use=l&cat=p&typeid=i","cat":284489},{"id":40135,"n":"Biscottes Heudebert  Nature - 300g","p":2.95,"u":"9,83 €/KG","img":"https://fd15-photos.leclercdrive.fr/image.ashx?id=2368291&use=l&cat=p&typeid=i","cat":284479},{"id":40137,"n":"Biscuits Pocket Petit Ecolier  LU Chocolat au lait - 250g","p":5.3,"u":"21,20 €/KG","img":"https://fd15-photos.leclercdrive.fr/image.ashx?id=3005326&use=l&cat=p&typeid=i","cat":284488},{"id":40138,"n":"Biscuits Petit Ecolier Chocolat au lait - 150g","p":2.65,"u":"17,67 €/KG","img":"https://fd15-photos.leclercdrive.fr/image.ashx?id=2323844&use=l&cat=p&typeid=i","cat":284488},{"id":40140,"n":"Pain grillé Pelletier Froment - 500g","p":4.99,"u":"9,98 €/KG","img":"https://fd15-photos.leclercdrive.fr/image.ashx?id=3002249&use=l&cat=p&typeid=i","cat":284479},{"id":40142,"n":"Compote Douceur du Verger Coupelle multivariétés -16x100g","p":5.45,"u":"3,41 €/KG","img":"https://fd15-photos.leclercdrive.fr/image.ashx?id=2663533&use=l&cat=p&typeid=i","cat":284508},{"id":40180,"n":"Emiettés surimi crabe Gastromer 150g","p":4.49,"u":"29,93 €/KG","img":"https://fd15-photos.leclercdrive.fr/image.ashx?id=1605662&use=l&cat=p&typeid=i","cat":285191},{"id":40214,"n":"Sauce Pesto Barilla Basilic et Roquette - 190g","p":2.9,"u":"15,26 €/KG","img":"https://fd15-photos.leclercdrive.fr/image.ashx?id=2457980&use=l&cat=p&typeid=i","cat":287599},{"id":40215,"n":"Petit pot soir Babybio Bio P.pois maïs riz, 6 mois 2x200g","p":3.69,"u":"9,23 €/KG","img":"https://fd15-photos.leclercdrive.fr/image.ashx?id=2827476&use=l&cat=p&typeid=i","cat":312239},{"id":40217,"n":"Petits pots Babybio Bio Légumes jambon - 8mois 2x200g","p":3.95,"u":"9,88 €/KG","img":"https://fd15-photos.leclercdrive.fr/image.ashx?id=2838464&use=l&cat=p&typeid=i","cat":312236},{"id":40277,"n":"Barres glacées Bounty  Chocolat & Noix de Coco x6 235g","p":4.18,"u":"17,79 €/KG","img":"https://fd15-photos.leclercdrive.fr/image.ashx?id=1935069&use=l&cat=p&typeid=i","cat":284264},{"id":40278,"n":"Barres glacées Twix  Caramel & Biscuit x6 - 205g","p":4.59,"u":"22,39 €/KG","img":"https://fd15-photos.leclercdrive.fr/image.ashx?id=2906742&use=l&cat=p&typeid=i","cat":284264},{"id":40279,"n":"Jus innocent orange sans pulpe 900ml","p":3.2,"u":"3,56 €/L","img":"https://fd15-photos.leclercdrive.fr/image.ashx?id=2736583&use=l&cat=p&typeid=i","cat":285435},{"id":40303,"n":"Coton Duo Démaquillants Inell Ovale - Aloé véra - Disques x60","p":2.46,"img":"https://fd15-photos.leclercdrive.fr/image.ashx?id=1926957&use=l&cat=p&typeid=i","cat":285593},{"id":40310,"n":"Chocolat Tablette d'Or Au lait et au riz - 100g","p":1.39,"u":"13,90 €/KG","img":"https://fd15-photos.leclercdrive.fr/image.ashx?id=3015386&use=l&cat=p&typeid=i","cat":284497},{"id":40311,"n":"Biscuits cacao P'tit Déli Chocolat noir/blanc - 115g","p":1.85,"u":"16,09 €/KG","img":"https://fd15-photos.leclercdrive.fr/image.ashx?id=2566197&use=l&cat=p&typeid=i","cat":284488},{"id":40312,"n":"Cèpes déshydratés Notre Jardin 40g","p":4.29,"u":"107,25 €/KG","img":"https://fd15-photos.leclercdrive.fr/image.ashx?id=2403276&use=l&cat=p&typeid=i","cat":284352},{"id":40313,"n":"Madeleines marbrées P'tit Déli Chocolat 400g","p":3.55,"u":"8,88 €/KG","img":"https://fd15-photos.leclercdrive.fr/image.ashx?id=2646065&use=l&cat=p&typeid=i","cat":284492},{"id":40315,"n":"Chips ondulées Pom'Lisse Epicé - 135g","p":1.56,"u":"11,56 €/KG","img":"https://fd15-photos.leclercdrive.fr/image.ashx?id=2919628&use=l&cat=p&typeid=i","cat":284447},{"id":40318,"n":"Mini cornichons Rustica 210g","p":1.91,"u":"9,10 €/KG","img":"https://fd15-photos.leclercdrive.fr/image.ashx?id=2916704&use=l&cat=p&typeid=i","cat":284458},{"id":40321,"n":"Bonbons Confiseo Menthe Extrême - 250g","p":2.55,"u":"10,20 €/KG","img":"https://fd15-photos.leclercdrive.fr/image.ashx?id=1871635&use=l&cat=p&typeid=i","cat":304252},{"id":40329,"n":"Chocolat en poudre Equador Pur Cacao non sucré - 250g","p":4.59,"u":"18,36 €/KG","img":"https://fd15-photos.leclercdrive.fr/image.ashx?id=2120290&use=l&cat=p&typeid=i","cat":284504},{"id":40330,"n":"Sablés P'tit Déli Pur beurre framboise - 100g","p":2.45,"u":"24,50 €/KG","img":"https://fd15-photos.leclercdrive.fr/image.ashx?id=2669747&use=l&cat=p&typeid=i","cat":284487},{"id":40337,"n":"Morilles déshydratées Notre Jardin pot 30g","p":12.5,"u":"416,67 €/KG","img":"https://fd15-photos.leclercdrive.fr/image.ashx?id=2418332&use=l&cat=p&typeid=i","cat":284352},{"id":40342,"n":"Serviette Tena Lady - Maxi Night - x12","p":10.64,"u":"0,89 €/P","img":"https://fd15-photos.leclercdrive.fr/image.ashx?id=2597232&use=l&cat=p&typeid=i","cat":284628},{"id":40369,"n":"Gingembre Tanoshi En fines lamelles - 200g","p":3.95,"u":"19,75 €/KG","img":"https://fd15-photos.leclercdrive.fr/image.ashx?id=2921157&use=l&cat=p&typeid=i","cat":288992},{"id":40412,"n":"Thon entier Petit Navire Huile de tournesol - 160g","p":4.75,"u":"29,69 €/KG","img":"https://fd15-photos.leclercdrive.fr/image.ashx?id=2523846&use=l&cat=p&typeid=i","cat":303867},{"id":40430,"n":"Plat bébé soir Blédiner 8 mois  Patate douce carotte - 2x200g","p":3.7,"u":"9,25 €/KG","img":"https://fd15-photos.leclercdrive.fr/image.ashx?id=2902969&use=l&cat=p&typeid=i","cat":312239},{"id":40451,"n":"Nectar Compal Mangue de Colombie - 1L","p":2.4,"u":"2,40 €/L","img":"https://fd15-photos.leclercdrive.fr/image.ashx?id=1969488&use=l&cat=p&typeid=i","cat":284915},{"id":40493,"n":"Panna Cotta Délisse Fruits rouges - 4x90g","p":3.39,"u":"9,42 €/KG","img":"https://fd15-photos.leclercdrive.fr/image.ashx?id=1846157&use=l&cat=p&typeid=i","cat":284419},{"id":40495,"n":"Gâteau mix max Balconi Cacao 350g","p":2.95,"u":"8,43 €/KG","img":"https://fd15-photos.leclercdrive.fr/image.ashx?id=2878408&use=l&cat=p&typeid=i","cat":284495},{"id":40516,"n":"Compote Douceur du Verger Gourdes multivariétés - 12x90g","p":5.89,"u":"5,45 €/KG","img":"https://fd15-photos.leclercdrive.fr/image.ashx?id=2837048&use=l&cat=p&typeid=i","cat":284508},{"id":40518,"n":"Kit burritos Old El Paso extra doux - 491g","p":9.49,"u":"19,33 €/KG","img":"https://fd15-photos.leclercdrive.fr/image.ashx?id=2759496&use=l&cat=p&typeid=i","cat":288993},{"id":40519,"n":"Kit fajitas Old El Paso extra doux - 478g","p":9.49,"u":"19,85 €/KG","img":"https://fd15-photos.leclercdrive.fr/image.ashx?id=2765405&use=l&cat=p&typeid=i","cat":288993},{"id":40522,"n":"Préparation cassis NRT D'Ile de France - 315g","p":4.5,"u":"14,29 €/KG","img":"https://fd15-photos.leclercdrive.fr/image.ashx?id=2520059&use=l&cat=p&typeid=i","cat":284480},{"id":40573,"n":"Tablette chocolat Milka Chocolat lait/Noisette - 2x100g","p":5.2,"u":"26,00 €/KG","img":"https://fd15-photos.leclercdrive.fr/image.ashx?id=2832422&use=l&cat=p&typeid=i","cat":284497},{"id":40574,"n":"Tablette chocolat Milka Chocolat lait/Riz - 2x100g","p":4.95,"u":"24,75 €/KG","img":"https://fd15-photos.leclercdrive.fr/image.ashx?id=2400448&use=l&cat=p&typeid=i","cat":284497},{"id":40586,"n":"Glaces Yéti Best Of - 8 bâtonnets - 360g","p":5.09,"u":"14,14 €/KG","img":"https://fd15-photos.leclercdrive.fr/image.ashx?id=1921194&use=l&cat=p&typeid=i","cat":285250},{"id":40610,"n":"Pérail Lou Pérac Fromage de brebis - 100g","p":2.99,"u":"29,90 €/KG","img":"https://fd15-photos.leclercdrive.fr/image.ashx?id=2848545&use=l&cat=p&typeid=i","cat":314031},{"id":40612,"n":"Fromage de Brebis Etorki  180g","p":4.84,"u":"26,89 €/KG","img":"https://fd15-photos.leclercdrive.fr/image.ashx?id=2702816&use=l&cat=p&typeid=i","cat":329184},{"id":40620,"n":"Jus innocent  orange sans pulpe 1.5L","p":5.75,"u":"3,83 €/L","img":"https://fd15-photos.leclercdrive.fr/image.ashx?id=2889811&use=l&cat=p&typeid=i","cat":285435},{"id":40625,"n":"AOC Fronton vin rosé Terrasses d'Autan - 75cl","p":6.69,"u":"8,92 €/L","img":"https://fd15-photos.leclercdrive.fr/image.ashx?id=2678797&use=l&cat=p&typeid=i","cat":289558},{"id":40626,"n":"AOC Rosé de Loire vin rosé Les Caractères - 75cl","p":6.13,"u":"8,17 €/L","img":"https://fd15-photos.leclercdrive.fr/image.ashx?id=2756149&use=l&cat=p&typeid=i","cat":289558},{"id":40627,"n":"AOC Rosé d'Anjou vin rosé Les Caractères - 75cl","p":7.2,"u":"9,60 €/L","img":"https://fd15-photos.leclercdrive.fr/image.ashx?id=2623983&use=l&cat=p&typeid=i","cat":289558},{"id":40628,"n":"AOC vin rouge Bergerac Bio Terrasses d'Autan - 75cl","p":7.09,"u":"9,45 €/L","img":"https://fd15-photos.leclercdrive.fr/image.ashx?id=2661960&use=l&cat=p&typeid=i","cat":289556},{"id":40631,"n":"Levure Chimique Alsacienne alsa 8 sachets - 88g","p":1.55,"u":"17,61 €/KG","img":"https://fd15-photos.leclercdrive.fr/image.ashx?id=3009335&use=l&cat=p&typeid=i","cat":294686},{"id":40633,"n":"IGP Var rosé Restanques - 75cl","p":6.25,"u":"8,33 €/L","img":"https://fd15-photos.leclercdrive.fr/image.ashx?id=2753070&use=l&cat=p&typeid=i","cat":289558},{"id":40653,"n":"Jus de grenade Gayelord Hauser - 75cl","p":4.49,"u":"5,99 €/L","img":"https://fd15-photos.leclercdrive.fr/image.ashx?id=2923789&use=l&cat=p&typeid=i","cat":284915},{"id":40656,"n":"Gel douche Manava Surgras - 500ml","p":2.95,"u":"5,90 €/L","img":"https://fd15-photos.leclercdrive.fr/image.ashx?id=2799239&use=l&cat=p&typeid=i","cat":284594},{"id":40657,"n":"Gel douche Manava Hypoallergenique - 500ml","p":2.95,"u":"5,90 €/L","img":"https://fd15-photos.leclercdrive.fr/image.ashx?id=2799165&use=l&cat=p&typeid=i","cat":284594},{"id":40666,"n":"Antiseptique Primoplast Spray - 100ml","p":4.04,"u":"40,40 €/L","img":"https://fd15-photos.leclercdrive.fr/image.ashx?id=2856522&use=l&cat=p&typeid=i","cat":284630},{"id":40670,"n":"Shampooing Vitanove Couleur - 750ml","p":3.99,"u":"5,32 €/L","img":"https://fd15-photos.leclercdrive.fr/image.ashx?id=1923577&use=l&cat=p&typeid=i","cat":284606},{"id":40676,"n":"Beurre Tendre Président Demi-sel - 80% MG - 250g","p":4.49,"u":"17,96 €/KG","img":"https://fd15-photos.leclercdrive.fr/image.ashx?id=2731420&use=l&cat=p&typeid=i","cat":284379},{"id":40716,"n":"Coton Mots d'Enfants Bébé 2x80","p":3.78,"u":"0,02 €/P","img":"https://fd15-photos.leclercdrive.fr/image.ashx?id=2691288&use=l&cat=p&typeid=i","cat":284739},{"id":40723,"n":"Fromage à tartiner Les Croisés Echalote et Ciboulette - 150g","p":1.69,"u":"11,27 €/KG","img":"https://fd15-photos.leclercdrive.fr/image.ashx?id=2476158&use=l&cat=p&typeid=i","cat":314029},{"id":40733,"n":"Saumon fumé Labeyrie Ecosse 2 tranches - 75g","p":5.81,"u":"77,47 €/KG","img":"https://fd15-photos.leclercdrive.fr/image.ashx?id=2729908&use=l&cat=p&typeid=i","cat":285188},{"id":40736,"n":"Saumon fumé Labeyrie Norvège 2 tranches - 75g","p":5.99,"u":"79,87 €/KG","img":"https://fd15-photos.leclercdrive.fr/image.ashx?id=2729905&use=l&cat=p&typeid=i","cat":285188},{"id":40776,"n":"Détachant avant lavage K2R  Tâche incrustée mousse  - 400mL","p":6.45,"u":"16,13 €/L","img":"https://fd15-photos.leclercdrive.fr/image.ashx?id=2101177&use=l&cat=p&typeid=i","cat":284651},{"id":40794,"n":"Rôti de poulet Tradilège Supérieur 4tr - 160g","p":2.45,"u":"15,31 €/KG","img":"https://fd15-photos.leclercdrive.fr/image.ashx?id=2837093&use=l&cat=p&typeid=i","cat":316010},{"id":40796,"n":"Rôti de porc Tradilège Supérieur Maxiformat 8tr- 240 g","p":4.66,"u":"19,42 €/KG","img":"https://fd15-photos.leclercdrive.fr/image.ashx?id=2285063&use=l&cat=p&typeid=i","cat":316009},{"id":40804,"n":"Capsule pour terrine Lepar Diamètre 82 - x12","p":7.9,"u":"0,66 €/P","img":"https://fd15-photos.leclercdrive.fr/image.ashx?id=2319505&use=l&cat=p&typeid=i","cat":284710},{"id":40828,"n":"Cornets La Basquaise x18 - 58g","p":3.67,"u":"63,28 €/KG","img":"https://fd15-photos.leclercdrive.fr/image.ashx?id=2983273&use=l&cat=p&typeid=i","cat":284487},{"id":40904,"n":"Pesto rosso Turini 190g","p":1.69,"u":"8,89 €/KG","img":"https://fd15-photos.leclercdrive.fr/image.ashx?id=2546257&use=l&cat=p&typeid=i","cat":287599},{"id":40908,"n":"Sauce pizza Tomapizza Panzani aux tomates et origan - 390g","p":1.95,"u":"5,00 €/KG","img":"https://fd15-photos.leclercdrive.fr/image.ashx?id=2744626&use=l&cat=p&typeid=i","cat":288384},{"id":40944,"n":"Whisky Singleton Duftown 12 ans - 70cl","p":43.19,"u":"61,70 €/L","img":"https://fd15-photos.leclercdrive.fr/image.ashx?id=2149453&use=l&cat=p&typeid=i","cat":284547},{"id":40968,"n":"AOP Bordeaux Supérieur rouge Château Labatut Prestige - 75cl","p":9.9,"u":"13,20 €/L","img":"https://fd15-photos.leclercdrive.fr/image.ashx?id=2860973&use=l&cat=p&typeid=i","cat":289556},{"id":41004,"n":"Bâtonnets Dentastix Pedigree  Fresh Petit chien x7 - 110g","p":4.26,"u":"38,73 €/KG","img":"https://fd15-photos.leclercdrive.fr/image.ashx?id=2850168&use=l&cat=p&typeid=i","cat":294527},{"id":41006,"n":"Biscuits chien Pedigree Markies fourrés - 500g","p":3.63,"u":"7,26 €/KG","img":"https://fd15-photos.leclercdrive.fr/image.ashx?id=2254319&use=l&cat=p&typeid=i","cat":294527},{"id":41009,"n":"Friandises chat Catisfactions Fromage - 60g","p":2.2,"u":"36,67 €/KG","img":"https://fd15-photos.leclercdrive.fr/image.ashx?id=2912608&use=l&cat=p&typeid=i","cat":285285},{"id":41016,"n":"Sachet fraîcheur chat Sheba Poissons en sauce - 4x85g","p":3.85,"u":"11,32 €/KG","img":"https://fd15-photos.leclercdrive.fr/image.ashx?id=2759625&use=l&cat=p&typeid=i","cat":285286},{"id":41018,"n":"Pur jus d'ananas Jafaden Bouteille 1L","p":3.19,"u":"3,19 €/L","img":"https://fd15-photos.leclercdrive.fr/image.ashx?id=2956729&use=l&cat=p&typeid=i","cat":284916},{"id":41019,"n":"Pur jus de raisin Jafaden Bouteille 1L","p":2.75,"u":"2,75 €/L","img":"https://fd15-photos.leclercdrive.fr/image.ashx?id=2860757&use=l&cat=p&typeid=i","cat":284915},{"id":41020,"n":"Pur jus Jafaden Clémentine - 1L","p":3.39,"u":"3,39 €/L","img":"https://fd15-photos.leclercdrive.fr/image.ashx?id=2956732&use=l&cat=p&typeid=i","cat":284915},{"id":41063,"n":"Anchois Fumeries Occitanes A la crème d'ail - 200g","p":6.3,"u":"31,50 €/KG","img":"https://fd15-photos.leclercdrive.fr/image.ashx?id=1912736&use=l&cat=p&typeid=i","cat":285190},{"id":41117,"n":"Vinaigre de nettoyage Clair Citron - 750ml","p":2.07,"u":"2,76 €/L","img":"https://fd15-photos.leclercdrive.fr/image.ashx?id=1947728&use=l&cat=p&typeid=i","cat":325365},{"id":41147,"n":"Bain de bouche Dentamyl Expert Sensitive - 500ml","p":2.53,"u":"5,06 €/L","img":"https://fd15-photos.leclercdrive.fr/image.ashx?id=2594570&use=l&cat=p&typeid=i","cat":284613},{"id":41169,"n":"Sauce Madère Cruz 20cl","p":3.95,"u":"19,75 €/L","img":"https://fd15-photos.leclercdrive.fr/image.ashx?id=2498290&use=l&cat=p&typeid=i","cat":284913},{"id":41185,"n":"Coloration permanente Vitanove  Blond foncé","p":3.99,"img":"https://fd15-photos.leclercdrive.fr/image.ashx?id=2522530&use=l&cat=p&typeid=i","cat":288899},{"id":41187,"n":"Coloration permanente Vitanove  Blond très clair","p":3.99,"img":"https://fd15-photos.leclercdrive.fr/image.ashx?id=1939938&use=l&cat=p&typeid=i","cat":288899},{"id":41188,"n":"Captain Morgan Original Spiced Boisson à base de rhum- 70cl","p":16.38,"u":"23,40 €/L","img":"https://fd15-photos.leclercdrive.fr/image.ashx?id=2518403&use=l&cat=p&typeid=i","cat":284551},{"id":41210,"n":"Tapenade noire Cruscana 150g","p":3.15,"u":"21,00 €/KG","img":"https://fd15-photos.leclercdrive.fr/image.ashx?id=2999997&use=l&cat=p&typeid=i","cat":315999},{"id":41212,"n":"Tomate et olive Cruscana 150g","p":2.95,"u":"19,67 €/KG","img":"https://fd15-photos.leclercdrive.fr/image.ashx?id=2790633&use=l&cat=p&typeid=i","cat":315999},{"id":41223,"n":"Chips natures paysannes Bret's Au sel de Guérande 250g","p":3.82,"u":"15,28 €/KG","img":"https://fd15-photos.leclercdrive.fr/image.ashx?id=2217651&use=l&cat=p&typeid=i","cat":284447},{"id":41236,"n":"Beurre gastronomique Président Demi-sel - 80% MG - 250g","p":3.76,"u":"15,04 €/KG","img":"https://fd15-photos.leclercdrive.fr/image.ashx?id=2962257&use=l&cat=p&typeid=i","cat":284379},{"id":41237,"n":"Beurre La Motte Président Doux - 82%mg - 250g","p":3.95,"u":"15,80 €/KG","img":"https://fd15-photos.leclercdrive.fr/image.ashx?id=2896955&use=l&cat=p&typeid=i","cat":284379},{"id":41238,"n":"Beurre La Motte Président Sel de mer - 80% MG - 250g","p":3.95,"u":"15,80 €/KG","img":"https://fd15-photos.leclercdrive.fr/image.ashx?id=2896958&use=l&cat=p&typeid=i","cat":284379},{"id":41265,"n":"Abricots pelés St Mamet Boîte 4/4 475g","p":5.45,"u":"11,47 €/KG","img":"https://fd15-photos.leclercdrive.fr/image.ashx?id=2593896&use=l&cat=p&typeid=i","cat":284507},{"id":41268,"n":"Croquettes chat  Eco+ Viandes légumes-  2kg","p":4.95,"u":"2,48 €/KG","img":"https://fd15-photos.leclercdrive.fr/image.ashx?id=2303000&use=l&cat=p&typeid=i","cat":284680},{"id":41269,"n":"Croquettes chat Eco+ Poisson, céréales, légumes 2kg","p":4.95,"u":"2,48 €/KG","img":"https://fd15-photos.leclercdrive.fr/image.ashx?id=2046980&use=l&cat=p&typeid=i","cat":284680},{"id":41270,"n":"Croquettes chiens Fido Adulte - Boeuf - 3kg","p":11.45,"u":"3,82 €/KG","img":"https://fd15-photos.leclercdrive.fr/image.ashx?id=2973291&use=l&cat=p&typeid=i","cat":284672},{"id":41271,"n":"Croquettes chiens Eco+ Adulte - Boeuf - 10kg","p":16.34,"u":"1,63 €/KG","img":"https://fd15-photos.leclercdrive.fr/image.ashx?id=2368647&use=l&cat=p&typeid=i","cat":284672},{"id":41275,"n":"Croquettes chat Purina One Sterilisé - Poulet - 1,5kg","p":11.45,"u":"7,63 €/KG","img":"https://fd15-photos.leclercdrive.fr/image.ashx?id=2488046&use=l&cat=p&typeid=i","cat":284680},{"id":41278,"n":"Croquettes chiens Eco+ Adulte - Viande -  4kg","p":6.55,"u":"1,64 €/KG","img":"https://fd15-photos.leclercdrive.fr/image.ashx?id=2046986&use=l&cat=p&typeid=i","cat":284672},{"id":41282,"n":"Croquettes petit chien Ultima  Jack Russell poulet - 1,5kg","p":11.51,"u":"7,67 €/KG","img":"https://fd15-photos.leclercdrive.fr/image.ashx?id=2918089&use=l&cat=p&typeid=i","cat":294526},{"id":41283,"n":"Sachets pour chats Gourmet Multivariétés - 12x85g","p":10.19,"u":"9,99 €/KG","img":"https://fd15-photos.leclercdrive.fr/image.ashx?id=2902343&use=l&cat=p&typeid=i","cat":285286},{"id":41285,"n":"Croquettes chaton Purina One  Junior -Poulet/Céréales - 1,5kg","p":11.45,"u":"7,63 €/KG","img":"https://fd15-photos.leclercdrive.fr/image.ashx?id=2433563&use=l&cat=p&typeid=i","cat":284680},{"id":41286,"n":"Croquettes chat Purina One  Stérilisé Adulte-Saumon/Blé-3kg","p":20.15,"u":"6,72 €/KG","img":"https://fd15-photos.leclercdrive.fr/image.ashx?id=2488049&use=l&cat=p&typeid=i","cat":284680},{"id":41287,"n":"Croquettes chiens Purina One Minis chiens adultes -  1,5kg","p":9.55,"u":"6,37 €/KG","img":"https://fd15-photos.leclercdrive.fr/image.ashx?id=2899674&use=l&cat=p&typeid=i","cat":294526},{"id":41289,"n":"Croquettes chat Purina One Urinary care - Poulet - 450g","p":4.55,"u":"10,11 €/KG","img":"https://fd15-photos.leclercdrive.fr/image.ashx?id=2459940&use=l&cat=p&typeid=i","cat":284680},{"id":41291,"n":"Croquettes chat Purina One Stérilisé Adulte-Boeuf/blé -3kg","p":21.09,"u":"7,03 €/KG","img":"https://fd15-photos.leclercdrive.fr/image.ashx?id=2488043&use=l&cat=p&typeid=i","cat":284680},{"id":41293,"n":"Sachets repas chats Purina One Stérilisés - Saumon Dinde 4x85g","p":3.7,"u":"10,88 €/KG","img":"https://fd15-photos.leclercdrive.fr/image.ashx?id=2902349&use=l&cat=p&typeid=i","cat":285286},{"id":41333,"n":"Lait céréales Blédidej 9 mois Caramel - 4x250ml","p":5.7,"u":"22,80 €/L","img":"https://fd15-photos.leclercdrive.fr/image.ashx?id=2921061&use=l&cat=p&typeid=i","cat":312226},{"id":41337,"n":"Lait céréales Blédidej 9 mois Madeleine - 4x250ml","p":5.7,"u":"5,70 €/L","img":"https://fd15-photos.leclercdrive.fr/image.ashx?id=2921052&use=l&cat=p&typeid=i","cat":312226},{"id":41352,"n":"Gommage visage Inell Douceur - 75ml","p":3.23,"u":"43,07 €/L","img":"https://fd15-photos.leclercdrive.fr/image.ashx?id=2686344&use=l&cat=p&typeid=i","cat":284603},{"id":41377,"n":"Manchons de poulet Côté Croc Croustillant - 250g","p":5.25,"u":"21,00 €/KG","img":"https://fd15-photos.leclercdrive.fr/image.ashx?id=2843042&use=l&cat=p&typeid=i","cat":333685},{"id":41422,"n":"Fromage à Tartiner St Môret  Nature - 300g","p":6.6,"u":"22,00 €/KG","img":"https://fd15-photos.leclercdrive.fr/image.ashx?id=2755465&use=l&cat=p&typeid=i","cat":314029},{"id":41447,"n":"Fromage fruité bloc Les Croisés 220g","p":3.89,"u":"17,68 €/KG","img":"https://fd15-photos.leclercdrive.fr/image.ashx?id=1961168&use=l&cat=p&typeid=i","cat":314034},{"id":41463,"n":"Autocollants Insectivor Anti-mouches - x4","p":5.65,"u":"1,41 €/P","img":"https://fd15-photos.leclercdrive.fr/image.ashx?id=2606828&use=l&cat=p&typeid=i","cat":298368},{"id":41464,"n":"Purée de tomates Turini Brique 500g","p":1.1,"u":"2,20 €/KG","img":"https://fd15-photos.leclercdrive.fr/image.ashx?id=2729287&use=l&cat=p&typeid=i","cat":288384},{"id":41465,"n":"Cotons Inell Maxi confort x80","p":1.92,"img":"https://fd15-photos.leclercdrive.fr/image.ashx?id=1926969&use=l&cat=p&typeid=i","cat":284636},{"id":41466,"n":"Coton carré bébé Mots d'Enfants Aloe vera x50","p":1.86,"u":"0,04 €/P","img":"https://fd15-photos.leclercdrive.fr/image.ashx?id=3014236&use=l&cat=p&typeid=i","cat":284739},{"id":41467,"n":"Sauce Pesto Tradizioni d'Italia Rosso - 180g","p":3.15,"u":"17,50 €/KG","img":"https://fd15-photos.leclercdrive.fr/image.ashx?id=2840034&use=l&cat=p&typeid=i","cat":287599},{"id":41474,"n":"Eau de javel La Croix Eucalyptus - 750ml","p":1.85,"u":"2,47 €/L","img":"https://fd15-photos.leclercdrive.fr/image.ashx?id=798168&use=l&cat=p&typeid=i","cat":284661},{"id":41478,"n":"Mouchoirs blancs 3 plis Univert Boîte mouchoirs en papier -x100","p":2.66,"u":"0,03 €/P","img":"https://fd15-photos.leclercdrive.fr/image.ashx?id=1960038&use=l&cat=p&typeid=i","cat":284638},{"id":41488,"n":"Sachets Insectivor Anti-mites anti-acariens - x24","p":2.95,"u":"0,12 €/P","img":"https://fd15-photos.leclercdrive.fr/image.ashx?id=2852952&use=l&cat=p&typeid=i","cat":298368},{"id":41489,"n":"Veet SpaWax Chauffe Cire avec 6 Galets épilation sans Bande","p":33.8,"u":"225,33 €/KG","img":"https://fd15-photos.leclercdrive.fr/image.ashx?id=2984763&use=l&cat=p&typeid=i","cat":325351},{"id":41491,"n":"Tartines croustillantes Wasa Léger - 270g","p":3.4,"u":"12,59 €/KG","img":"https://fd15-photos.leclercdrive.fr/image.ashx?id=3011851&use=l&cat=p&typeid=i","cat":284479},{"id":41492,"n":"Tartines croustillantes Wasa Fibres - 230g","p":3.44,"u":"14,96 €/KG","img":"https://fd15-photos.leclercdrive.fr/image.ashx?id=3011854&use=l&cat=p&typeid=i","cat":284479},{"id":41493,"n":"Tartines croustillantes Wasa Authentique - 275g","p":3.29,"u":"11,96 €/KG","img":"https://fd15-photos.leclercdrive.fr/image.ashx?id=3011857&use=l&cat=p&typeid=i","cat":284479},{"id":41494,"n":"Bière Red 8.6 Canette - 7.9%vol. - 50cl","p":1.89,"u":"3,78 €/L","img":"https://fd15-photos.leclercdrive.fr/image.ashx?id=2687329&use=l&cat=p&typeid=i","cat":334853},{"id":41517,"n":"Couches bébé Mots d'Enfants T6 Douceur - 16kg+ - x58 changes","p":19.65,"u":"0,01 €/P","img":"https://fd15-photos.leclercdrive.fr/image.ashx?id=2904577&use=l&cat=p&typeid=i","cat":284737},{"id":41524,"n":"Ossau Iraty AOP Istara Fromage de brebis - 180g","p":5.85,"u":"32,50 €/KG","img":"https://fd15-photos.leclercdrive.fr/image.ashx?id=2766193&use=l&cat=p&typeid=i","cat":329184},{"id":41534,"n":"Déodorant Spray Homme Nivea Men Black&White Original - 200ml","p":4.32,"u":"21,60 €/L","img":"https://fd15-photos.leclercdrive.fr/image.ashx?id=3005218&use=l&cat=p&typeid=i","cat":284618},{"id":41551,"n":"Soda Schweppes Saveur Citron - 1,5L","p":4.25,"u":"2,83 €/L","img":"https://fd15-photos.leclercdrive.fr/image.ashx?id=2852417&use=l&cat=p&typeid=i","cat":284532},{"id":41556,"n":"Boisson aux fruits Oasis Orange - 2L","p":3.8,"u":"1,90 €/L","img":"https://fd15-photos.leclercdrive.fr/image.ashx?id=2688653&use=l&cat=p&typeid=i","cat":295018},{"id":41579,"n":"Macédoine déjà égouttée D'aucy  530g","p":3.29,"u":"6,21 €/KG","img":"https://fd15-photos.leclercdrive.fr/image.ashx?id=2835833&use=l&cat=p&typeid=i","cat":312612},{"id":41596,"n":"Chips Lay's Saveur spicy - 130g","p":2.14,"u":"16,46 €/KG","img":"https://fd15-photos.leclercdrive.fr/image.ashx?id=3011131&use=l&cat=p&typeid=i","cat":284447},{"id":41601,"n":"Chips Vico Kettled cooked Sel de mer - 120g","p":3.29,"u":"27,42 €/KG","img":"https://fd15-photos.leclercdrive.fr/image.ashx?id=2801890&use=l&cat=p&typeid=i","cat":284447},{"id":41602,"n":"Fond d'artichauts Eco + 210g","p":2.45,"u":"11,67 €/KG","img":"https://fd15-photos.leclercdrive.fr/image.ashx?id=2822917&use=l&cat=p&typeid=i","cat":312611},{"id":41603,"n":"Coeurs d'artichauts Eco + 240g","p":2.59,"u":"10,79 €/KG","img":"https://fd15-photos.leclercdrive.fr/image.ashx?id=2674020&use=l&cat=p&typeid=i","cat":312611},{"id":41625,"n":"Tomates Tradizioni d'Italia Séchées à huile d'olive - 270g","p":3.93,"u":"14,56 €/KG","img":"https://fd15-photos.leclercdrive.fr/image.ashx?id=2840037&use=l&cat=p&typeid=i","cat":284458},{"id":41646,"n":"AOC Buzet vin rosé Terrasses d'Autan - 75cl","p":6.36,"u":"8,48 €/L","img":"https://fd15-photos.leclercdrive.fr/image.ashx?id=1904498&use=l&cat=p&typeid=i","cat":289558},{"id":41647,"n":"AOP Alsace Gewurztraminer   vin blanc Rebmann - 75 cl","p":9.4,"u":"12,53 €/L","img":"https://fd15-photos.leclercdrive.fr/image.ashx?id=2836322&use=l&cat=p&typeid=i","cat":289557},{"id":41691,"n":"AOP Cabernet d'Anjou BIO vin  rosé Les Caractères - 75cl","p":8.93,"u":"11,91 €/L","img":"https://fd15-photos.leclercdrive.fr/image.ashx?id=2816484&use=l&cat=p&typeid=i","cat":289558},{"id":41700,"n":"Sauce Tomate Cuisinée Heinz Ail & Oignon - 520g","p":1.86,"u":"3,58 €/KG","img":"https://fd15-photos.leclercdrive.fr/image.ashx?id=2950849&use=l&cat=p&typeid=i","cat":288384},{"id":41782,"n":"Whisky Talisker Skye 45,8%vol. Etui - 70cl","p":55.67,"u":"79,53 €/L","img":"https://fd15-photos.leclercdrive.fr/image.ashx?id=2165887&use=l&cat=p&typeid=i","cat":284547},{"id":41797,"n":"Sauce Barbecue Heinz Classic - 480g","p":3.35,"u":"6,98 €/KG","img":"https://fd15-photos.leclercdrive.fr/image.ashx?id=2928351&use=l&cat=p&typeid=i","cat":318431},{"id":41800,"n":"Mayonnaise Fine & Douce Lesieur 475g","p":3.45,"u":"7,26 €/KG","img":"https://fd15-photos.leclercdrive.fr/image.ashx?id=2918541&use=l&cat=p&typeid=i","cat":298295},{"id":41803,"n":"Asperges vertes d'aucy  21,2cl","p":3.05,"u":"30,50 €/KG","img":"https://fd15-photos.leclercdrive.fr/image.ashx?id=2597723&use=l&cat=p&typeid=i","cat":312611},{"id":41804,"n":"Asperges vertes d'aucy  37cl","p":4.35,"u":"23,51 €/KG","img":"https://fd15-photos.leclercdrive.fr/image.ashx?id=2665901&use=l&cat=p&typeid=i","cat":312611},{"id":41806,"n":"Ketchup nature Amora 850g","p":3.79,"u":"4,46 €/KG","img":"https://fd15-photos.leclercdrive.fr/image.ashx?id=2589690&use=l&cat=p&typeid=i","cat":284455},{"id":41815,"n":"Flûtes apéritif Kambly Sésame - 125g","p":2.84,"u":"22,72 €/KG","img":"https://fd15-photos.leclercdrive.fr/image.ashx?id=1918334&use=l&cat=p&typeid=i","cat":297000},{"id":41819,"n":"Sauce Andalouse Heinz - 220g","p":2.89,"u":"13,14 €/KG","img":"https://fd15-photos.leclercdrive.fr/image.ashx?id=2973327&use=l&cat=p&typeid=i","cat":318431},{"id":41823,"n":"Sauce barbecue/miel Amora 282g","p":2.47,"u":"8,76 €/KG","img":"https://fd15-photos.leclercdrive.fr/image.ashx?id=2654188&use=l&cat=p&typeid=i","cat":318431},{"id":41826,"n":"AOC Costières de Nîmes vin rosé Rives & Terrasses - 75cl","p":5.5,"u":"7,33 €/L","img":"https://fd15-photos.leclercdrive.fr/image.ashx?id=2623968&use=l&cat=p&typeid=i","cat":289558},{"id":41828,"n":"AOC Bergerac vin rosé  Terrasses d'Autan - 75cl","p":4.84,"u":"6,45 €/L","img":"https://fd15-photos.leclercdrive.fr/image.ashx?id=2865068&use=l&cat=p&typeid=i","cat":289558},{"id":41829,"n":"AOP Bordeaux vin rosé  Chantet Blanet - 75cl","p":6.39,"u":"8,52 €/L","img":"https://fd15-photos.leclercdrive.fr/image.ashx?id=2149016&use=l&cat=p&typeid=i","cat":289558},{"id":41832,"n":"Saucisse Strasbourg Stoeffler Cuites et fumées 6x40g","p":2.69,"u":"11,21 €/KG","img":"https://fd15-photos.leclercdrive.fr/image.ashx?id=2767534&use=l&cat=p&typeid=i","cat":316012},{"id":41833,"n":"AOC Bourgogne Chardonnay vin  blanc Antoine Barrier - 37,5cl","p":5.49,"u":"14,64 €/L","img":"https://fd15-photos.leclercdrive.fr/image.ashx?id=2677095&use=l&cat=p&typeid=i","cat":289557},{"id":41834,"n":"AOC Bandol vin rosé Terres Ocrées - 75cl","p":13.36,"u":"17,81 €/L","img":"https://fd15-photos.leclercdrive.fr/image.ashx?id=2900151&use=l&cat=p&typeid=i","cat":289558},{"id":41835,"n":"AOC Bourgueil vin rouge Les Caractères - 75cl","p":8.26,"u":"11,01 €/L","img":"https://fd15-photos.leclercdrive.fr/image.ashx?id=2776564&use=l&cat=p&typeid=i","cat":289556},{"id":41836,"n":"AOP Bergerac vin rouge Terrasses d'Autan - 75cl","p":4.85,"u":"6,47 €/L","img":"https://fd15-photos.leclercdrive.fr/image.ashx?id=2709695&use=l&cat=p&typeid=i","cat":289556},{"id":41837,"n":"AOC Alsace Riesling Prestique vin blanc Rebmann - 75 cl","p":11.33,"u":"15,11 €/L","img":"https://fd15-photos.leclercdrive.fr/image.ashx?id=2639903&use=l&cat=p&typeid=i","cat":289557},{"id":41839,"n":"AOC Côtes du Rhône vin rouge Grégoire XI - 37,5 cl","p":5.34,"u":"14,24 €/L","img":"https://fd15-photos.leclercdrive.fr/image.ashx?id=2714986&use=l&cat=p&typeid=i","cat":289556},{"id":41841,"n":"AOP Bordeaux vin rouge Chantet Blanet - 75cl","p":5.48,"u":"7,31 €/L","img":"https://fd15-photos.leclercdrive.fr/image.ashx?id=2741285&use=l&cat=p&typeid=i","cat":289556},{"id":41842,"n":"AOC Buzet vin rouge Terrasses d'Autan - 37,5cl","p":4.75,"u":"12,67 €/L","img":"https://fd15-photos.leclercdrive.fr/image.ashx?id=2242826&use=l&cat=p&typeid=i","cat":289556},{"id":41847,"n":"AOC Cairanne vin rouge Rives & Terrasses - 75cl","p":11.19,"u":"14,92 €/L","img":"https://fd15-photos.leclercdrive.fr/image.ashx?id=2983808&use=l&cat=p&typeid=i","cat":289556},{"id":41852,"n":"Sauce pomme frite Amora 260g","p":2.45,"u":"9,42 €/KG","img":"https://fd15-photos.leclercdrive.fr/image.ashx?id=2957776&use=l&cat=p&typeid=i","cat":318431},{"id":41857,"n":"Bière Alveringem Abbaye Rouge 5%vol. - 6x25cl","p":6.49,"u":"4,33 €/L","img":"https://fd15-photos.leclercdrive.fr/image.ashx?id=2637919&use=l&cat=p&typeid=i","cat":334878},{"id":41858,"n":"Yaourt SMARTIES Fraise bonbons chocolat 4x120g","p":3.9,"u":"8,13 €/KG","img":"https://fd15-photos.leclercdrive.fr/image.ashx?id=2890046&use=l&cat=p&typeid=i","cat":284414},{"id":41860,"n":"AOC Côtes de Provence vin rosé Prestige Terres Ocrées - 75cl","p":12.65,"u":"16,87 €/L","img":"https://fd15-photos.leclercdrive.fr/image.ashx?id=2709674&use=l&cat=p&typeid=i","cat":289558},{"id":41861,"n":"AOC Luberon Rosé Rives & Terrasses - 75cl","p":5.08,"u":"6,77 €/L","img":"https://fd15-photos.leclercdrive.fr/image.ashx?id=2709680&use=l&cat=p&typeid=i","cat":289558},{"id":41865,"n":"AOC Coteaux Varois en Provence vin rosé Terres Ocrées - 75cl","p":7.6,"u":"10,13 €/L","img":"https://fd15-photos.leclercdrive.fr/image.ashx?id=2750141&use=l&cat=p&typeid=i","cat":289558},{"id":41867,"n":"AOC Côtes de Provence vin rosé Terres Ocrées - 37,5cl","p":4.35,"u":"11,60 €/L","img":"https://fd15-photos.leclercdrive.fr/image.ashx?id=2683550&use=l&cat=p&typeid=i","cat":289558},{"id":41869,"n":"AOC Gros Plant du Pays nantais vin blanc Les Caractères - 75cl","p":5.85,"u":"7,80 €/L","img":"https://fd15-photos.leclercdrive.fr/image.ashx?id=2705086&use=l&cat=p&typeid=i","cat":289557},{"id":41870,"n":"Pur jus d'orange Jafaden Sans pulpe - 50cl","p":2.95,"u":"5,90 €/L","img":"https://fd15-photos.leclercdrive.fr/image.ashx?id=2917652&use=l&cat=p&typeid=i","cat":284521},{"id":41871,"n":"AOC Côtes du Roussillon vin  rouge Prieur Barsanne - 75cl","p":4.95,"u":"6,60 €/L","img":"https://fd15-photos.leclercdrive.fr/image.ashx?id=2623989&use=l&cat=p&typeid=i","cat":289556},{"id":41874,"n":"AOC Muscadet Sèvre et Maine sur Lie Les Caractères - 37,5cl","p":5.27,"u":"14,05 €/L","img":"https://fd15-photos.leclercdrive.fr/image.ashx?id=2750144&use=l&cat=p&typeid=i","cat":289557},{"id":41876,"n":"AOP Tavel vin rosé Rives & Terrasses - 75cl","p":11.06,"u":"14,75 €/L","img":"https://fd15-photos.leclercdrive.fr/image.ashx?id=2639900&use=l&cat=p&typeid=i","cat":289558},{"id":41878,"n":"Bière aromatisée Desquiles Red 5,9%vol. - 50cl","p":2.35,"u":"4,70 €/L","img":"https://fd15-photos.leclercdrive.fr/image.ashx?id=2637922&use=l&cat=p&typeid=i","cat":334853},{"id":41880,"n":"AOC Graves vin rouge Chantet Blanet - 75cl","p":9.74,"u":"12,99 €/L","img":"https://fd15-photos.leclercdrive.fr/image.ashx?id=2721361&use=l&cat=p&typeid=i","cat":289556},{"id":41881,"n":"AOC Gaillac vin rouge Terrasses d'Autan - 75cl","p":5.75,"u":"7,67 €/L","img":"https://fd15-photos.leclercdrive.fr/image.ashx?id=2751901&use=l&cat=p&typeid=i","cat":289556},{"id":41882,"n":"AOC Fronton vin rouge Terrasses d'Autan - 75cl","p":6.74,"u":"8,99 €/L","img":"https://fd15-photos.leclercdrive.fr/image.ashx?id=2418338&use=l&cat=p&typeid=i","cat":289556},{"id":41883,"n":"Steaks Hachés Charolais Charal Pur Bœuf 12%MG - 10x100g - 1kg","p":16.99,"u":"16,99 €/KG","img":"https://fd15-photos.leclercdrive.fr/image.ashx?id=2741943&use=l&cat=p&typeid=i","cat":319778},{"id":41884,"n":"AOP Coteaux Bourguignons vin  rouge Antoine Barrier - 75cl","p":7.9,"u":"10,53 €/L","img":"https://fd15-photos.leclercdrive.fr/image.ashx?id=2529501&use=l&cat=p&typeid=i","cat":289556},{"id":41892,"n":"Pur jus multifruits Jafaden 50cl","p":1.69,"u":"3,38 €/L","img":"https://fd15-photos.leclercdrive.fr/image.ashx?id=2919631&use=l&cat=p&typeid=i","cat":284917},{"id":41903,"n":"Jus de pomme Jafaden A base de concentré - 2L","p":3.69,"u":"1,85 €/L","img":"https://fd15-photos.leclercdrive.fr/image.ashx?id=2470240&use=l&cat=p&typeid=i","cat":284522},{"id":41910,"n":"Sirop de pêche de Provence NRT 70cl","p":4.55,"u":"6,50 €/L","img":"https://fd15-photos.leclercdrive.fr/image.ashx?id=2699825&use=l&cat=p&typeid=i","cat":295020},{"id":41912,"n":"Sirop fraise de Plougastel NRT 70cl","p":5.59,"u":"7,99 €/L","img":"https://fd15-photos.leclercdrive.fr/image.ashx?id=2590481&use=l&cat=p&typeid=i","cat":295020},{"id":41915,"n":"AOP Morgon vin rouge Antoine Barrier - 75cl","p":12.9,"u":"17,20 €/L","img":"https://fd15-photos.leclercdrive.fr/image.ashx?id=2751907&use=l&cat=p&typeid=i","cat":289556},{"id":41917,"n":"AOC Ventoux vin rouge Rives & Terrasses - 75cl","p":5.22,"u":"6,96 €/L","img":"https://fd15-photos.leclercdrive.fr/image.ashx?id=2712300&use=l&cat=p&typeid=i","cat":289556},{"id":41920,"n":"Patch pureté Inell x6","p":2.5,"u":"0,42 €/P","img":"https://fd15-photos.leclercdrive.fr/image.ashx?id=2657727&use=l&cat=p&typeid=i","cat":284603},{"id":41921,"n":"Vin d'Union Européenne blanc Adrien Champaud - 75 cl","p":3.59,"u":"4,79 €/L","img":"https://fd15-photos.leclercdrive.fr/image.ashx?id=2584839&use=l&cat=p&typeid=i","cat":289557},{"id":42057,"n":"Asperges blanches d'aucy  21,2cl","p":2.78,"u":"25,27 €/KG","img":"https://fd15-photos.leclercdrive.fr/image.ashx?id=2597720&use=l&cat=p&typeid=i","cat":312611},{"id":42058,"n":"Asperges blanches d'aucy 37cl","p":5.15,"u":"25,12 €/KG","img":"https://fd15-photos.leclercdrive.fr/image.ashx?id=2665895&use=l&cat=p&typeid=i","cat":312611},{"id":42064,"n":"Madeleines Saint Michel Oeufs de poule plein air - 300g","p":6.0,"u":"20,00 €/KG","img":"https://fd15-photos.leclercdrive.fr/image.ashx?id=2936203&use=l&cat=p&typeid=i","cat":284492},{"id":42067,"n":"Biscuits p'tit déjeuner BN Chocolat - 200g","p":3.08,"u":"15,40 €/KG","img":"https://fd15-photos.leclercdrive.fr/image.ashx?id=2603468&use=l&cat=p&typeid=i","cat":284491},{"id":42096,"n":"Thon vapeur Petit Navire Nature - 2x130g","p":5.5,"u":"21,15 €/KG","img":"https://fd15-photos.leclercdrive.fr/image.ashx?id=2592225&use=l&cat=p&typeid=i","cat":303867},{"id":42117,"n":"Céréales muesli Bjorg Bio Sans sucre ajoutés - 375g","p":4.85,"u":"12,93 €/KG","img":"https://fd15-photos.leclercdrive.fr/image.ashx?id=2906163&use=l&cat=p&typeid=i","cat":309512},{"id":42123,"n":"Jus de pruneaux Gayelord Hauser - 75cl","p":4.89,"u":"6,52 €/L","img":"https://fd15-photos.leclercdrive.fr/image.ashx?id=2962482&use=l&cat=p&typeid=i","cat":284915},{"id":42131,"n":"Huile vierge de colza Cauvin 75cl","p":6.86,"u":"9,15 €/L","img":"https://fd15-photos.leclercdrive.fr/image.ashx?id=2498347&use=l&cat=p&typeid=i","cat":284453},{"id":42140,"n":"Sirop La Maison Guiot Grenadine - 70cl","p":4.99,"u":"7,13 €/L","img":"https://fd15-photos.leclercdrive.fr/image.ashx?id=2857195&use=l&cat=p&typeid=i","cat":295020},{"id":42218,"n":"Bloc WC Bref Power  Activ'Océan toilettes - 50g x1","p":3.25,"u":"65,00 €/KG","img":"https://fd15-photos.leclercdrive.fr/image.ashx?id=2789802&use=l&cat=p&typeid=i","cat":284662},{"id":42236,"n":"Gambas rouge Gimbert Ocean Sauvage royale 6/8 - 400g","p":17.35,"u":"43,38 €/KG","img":"https://fd15-photos.leclercdrive.fr/image.ashx?id=2889652&use=l&cat=p&typeid=i","cat":319787},{"id":42251,"n":"Biscuit apéritif Too Good PDT/tomates/herbes - 85g","p":3.49,"u":"41,06 €/KG","img":"https://fd15-photos.leclercdrive.fr/image.ashx?id=2995130&use=l&cat=p&typeid=i","cat":297000},{"id":42290,"n":"Huile de colza Eco + 1L","p":2.72,"u":"2,72 €/L","img":"https://fd15-photos.leclercdrive.fr/image.ashx?id=3002503&use=l&cat=p&typeid=i","cat":284453},{"id":42292,"n":"Vinaigrette allégée Eco + Nature - 1L","p":1.69,"u":"1,69 €/L","img":"https://fd15-photos.leclercdrive.fr/image.ashx?id=2900516&use=l&cat=p&typeid=i","cat":284456},{"id":42295,"n":"Vinaigrette bi-phase Rustica Vin rouge/échalote - 50cl","p":2.77,"u":"5,54 €/L","img":"https://fd15-photos.leclercdrive.fr/image.ashx?id=2142190&use=l&cat=p&typeid=i","cat":284456},{"id":42297,"n":"Sauce caesar Rustica 50cl","p":3.25,"u":"6,50 €/L","img":"https://fd15-photos.leclercdrive.fr/image.ashx?id=1972928&use=l&cat=p&typeid=i","cat":284456},{"id":42298,"n":"Boisson végétale Bio Village Avoine bio - 1l","p":2.09,"u":"2,09 €/L","img":"https://fd15-photos.leclercdrive.fr/image.ashx?id=2739538&use=l&cat=p&typeid=i","cat":316067},{"id":42331,"n":"Saucisses Knacki Herta Poulet x10 - 350g","p":2.99,"u":"8,54 €/KG","img":"https://fd15-photos.leclercdrive.fr/image.ashx?id=2290431&use=l&cat=p&typeid=i","cat":316012},{"id":42347,"n":"Pansements enfants Primoplast x20","p":1.09,"u":"0,05 €/P","img":"https://fd15-photos.leclercdrive.fr/image.ashx?id=2856507&use=l&cat=p&typeid=i","cat":284630},{"id":42426,"n":"Lingettes Vanish  Anti-décoloration - x30","p":7.35,"img":"https://fd15-photos.leclercdrive.fr/image.ashx?id=2224145&use=l&cat=p&typeid=i","cat":290450},{"id":42428,"n":"Pains au chocolat Pasquier x8 - 360g","p":3.92,"u":"10,89 €/KG","img":"https://fd15-photos.leclercdrive.fr/image.ashx?id=2863446&use=l&cat=p&typeid=i","cat":296366},{"id":42437,"n":"Cornichons doux Orant Aux 3 herbes - 380g","p":5.31,"u":"13,97 €/KG","img":"https://fd15-photos.leclercdrive.fr/image.ashx?id=2873357&use=l&cat=p&typeid=i","cat":284458},{"id":42442,"n":"Moutarde forte Eco + 370g","p":1.19,"u":"3,22 €/KG","img":"https://fd15-photos.leclercdrive.fr/image.ashx?id=2954319&use=l&cat=p&typeid=i","cat":288850},{"id":42443,"n":"Cornichons Pasteur Eco + Au vinaigre - 360g","p":1.85,"u":"5,14 €/KG","img":"https://fd15-photos.leclercdrive.fr/image.ashx?id=2974714&use=l&cat=p&typeid=i","cat":284458},{"id":42448,"n":"Capsules Nescafé Dolce Gusto  Ricoré Latte - x16","p":7.35,"u":"43,75 €/KG","img":"https://fd15-photos.leclercdrive.fr/image.ashx?id=2818085&use=l&cat=p&typeid=i","cat":293239},{"id":42452,"n":"Moutarde douce Amora Flacon souple - 260g","p":3.25,"u":"12,50 €/KG","img":"https://fd15-photos.leclercdrive.fr/image.ashx?id=3005401&use=l&cat=p&typeid=i","cat":288850},{"id":42459,"n":"Olives noires à la Grecque Eco+ 400g","p":3.09,"u":"7,73 €/KG","img":"https://fd15-photos.leclercdrive.fr/image.ashx?id=2499064&use=l&cat=p&typeid=i","cat":284458},{"id":42460,"n":"Olives vertes entières Eco + 400g","p":1.49,"u":"3,73 €/KG","img":"https://fd15-photos.leclercdrive.fr/image.ashx?id=2609261&use=l&cat=p&typeid=i","cat":284458},{"id":42461,"n":"Olives vertes Eco + Dénoyautées - 320g","p":2.29,"u":"7,16 €/KG","img":"https://fd15-photos.leclercdrive.fr/image.ashx?id=2609264&use=l&cat=p&typeid=i","cat":284458},{"id":42505,"n":"Crème dessert Mont Blanc Boîte Caramel - 570g","p":4.6,"u":"8,07 €/KG","img":"https://fd15-photos.leclercdrive.fr/image.ashx?id=3011599&use=l&cat=p&typeid=i","cat":284506},{"id":42506,"n":"Crème dessert Mont Blanc Riz au lait Vanille - 570g","p":4.56,"u":"8,00 €/KG","img":"https://fd15-photos.leclercdrive.fr/image.ashx?id=2838392&use=l&cat=p&typeid=i","cat":284506},{"id":42507,"n":"Crème dessert Mont Blanc Choco Vanille Praliné - 6x125g","p":8.59,"u":"11,45 €/KG","img":"https://fd15-photos.leclercdrive.fr/image.ashx?id=3011605&use=l&cat=p&typeid=i","cat":284506},{"id":42508,"n":"Cookies Nestlé Dessert Pépites de chocolat - 351g","p":6.2,"u":"17,66 €/KG","img":"https://fd15-photos.leclercdrive.fr/image.ashx?id=2848382&use=l&cat=p&typeid=i","cat":284505},{"id":42516,"n":"Préparation Francine Pâte à pizza - 520g","p":3.49,"u":"6,71 €/KG","img":"https://fd15-photos.leclercdrive.fr/image.ashx?id=2989123&use=l&cat=p&typeid=i","cat":284503},{"id":42518,"n":"Complément alimentaire Juvamine Cranberry  60 gélules végétales","p":6.55,"u":"0,11 €/P","img":"https://fd15-photos.leclercdrive.fr/image.ashx?id=2578076&use=l&cat=p&typeid=i","cat":313217},{"id":42560,"n":"Jus innocent ananas passion 900ml","p":4.24,"u":"4,71 €/L","img":"https://fd15-photos.leclercdrive.fr/image.ashx?id=2861740&use=l&cat=p&typeid=i","cat":285435},{"id":42563,"n":"Boisson végétale lait d'amande bio bjorg sans sucre - 1l","p":3.9,"u":"3,90 €/L","img":"https://fd15-photos.leclercdrive.fr/image.ashx?id=2939415&use=l&cat=p&typeid=i","cat":316067},{"id":42565,"n":"Vinaigre blanc d'alcool Eco +  - 1,5L","p":0.98,"u":"0,65 €/L","img":"https://fd15-photos.leclercdrive.fr/image.ashx?id=2722375&use=l&cat=p&typeid=i","cat":298543},{"id":42567,"n":"Pâte à tartiner Bio Jardin Bio - 750g","p":11.5,"u":"15,33 €/KG","img":"https://fd15-photos.leclercdrive.fr/image.ashx?id=2918925&use=l&cat=p&typeid=i","cat":284481},{"id":42574,"n":"Café moulu Bio Ethiquable  100% arabica Honduras - 250g","p":7.99,"u":"31,96 €/KG","img":"https://fd15-photos.leclercdrive.fr/image.ashx?id=2876815&use=l&cat=p&typeid=i","cat":284750},{"id":42624,"n":"Pâtes coudes rayés Panzani 1kg","p":2.89,"u":"2,89 €/KG","img":"https://fd15-photos.leclercdrive.fr/image.ashx?id=2876029&use=l&cat=p&typeid=i","cat":284427},{"id":42628,"n":"Chips Bret's Fromage du Jura - 125g","p":2.45,"u":"19,60 €/KG","img":"https://fd15-photos.leclercdrive.fr/image.ashx?id=1916976&use=l&cat=p&typeid=i","cat":284447},{"id":42629,"n":"Chips Bret's A l'aïoli - 125g","p":2.52,"u":"20,16 €/KG","img":"https://fd15-photos.leclercdrive.fr/image.ashx?id=2508165&use=l&cat=p&typeid=i","cat":284447},{"id":42633,"n":"Croquants au pistou Nos Régions ont du Talent 75g","p":5.29,"u":"70,53 €/KG","img":"https://fd15-photos.leclercdrive.fr/image.ashx?id=2458058&use=l&cat=p&typeid=i","cat":297000},{"id":42639,"n":"Papillotes pour poulet Maggi Paprika et tomates - 28g","p":1.19,"u":"42,50 €/KG","img":"https://fd15-photos.leclercdrive.fr/image.ashx?id=2971763&use=l&cat=p&typeid=i","cat":288380},{"id":42649,"n":"Crème douche Manava Surgras - 250ml","p":1.65,"u":"6,60 €/L","img":"https://fd15-photos.leclercdrive.fr/image.ashx?id=2456147&use=l&cat=p&typeid=i","cat":284594},{"id":42650,"n":"Après-shampooing Vitanove Eclat - 200ml","p":1.95,"u":"9,75 €/L","img":"https://fd15-photos.leclercdrive.fr/image.ashx?id=2618341&use=l&cat=p&typeid=i","cat":284607},{"id":42655,"n":"Huile merveilleuse Garnier Huile d'argan & camélia - 150ml","p":13.5,"u":"90,00 €/L","img":"https://fd15-photos.leclercdrive.fr/image.ashx?id=2661730&use=l&cat=p&typeid=i","cat":284608},{"id":42665,"n":"Gel shampooing douche Fa Men Extreme cool flacon - 250ml","p":2.49,"u":"9,96 €/L","img":"https://fd15-photos.leclercdrive.fr/image.ashx?id=2995094&use=l&cat=p&typeid=i","cat":284621},{"id":42667,"n":"Soin de jour L'Oréal Paris Revitalift Anti-Âge - 50ml","p":25.35,"u":"507,00 €/L","img":"https://fd15-photos.leclercdrive.fr/image.ashx?id=2921876&use=l&cat=p&typeid=i","cat":325345},{"id":42680,"n":"Gorgonzola AOP Tradizioni d'Italia - 200g","p":5.01,"u":"25,05 €/KG","img":"https://fd15-photos.leclercdrive.fr/image.ashx?id=794147&use=l&cat=p&typeid=i","cat":314032},{"id":42682,"n":"Parmigiano Tradizioni d'Italia Reggiano AOP 30 mois - 200g","p":9.79,"u":"48,95 €/KG","img":"https://fd15-photos.leclercdrive.fr/image.ashx?id=2661963&use=l&cat=p&typeid=i","cat":314034},{"id":42703,"n":"P'tit Basque Istara Fromage de brebis - 220g","p":7.58,"u":"34,45 €/KG","img":"https://fd15-photos.leclercdrive.fr/image.ashx?id=2759876&use=l&cat=p&typeid=i","cat":329184},{"id":42740,"n":"Galette saint Jacques Tipiak Au beurre persillé - 2x125g","p":7.99,"u":"31,96 €/KG","img":"https://fd15-photos.leclercdrive.fr/image.ashx?id=2819337&use=l&cat=p&typeid=i","cat":319776},{"id":42757,"n":"Emmental rapé Eco + 30% MG - 500g","p":4.94,"u":"9,88 €/KG","img":"https://fd15-photos.leclercdrive.fr/image.ashx?id=2942172&use=l&cat=p&typeid=i","cat":314035},{"id":42759,"n":"Copeaux Parmigiano Reggiano AOP Les Croisés - 80g","p":2.68,"u":"33,50 €/KG","img":"https://fd15-photos.leclercdrive.fr/image.ashx?id=2935504&use=l&cat=p&typeid=i","cat":314035},{"id":42761,"n":"Tranchette de gouda Les Croisés Au cumin - 16,8% MG - 200g","p":3.5,"u":"17,50 €/KG","img":"https://fd15-photos.leclercdrive.fr/image.ashx?id=2051383&use=l&cat=p&typeid=i","cat":314028},{"id":42788,"n":"Tranchettes de chèvre 32.4% MG Les Croisés - 200g","p":4.1,"u":"20,50 €/KG","img":"https://fd15-photos.leclercdrive.fr/image.ashx?id=2796061&use=l&cat=p&typeid=i","cat":314028},{"id":42789,"n":"Cheddar Les Croisés 32% MG Tranchettes - 200g","p":3.5,"u":"17,50 €/KG","img":"https://fd15-photos.leclercdrive.fr/image.ashx?id=2796064&use=l&cat=p&typeid=i","cat":314028},{"id":42798,"n":"Miel de fleurs d'Oranger Nid d'Abeille - 250g","p":5.69,"u":"22,76 €/KG","img":"https://fd15-photos.leclercdrive.fr/image.ashx?id=2434242&use=l&cat=p&typeid=i","cat":287643},{"id":42799,"n":"Miel liquide Bio Squeezer Bio village - 250g","p":3.79,"u":"15,16 €/KG","img":"https://fd15-photos.leclercdrive.fr/image.ashx?id=2348268&use=l&cat=p&typeid=i","cat":287643},{"id":42809,"n":"Berlingots de javel Clair Eucalyptus - 3x250ml","p":1.94,"u":"2,59 €/L","img":"https://fd15-photos.leclercdrive.fr/image.ashx?id=2949194&use=l&cat=p&typeid=i","cat":284661},{"id":42826,"n":"Nettoyant vitre cristal Clair 750 ml","p":2.35,"u":"3,13 €/L","img":"https://fd15-photos.leclercdrive.fr/image.ashx?id=1647715&use=l&cat=p&typeid=i","cat":325363},{"id":42846,"n":"Cacahuètes Menguy's Grillées et salées - 800g","p":6.97,"u":"8,71 €/KG","img":"https://fd15-photos.leclercdrive.fr/image.ashx?id=2979800&use=l&cat=p&typeid=i","cat":284448},{"id":42872,"n":"Jus innocent pomme framboise 900ml","p":4.9,"u":"5,44 €/L","img":"https://fd15-photos.leclercdrive.fr/image.ashx?id=2862877&use=l&cat=p&typeid=i","cat":285435},{"id":42873,"n":"Jus innocent orange carotte 900ml","p":4.55,"u":"5,06 €/L","img":"https://fd15-photos.leclercdrive.fr/image.ashx?id=2892217&use=l&cat=p&typeid=i","cat":285435},{"id":42874,"n":"Jus innocent poire pêche 900ml","p":4.6,"u":"5,11 €/L","img":"https://fd15-photos.leclercdrive.fr/image.ashx?id=2893000&use=l&cat=p&typeid=i","cat":285435},{"id":42876,"n":"Jus innocent pomme mangue 900ml","p":4.6,"u":"5,11 €/L","img":"https://fd15-photos.leclercdrive.fr/image.ashx?id=2892220&use=l&cat=p&typeid=i","cat":285435},{"id":42893,"n":"Protège-document Esquisse Rouge - A4 - 60 vues","p":2.84,"img":"https://fd15-photos.leclercdrive.fr/image.ashx?id=940831&use=l&cat=p&typeid=i","cat":284745},{"id":42938,"n":"Soupe instantanée Royco  Bouillon de Volailles 3x200ml","p":2.88,"u":"90,00 €/KG","img":"https://fd15-photos.leclercdrive.fr/image.ashx?id=2651423&use=l&cat=p&typeid=i","cat":293527},{"id":42965,"n":"Pepites de chocolat au lait Tablier Blanc - 100g","p":1.95,"u":"19,50 €/KG","img":"https://fd15-photos.leclercdrive.fr/image.ashx?id=2723141&use=l&cat=p&typeid=i","cat":284504},{"id":42966,"n":"Haricots verts Notre Jardin Extra fins - 455g","p":3.09,"u":"6,79 €/KG","img":"https://fd15-photos.leclercdrive.fr/image.ashx?id=2988084&use=l&cat=p&typeid=i","cat":312606},{"id":42967,"n":"Haricots verts Notre Jardin Extra fins vapeur - 225g","p":2.59,"u":"11,51 €/KG","img":"https://fd15-photos.leclercdrive.fr/image.ashx?id=2988087&use=l&cat=p&typeid=i","cat":312606},{"id":42968,"n":"Petits pois doux Notre Jardin Vapeur - 530g","p":3.49,"u":"6,58 €/KG","img":"https://fd15-photos.leclercdrive.fr/image.ashx?id=3002608&use=l&cat=p&typeid=i","cat":312607},{"id":42969,"n":"Petits pois doux Notre Jardin Vapeur - 265g","p":1.99,"u":"7,51 €/KG","img":"https://fd15-photos.leclercdrive.fr/image.ashx?id=3002611&use=l&cat=p&typeid=i","cat":312607},{"id":42974,"n":"Haricots rouges Notre Jardin A la mexicaine - 800g","p":2.99,"u":"3,74 €/KG","img":"https://fd15-photos.leclercdrive.fr/image.ashx?id=3002614&use=l&cat=p&typeid=i","cat":312612},{"id":42977,"n":"Mini crackers Bio Village Bio Fromage/courges - 110g","p":4.25,"u":"38,64 €/KG","img":"https://fd15-photos.leclercdrive.fr/image.ashx?id=1944150&use=l&cat=p&typeid=i","cat":297000},{"id":42980,"n":"Goûter fourré Bio Village Bio Chocolat noir - 185g","p":2.85,"u":"15,41 €/KG","img":"https://fd15-photos.leclercdrive.fr/image.ashx?id=2704502&use=l&cat=p&typeid=i","cat":284488},{"id":42981,"n":"Goûter fourré Bio Village Bio - Chocolat au lait - 185g","p":3.49,"u":"18,86 €/KG","img":"https://fd15-photos.leclercdrive.fr/image.ashx?id=2704505&use=l&cat=p&typeid=i","cat":284488},{"id":42992,"n":"Tortillas chips Tokapi Fromage - 150g","p":1.79,"u":"11,93 €/KG","img":"https://fd15-photos.leclercdrive.fr/image.ashx?id=2647961&use=l&cat=p&typeid=i","cat":287899},{"id":43000,"n":"Pulpe de tomate Bio Village Bio - 500g","p":1.47,"u":"2,94 €/KG","img":"https://fd15-photos.leclercdrive.fr/image.ashx?id=2442136&use=l&cat=p&typeid=i","cat":288384},{"id":43006,"n":"Colorants alimentaires  Tablier Blanc - 3x6ml","p":1.89,"u":"105,00 €/L","img":"https://fd15-photos.leclercdrive.fr/image.ashx?id=2487470&use=l&cat=p&typeid=i","cat":284504},{"id":43009,"n":"Biscuits fourrés P'tit Deli Noisette - 225g","p":1.98,"u":"8,80 €/KG","img":"https://fd15-photos.leclercdrive.fr/image.ashx?id=2861419&use=l&cat=p&typeid=i","cat":284488},{"id":43010,"n":"Biscuit roulé P'tit Deli Cacao/vanille - 154g","p":1.12,"u":"7,27 €/KG","img":"https://fd15-photos.leclercdrive.fr/image.ashx?id=2124110&use=l&cat=p&typeid=i","cat":284488},{"id":43016,"n":"Asperges blanches moyennes Notre Jardin - 205g","p":2.58,"u":"12,59 €/KG","img":"https://fd15-photos.leclercdrive.fr/image.ashx?id=2049058&use=l&cat=p&typeid=i","cat":312611},{"id":43017,"n":"Betterave en Dés Notre Jardin 265g","p":1.5,"u":"5,66 €/KG","img":"https://fd15-photos.leclercdrive.fr/image.ashx?id=1993203&use=l&cat=p&typeid=i","cat":312611},{"id":43019,"n":"Biscuits animaux P'tit Déli Nappés chocolat lait - 225g","p":2.25,"u":"10,00 €/KG","img":"https://fd15-photos.leclercdrive.fr/image.ashx?id=2529602&use=l&cat=p&typeid=i","cat":284488},{"id":43152,"n":"Culottes Drynites Huggies Garçon - 3-5 ans x16","p":16.78,"u":"1,05 €/P","img":"https://fd15-photos.leclercdrive.fr/image.ashx?id=2844712&use=l&cat=p&typeid=i","cat":290633},{"id":43153,"n":"Culottes Huggies Drynites Fille 3-5 ans - x16","p":19.29,"u":"1,21 €/P","img":"https://fd15-photos.leclercdrive.fr/image.ashx?id=2844715&use=l&cat=p&typeid=i","cat":290633},{"id":43192,"n":"Protège-document Esquisse  Transparent - A4 - 80 vues","p":3.15,"img":"https://fd15-photos.leclercdrive.fr/image.ashx?id=1694257&use=l&cat=p&typeid=i","cat":284745},{"id":43197,"n":"Tartine Grilletine de Pasquier Briochées - x18 - 242g","p":2.99,"u":"12,36 €/KG","img":"https://fd15-photos.leclercdrive.fr/image.ashx?id=2333054&use=l&cat=p&typeid=i","cat":284479},{"id":43229,"n":"Crème aux oeufs Delisse Coco lit caramel - 4x100g","p":3.29,"u":"8,23 €/KG","img":"https://fd15-photos.leclercdrive.fr/image.ashx?id=2460491&use=l&cat=p&typeid=i","cat":284419},{"id":43237,"n":"Lotion démaquillante Inell Douceur yeux - 150ml","p":1.64,"u":"10,93 €/L","img":"https://fd15-photos.leclercdrive.fr/image.ashx?id=1993197&use=l&cat=p&typeid=i","cat":284603},{"id":43247,"n":"Tuiles apéritives Tokapi Poulet braisé - 170g","p":2.63,"u":"15,47 €/KG","img":"https://fd15-photos.leclercdrive.fr/image.ashx?id=2815752&use=l&cat=p&typeid=i","cat":287899},{"id":43266,"n":"Formule boost Daco Bello Fruits secs - 200g","p":4.85,"u":"24,25 €/KG","img":"https://fd15-photos.leclercdrive.fr/image.ashx?id=2576955&use=l&cat=p&typeid=i","cat":284357},{"id":43267,"n":"Mélange de fruit sec Daco Bello Formule équilibre  - 200g","p":4.85,"u":"24,25 €/KG","img":"https://fd15-photos.leclercdrive.fr/image.ashx?id=2292904&use=l&cat=p&typeid=i","cat":284357},{"id":43269,"n":"Formule détente Daco Bello Pomme - 200g","p":4.81,"u":"24,05 €/KG","img":"https://fd15-photos.leclercdrive.fr/image.ashx?id=2620284&use=l&cat=p&typeid=i","cat":284357},{"id":43270,"n":"Formule éclat Daco Bello Goji - 200g","p":4.59,"u":"22,95 €/KG","img":"https://fd15-photos.leclercdrive.fr/image.ashx?id=2292901&use=l&cat=p&typeid=i","cat":316002},{"id":43278,"n":"Crème glacée L'Angelys Cognac Raisins - 500g","p":6.99,"u":"13,98 €/KG","img":"https://fd15-photos.leclercdrive.fr/image.ashx?id=2963565&use=l&cat=p&typeid=i","cat":284263},{"id":43286,"n":"Masque tissu Inell apaisant Hydratant x1","p":3.77,"img":"https://fd15-photos.leclercdrive.fr/image.ashx?id=2691667&use=l&cat=p&typeid=i","cat":325346},{"id":43292,"n":"Gel peau nette Inell Imperfection - 200ml","p":5.69,"u":"28,45 €/L","img":"https://fd15-photos.leclercdrive.fr/image.ashx?id=2078353&use=l&cat=p&typeid=i","cat":284603},{"id":43293,"n":"Lotion nettoyante Inell 200ml","p":4.69,"u":"23,45 €/L","img":"https://fd15-photos.leclercdrive.fr/image.ashx?id=2691670&use=l&cat=p&typeid=i","cat":284603},{"id":43304,"n":"Semoule au lait La Laitière Nature - 4x115g","p":3.67,"u":"7,98 €/KG","img":"https://fd15-photos.leclercdrive.fr/image.ashx?id=2686543&use=l&cat=p&typeid=i","cat":284418},{"id":43308,"n":"Dessert fruits mixés Sojasun Citron - 4x100g","p":2.79,"u":"6,98 €/KG","img":"https://fd15-photos.leclercdrive.fr/image.ashx?id=2355674&use=l&cat=p&typeid=i","cat":316071},{"id":43309,"n":"Dessert végétal Sojasun  Chocolat - 6x100g","p":4.35,"u":"7,25 €/KG","img":"https://fd15-photos.leclercdrive.fr/image.ashx?id=2355692&use=l&cat=p&typeid=i","cat":316071},{"id":43310,"n":"Dessert végétal Sojasun Vanille - 6x100g","p":4.35,"u":"7,25 €/KG","img":"https://fd15-photos.leclercdrive.fr/image.ashx?id=2355695&use=l&cat=p&typeid=i","cat":316071},{"id":43341,"n":"Thon mariné Petit Navire Basilic - 110g","p":3.05,"u":"27,73 €/KG","img":"https://fd15-photos.leclercdrive.fr/image.ashx?id=2542965&use=l&cat=p&typeid=i","cat":303867},{"id":43344,"n":"Coriandre France Sainte Lucie Flacon 8g","p":2.3,"u":"287,50 €/KG","img":"https://fd15-photos.leclercdrive.fr/image.ashx?id=2774301&use=l&cat=p&typeid=i","cat":298297},{"id":43346,"n":"Laurier entier Sainte Lucie Sachet 15g","p":2.78,"u":"185,33 €/KG","img":"https://fd15-photos.leclercdrive.fr/image.ashx?id=1891873&use=l&cat=p&typeid=i","cat":293607},{"id":43349,"n":"Laurier feuille entière Ducros 17g","p":1.8,"u":"105,88 €/KG","img":"https://fd15-photos.leclercdrive.fr/image.ashx?id=2486566&use=l&cat=p&typeid=i","cat":298297},{"id":43350,"n":"Coriandre en feuilles Ducros 7g","p":2.0,"u":"285,71 €/KG","img":"https://fd15-photos.leclercdrive.fr/image.ashx?id=2486584&use=l&cat=p&typeid=i","cat":298297},{"id":43358,"n":"Sel fin Eco+ Boîte verseuse - 750g","p":0.76,"u":"1,01 €/KG","img":"https://fd15-photos.leclercdrive.fr/image.ashx?id=2050582&use=l&cat=p&typeid=i","cat":284457},{"id":43369,"n":"Boisson végétale avoine Bio  Bjorg- 1L","p":4.4,"u":"4,40 €/L","img":"https://fd15-photos.leclercdrive.fr/image.ashx?id=2939430&use=l&cat=p&typeid=i","cat":316067},{"id":43371,"n":"AOC Saint-Nicolas-de-Bourgueil vin rouge Les Caractères - 75cl","p":9.75,"u":"13,00 €/L","img":"https://fd15-photos.leclercdrive.fr/image.ashx?id=2691366&use=l&cat=p&typeid=i","cat":289556},{"id":43372,"n":"AOP Saumur-Champigny vin rouge Les Caractères - 75cl","p":9.13,"u":"12,17 €/L","img":"https://fd15-photos.leclercdrive.fr/image.ashx?id=2745478&use=l&cat=p&typeid=i","cat":289556},{"id":43373,"n":"AOP Vin rouge  Alsace Pinot noir - 75 cl","p":10.6,"u":"14,13 €/L","img":"https://fd15-photos.leclercdrive.fr/image.ashx?id=2919637&use=l&cat=p&typeid=i","cat":289556},{"id":43374,"n":"AOC Bordeaux BIO vin rouge Chantet Blanet - 75cl","p":8.45,"u":"11,27 €/L","img":"https://fd15-photos.leclercdrive.fr/image.ashx?id=2677143&use=l&cat=p&typeid=i","cat":289556},{"id":43381,"n":"Dessert liégeois Viennois  Chocolat - 12x100g","p":5.89,"u":"4,91 €/KG","img":"https://fd15-photos.leclercdrive.fr/image.ashx?id=2875987&use=l&cat=p&typeid=i","cat":285042},{"id":43394,"n":"Spaghetti  Tradizioni d'Italia n°118  Pasta di Gragnano 500g","p":2.79,"u":"5,58 €/KG","img":"https://fd15-photos.leclercdrive.fr/image.ashx?id=2657301&use=l&cat=p&typeid=i","cat":284427},{"id":43396,"n":"Farfalle Tradizioni d'Italia N°210 - 500g","p":2.51,"u":"5,02 €/KG","img":"https://fd15-photos.leclercdrive.fr/image.ashx?id=2657304&use=l&cat=p&typeid=i","cat":284427},{"id":43398,"n":"Fusilli Tradizioni d'Italia N°140 - 500g","p":2.09,"u":"4,18 €/KG","img":"https://fd15-photos.leclercdrive.fr/image.ashx?id=2657307&use=l&cat=p&typeid=i","cat":284427},{"id":43403,"n":"Orechiette Tradizioni d'Italia N°292 - 500g","p":2.53,"u":"5,06 €/KG","img":"https://fd15-photos.leclercdrive.fr/image.ashx?id=2699507&use=l&cat=p&typeid=i","cat":284427},{"id":43407,"n":"Glace à l'eau Smicy Star  Framboise Orange Citron x8 480g","p":2.2,"u":"4,58 €/KG","img":"https://fd15-photos.leclercdrive.fr/image.ashx?id=2751904&use=l&cat=p&typeid=i","cat":285250},{"id":43408,"n":"AOP Chinon vin rouge Les Caractères - 75cl","p":10.12,"u":"13,49 €/L","img":"https://fd15-photos.leclercdrive.fr/image.ashx?id=2745484&use=l&cat=p&typeid=i","cat":289556},{"id":43410,"n":"AOC Corbières vin rouge Prieur Barsanne - 75cl","p":4.46,"u":"5,95 €/L","img":"https://fd15-photos.leclercdrive.fr/image.ashx?id=2718472&use=l&cat=p&typeid=i","cat":289556},{"id":43417,"n":"IGP Pays d'Oc blanc Roche Mazet Chardonnay 12.5% vol - 75cl","p":6.6,"u":"8,80 €/L","img":"https://fd15-photos.leclercdrive.fr/image.ashx?id=2991945&use=l&cat=p&typeid=i","cat":289557},{"id":43419,"n":"IGP Pays d'oc rosé Roche Mazet Merlot 12% vol - 75 cl","p":6.05,"u":"8,07 €/L","img":"https://fd15-photos.leclercdrive.fr/image.ashx?id=2342045&use=l&cat=p&typeid=i","cat":289558},{"id":43489,"n":"AOP Terrasses Larzac Bio Vin rouge La Sauvageonne - 75cl","p":18.41,"u":"24,55 €/L","img":"https://fd15-photos.leclercdrive.fr/image.ashx?id=2407607&use=l&cat=p&typeid=i","cat":289556},{"id":43509,"n":"Ktipiti Tables du Monde 200g","p":2.59,"u":"12,95 €/KG","img":"https://fd15-photos.leclercdrive.fr/image.ashx?id=2872448&use=l&cat=p&typeid=i","cat":315999},{"id":43602,"n":"Jus d'orange Jafaden Avec pulpe - 1.5L","p":5.09,"u":"3,39 €/L","img":"https://fd15-photos.leclercdrive.fr/image.ashx?id=2723144&use=l&cat=p&typeid=i","cat":285435},{"id":43604,"n":"Jus d'orange Jafaden Sans pulpe - 1.5L","p":5.09,"u":"3,39 €/L","img":"https://fd15-photos.leclercdrive.fr/image.ashx?id=2723147&use=l&cat=p&typeid=i","cat":285435},{"id":43605,"n":"Jus de clémentine Jafaden  1.5L","p":5.49,"u":"3,66 €/L","img":"https://fd15-photos.leclercdrive.fr/image.ashx?id=2723150&use=l&cat=p&typeid=i","cat":285435},{"id":43617,"n":"Poivre gris moulu Ducros Classique - 36g","p":1.99,"u":"55,28 €/KG","img":"https://fd15-photos.leclercdrive.fr/image.ashx?id=2559475&use=l&cat=p&typeid=i","cat":284457},{"id":43618,"n":"Flocons d'avoine Quaker Oats 550g","p":3.06,"u":"5,56 €/KG","img":"https://fd15-photos.leclercdrive.fr/image.ashx?id=2140656&use=l&cat=p&typeid=i","cat":309512},{"id":43619,"n":"AOC Blaye Côtes de Bordeaux vin rouge Chantet Blanet - 75cl","p":5.35,"u":"7,13 €/L","img":"https://fd15-photos.leclercdrive.fr/image.ashx?id=2727395&use=l&cat=p&typeid=i","cat":289556},{"id":43621,"n":"Liquide vaisselle Uni vert Ecologique PSS 500ml","p":1.35,"u":"2,70 €/L","img":"https://fd15-photos.leclercdrive.fr/image.ashx?id=2999508&use=l&cat=p&typeid=i","cat":284655},{"id":43623,"n":"AOC Bordeaux vin rouge Chantet Blanet - 37,5cl","p":4.29,"u":"11,44 €/L","img":"https://fd15-photos.leclercdrive.fr/image.ashx?id=2718611&use=l&cat=p&typeid=i","cat":289556},{"id":43625,"n":"AOC Saint-Chinian vin rouge Prieur Barsanne - 75cl","p":6.61,"u":"8,81 €/L","img":"https://fd15-photos.leclercdrive.fr/image.ashx?id=2729290&use=l&cat=p&typeid=i","cat":289556},{"id":43626,"n":"AOC Faugères vin rouge Prieur Barsanne - 75cl","p":7.02,"u":"9,36 €/L","img":"https://fd15-photos.leclercdrive.fr/image.ashx?id=2554808&use=l&cat=p&typeid=i","cat":289556},{"id":43636,"n":"Thon au naturel Saupiquet en morceaux, 800g","p":8.45,"u":"10,56 €/KG","img":"https://fd15-photos.leclercdrive.fr/image.ashx?id=2326457&use=l&cat=p&typeid=i","cat":303867},{"id":43669,"n":"AOC Puisseguin Saint-Émilion vin rouge Chantet Blanet - 75cl","p":12.79,"u":"17,05 €/L","img":"https://fd15-photos.leclercdrive.fr/image.ashx?id=2676540&use=l&cat=p&typeid=i","cat":289556},{"id":43670,"n":"AOC Juliénas vin rouge Antoine Barrier - 75cl","p":11.87,"u":"15,83 €/L","img":"https://fd15-photos.leclercdrive.fr/image.ashx?id=2909401&use=l&cat=p&typeid=i","cat":289556},{"id":43693,"n":"Couches Mots d'Enfants Activ+ T3 : 4/9kg - x47 changes","p":15.07,"u":"0,32 €/P","img":"https://fd15-photos.leclercdrive.fr/image.ashx?id=2699486&use=l&cat=p&typeid=i","cat":284737},{"id":43696,"n":"AOC Côtes du Marmandais vin rouge Terrasses d'Autan - 75cl","p":5.4,"u":"7,20 €/L","img":"https://fd15-photos.leclercdrive.fr/image.ashx?id=2750150&use=l&cat=p&typeid=i","cat":289556},{"id":43697,"n":"AOP Côtes de Bourg vin rouge Chantet Blanet - 75cl","p":5.1,"u":"6,80 €/L","img":"https://fd15-photos.leclercdrive.fr/image.ashx?id=2728255&use=l&cat=p&typeid=i","cat":289556},{"id":43718,"n":"Croquettes chat Whiskas Stérilisé saumon - 1,75kg","p":10.6,"u":"6,06 €/KG","img":"https://fd15-photos.leclercdrive.fr/image.ashx?id=2915597&use=l&cat=p&typeid=i","cat":284680},{"id":43719,"n":"Croquettes chat Whiskas Stérilisé poulet - 1.75kg","p":10.65,"u":"6,09 €/KG","img":"https://fd15-photos.leclercdrive.fr/image.ashx?id=2952872&use=l&cat=p&typeid=i","cat":284680},{"id":43728,"n":"Pommes Pink Lady  1kg","p":4.99,"u":"4,99 €/KG","img":"https://fd15-photos.leclercdrive.fr/image.ashx?id=2121665&use=l&cat=p&typeid=i","cat":284356},{"id":43758,"n":"AOP Brouilly vin rouge Antoine Barrier - 75cl","p":10.3,"u":"13,73 €/L","img":"https://fd15-photos.leclercdrive.fr/image.ashx?id=2728258&use=l&cat=p&typeid=i","cat":289556},{"id":43760,"n":"Biscuits fourrés Prince Vanille - 300g","p":3.35,"u":"11,17 €/KG","img":"https://fd15-photos.leclercdrive.fr/image.ashx?id=2907695&use=l&cat=p&typeid=i","cat":284488},{"id":43761,"n":"Flacon persil de France 7g","p":2.36,"u":"337,14 €/KG","img":"https://fd15-photos.leclercdrive.fr/image.ashx?id=2973583&use=l&cat=p&typeid=i","cat":298297},{"id":43763,"n":"Safran en poudre 4x0.1g","p":7.45,"img":"https://fd15-photos.leclercdrive.fr/image.ashx?id=2774424&use=l&cat=p&typeid=i","cat":298297},{"id":43770,"n":"Après-shampooing Vitanov Nutrition - 750ml","p":3.99,"u":"5,32 €/L","img":"https://fd15-photos.leclercdrive.fr/image.ashx?id=1923583&use=l&cat=p&typeid=i","cat":284607},{"id":43771,"n":"Spray démelant  200ml","p":2.19,"u":"10,95 €/L","img":"https://fd15-photos.leclercdrive.fr/image.ashx?id=2712986&use=l&cat=p&typeid=i","cat":284608},{"id":43772,"n":"Baies roses poivre doux 25g","p":3.8,"u":"152,00 €/KG","img":"https://fd15-photos.leclercdrive.fr/image.ashx?id=1867012&use=l&cat=p&typeid=i","cat":284457},{"id":43778,"n":"Morceaux de thon Listao Eco+ 130g","p":1.55,"u":"11,92 €/KG","img":"https://fd15-photos.leclercdrive.fr/image.ashx?id=2610669&use=l&cat=p&typeid=i","cat":303867},{"id":43780,"n":"AOC Anjou vin rouge Les Caractères - 75cl","p":7.14,"u":"9,52 €/L","img":"https://fd15-photos.leclercdrive.fr/image.ashx?id=2541375&use=l&cat=p&typeid=i","cat":289556},{"id":43781,"n":"Céréales Extra Kellogg's Chocolat Noir Noisettes - 800g","p":8.56,"u":"10,70 €/KG","img":"https://fd15-photos.leclercdrive.fr/image.ashx?id=2775026&use=l&cat=p&typeid=i","cat":309512},{"id":43816,"n":"Gourmandise Novi 198g","p":9.99,"pp":7.99,"u":"40,35 €/KG","img":"https://fd15-photos.leclercdrive.fr/image.ashx?id=2615179&use=l&cat=p&typeid=i","cat":327595},{"id":43818,"n":"Pralines Raffaello Noix de coco amandes x30 - 300g","p":11.76,"u":"39,20 €/KG","img":"https://fd15-photos.leclercdrive.fr/image.ashx?id=2922197&use=l&cat=p&typeid=i","cat":327595},{"id":43844,"n":"Friandises chats Tous mes amis Sticks au Poulet - 3x5g - 15g","p":0.58,"u":"38,67 €/KG","img":"https://fd15-photos.leclercdrive.fr/image.ashx?id=2858986&use=l&cat=p&typeid=i","cat":285285},{"id":43845,"n":"Friandises chats Tous mes amis Sticks au Saumon  - 3x5g - 15g","p":1.05,"u":"70,00 €/KG","img":"https://fd15-photos.leclercdrive.fr/image.ashx?id=2858989&use=l&cat=p&typeid=i","cat":285285},{"id":43895,"n":"AOC Ventoux vin rosé Rives & Terrasses - 75cl","p":6.55,"u":"8,73 €/L","img":"https://fd15-photos.leclercdrive.fr/image.ashx?id=2650222&use=l&cat=p&typeid=i","cat":289558},{"id":43924,"n":"AOP Vin blanc italien  Prosecco Vilaveroni 75cl","p":13.05,"u":"17,40 €/L","img":"https://fd15-photos.leclercdrive.fr/image.ashx?id=2492351&use=l&cat=p&typeid=i","cat":289461},{"id":43930,"n":"Vin mousseux blanc Festillant Sans alcool - 75cl","p":6.95,"u":"9,27 €/L","img":"https://fd15-photos.leclercdrive.fr/image.ashx?id=2980899&use=l&cat=p&typeid=i","cat":289460},{"id":43931,"n":"Pétillant Festillant Mojito Sans alcool - 75cl","p":7.55,"u":"10,07 €/L","img":"https://fd15-photos.leclercdrive.fr/image.ashx?id=2910118&use=l&cat=p&typeid=i","cat":289460},{"id":43933,"n":"Vin pétillant d'Allemagne Festillant Sans alcool - 75cl","p":6.97,"u":"9,29 €/L","img":"https://fd15-photos.leclercdrive.fr/image.ashx?id=2910115&use=l&cat=p&typeid=i","cat":289460},{"id":43943,"n":"Champagne Cordon rouge Mumm Millésime - 75cl","p":73.7,"u":"98,27 €/L","img":"https://fd15-photos.leclercdrive.fr/image.ashx?id=2953758&use=l&cat=p&typeid=i","cat":284542},{"id":43944,"n":"Champagne rosé G.H. Mumm Brut - 12%vol - 75cl","p":61.7,"u":"82,27 €/L","img":"https://fd15-photos.leclercdrive.fr/image.ashx?id=2998913&use=l&cat=p&typeid=i","cat":284542},{"id":43964,"n":"Mini bûches Eskiss Fruits - x6 - 333g","p":3.29,"u":"9,88 €/KG","img":"https://fd15-photos.leclercdrive.fr/image.ashx?id=2232586&use=l&cat=p&typeid=i","cat":284266},{"id":44039,"n":"Soufflés Grignot' Tokapi Barbecue - 90g","p":1.39,"u":"15,44 €/KG","img":"https://fd15-photos.leclercdrive.fr/image.ashx?id=803080&use=l&cat=p&typeid=i","cat":284449},{"id":44040,"n":"Soufflé grignot' Tokapi  jambon fromage 90g","p":1.29,"u":"14,33 €/KG","img":"https://fd15-photos.leclercdrive.fr/image.ashx?id=803076&use=l&cat=p&typeid=i","cat":284449},{"id":44057,"n":"Soufflés Tornades 3D Goût emmental - 85g","p":1.29,"u":"15,18 €/KG","img":"https://fd15-photos.leclercdrive.fr/image.ashx?id=2900139&use=l&cat=p&typeid=i","cat":284449},{"id":44083,"n":"Eau gazeuse  Badoit verte finement pétillante - 6x1l","p":7.75,"u":"1,29 €/L","img":"https://fd15-photos.leclercdrive.fr/image.ashx?id=2919259&use=l&cat=p&typeid=i","cat":284536},{"id":44090,"n":"AOP Monbazillac vin blanc Moelleux Terrasses d'Autan-75cl","p":9.94,"u":"13,25 €/L","img":"https://fd15-photos.leclercdrive.fr/image.ashx?id=2756873&use=l&cat=p&typeid=i","cat":289557},{"id":44091,"n":"AOC Côtes du Rhône Villages vin rouge Rives & Terrasses - 75cl","p":7.0,"u":"9,33 €/L","img":"https://fd15-photos.leclercdrive.fr/image.ashx?id=2755064&use=l&cat=p&typeid=i","cat":289556},{"id":44092,"n":"AOC Lalande-de-Pomerol vin rouge Chantet Blanet - 75cl","p":17.07,"u":"22,76 €/L","img":"https://fd15-photos.leclercdrive.fr/image.ashx?id=2809665&use=l&cat=p&typeid=i","cat":289556},{"id":44093,"n":"AOC Haut-Médoc vin rouge Chantet Blanet - 75cl","p":10.19,"u":"13,59 €/L","img":"https://fd15-photos.leclercdrive.fr/image.ashx?id=2824283&use=l&cat=p&typeid=i","cat":289556},{"id":44094,"n":"Bière blonde Leffe 6,6% - 50cl canette","p":3.45,"u":"6,90 €/L","img":"https://fd15-photos.leclercdrive.fr/image.ashx?id=2948417&use=l&cat=p&typeid=i","cat":334853},{"id":44095,"n":"Bière blonde Leffe 6,6% - 75cl","p":5.45,"u":"7,27 €/L","img":"https://fd15-photos.leclercdrive.fr/image.ashx?id=1720789&use=l&cat=p&typeid=i","cat":334852},{"id":44096,"n":"Fond pour rotis 110g","p":2.15,"u":"19,55 €/KG","img":"https://fd15-photos.leclercdrive.fr/image.ashx?id=2188691&use=l&cat=p&typeid=i","cat":288379},{"id":44097,"n":"Quinoa 500g","p":3.75,"u":"7,50 €/KG","img":"https://fd15-photos.leclercdrive.fr/image.ashx?id=3012845&use=l&cat=p&typeid=i","cat":284429},{"id":44166,"n":"Vinaigre de Riz Tanoshi Flacon 150ml","p":4.48,"u":"29,87 €/L","img":"https://fd15-photos.leclercdrive.fr/image.ashx?id=2907982&use=l&cat=p&typeid=i","cat":288992},{"id":44168,"n":"Guacamole en pot 300g","p":2.75,"u":"9,17 €/KG","img":"https://fd15-photos.leclercdrive.fr/image.ashx?id=2466072&use=l&cat=p&typeid=i","cat":288993},{"id":44170,"n":"Assaisonnement pour Fajitas Mélange d'épices - 30g","p":0.87,"u":"29,00 €/KG","img":"https://fd15-photos.leclercdrive.fr/image.ashx?id=2477565&use=l&cat=p&typeid=i","cat":288993},{"id":44171,"n":"6 wraps de blé nature 370g","p":2.4,"u":"6,49 €/KG","img":"https://fd15-photos.leclercdrive.fr/image.ashx?id=2679741&use=l&cat=p&typeid=i","cat":288993},{"id":44172,"n":"Assaisonnement pour Guacamole Tables du monde - 20g","p":0.61,"u":"30,50 €/KG","img":"https://fd15-photos.leclercdrive.fr/image.ashx?id=2489125&use=l&cat=p&typeid=i","cat":288993},{"id":44173,"n":"Après-shampooing Nateis Cheveux colorés - 250ml","p":2.49,"u":"9,96 €/L","img":"https://fd15-photos.leclercdrive.fr/image.ashx?id=2626808&use=l&cat=p&typeid=i","cat":284607},{"id":44174,"n":"Après-shampooing doux Nateis Cheveux secs - 250ml","p":2.49,"u":"9,96 €/KG","img":"https://fd15-photos.leclercdrive.fr/image.ashx?id=2626811&use=l&cat=p&typeid=i","cat":284607},{"id":44175,"n":"Masque nourrisant Natéïs Cheuveux secs et frisés - 300ml","p":2.39,"u":"7,97 €/L","img":"https://fd15-photos.leclercdrive.fr/image.ashx?id=1875848&use=l&cat=p&typeid=i","cat":284608},{"id":44179,"n":"Sachets détachants Texil Anti-transferts - x12","p":3.6,"u":"0,30 €/P","img":"https://fd15-photos.leclercdrive.fr/image.ashx?id=2958741&use=l&cat=p&typeid=i","cat":284651},{"id":44183,"n":"Tortillas Old El Paso de blé nature x8 - 326g","p":4.69,"u":"14,39 €/KG","img":"https://fd15-photos.leclercdrive.fr/image.ashx?id=2737642&use=l&cat=p&typeid=i","cat":288993},{"id":44185,"n":"Kit Burritos Old El Paso Original paprika doux - 510g","p":7.95,"u":"15,59 €/KG","img":"https://fd15-photos.leclercdrive.fr/image.ashx?id=2940579&use=l&cat=p&typeid=i","cat":288993},{"id":44186,"n":"Kit Enchiladas Old El Paso au four doux - 657g","p":8.1,"u":"12,33 €/KG","img":"https://fd15-photos.leclercdrive.fr/image.ashx?id=2759502&use=l&cat=p&typeid=i","cat":288993},{"id":44194,"n":"Confiture de lait Bonne Maman 380g","p":4.1,"u":"10,79 €/KG","img":"https://fd15-photos.leclercdrive.fr/image.ashx?id=2785430&use=l&cat=p&typeid=i","cat":284480},{"id":44195,"n":"Détachant avant lavage K2R  Action complète pistolet -750ml","p":7.85,"u":"10,47 €/L","img":"https://fd15-photos.leclercdrive.fr/image.ashx?id=2101180&use=l&cat=p&typeid=i","cat":284651},{"id":44197,"n":"Couches Activ+ Mots d'Enfants T4 : 7/18kg - x39 changes","p":14.92,"u":"0,38 €/P","img":"https://fd15-photos.leclercdrive.fr/image.ashx?id=2699489&use=l&cat=p&typeid=i","cat":284737},{"id":44216,"n":"Mousse aux cèpes Tradilège et champignons noirs 180g","p":1.97,"u":"10,94 €/KG","img":"https://fd15-photos.leclercdrive.fr/image.ashx?id=2852282&use=l&cat=p&typeid=i","cat":316008},{"id":44231,"n":"Estragon de france Sainte Lucie flacon 11g","p":3.3,"u":"300,00 €/KG","img":"https://fd15-photos.leclercdrive.fr/image.ashx?id=2774292&use=l&cat=p&typeid=i","cat":298297},{"id":44235,"n":"Epices couscous Sainte Lucie à la marocaine - 30g","p":2.25,"u":"75,00 €/KG","img":"https://fd15-photos.leclercdrive.fr/image.ashx?id=2774433&use=l&cat=p&typeid=i","cat":298297},{"id":44236,"n":"Epices paëlla Sainte Lucie à l'espagnole 30g","p":2.25,"u":"75,00 €/KG","img":"https://fd15-photos.leclercdrive.fr/image.ashx?id=2104591&use=l&cat=p&typeid=i","cat":298297},{"id":44278,"n":"Ravioli bolognaise Panzani - 400g","p":4.0,"u":"10,00 €/KG","img":"https://fd15-photos.leclercdrive.fr/image.ashx?id=2876059&use=l&cat=p&typeid=i","cat":284442},{"id":44279,"n":"Fromage apéritif Apericube Panier de campagne 24 cubes","p":1.99,"u":"15,92 €/KG","img":"https://fd15-photos.leclercdrive.fr/image.ashx?id=2882656&use=l&cat=p&typeid=i","cat":314027},{"id":44296,"n":"Fromage Rouy 25%mg - 200g","p":3.59,"u":"17,95 €/KG","img":"https://fd15-photos.leclercdrive.fr/image.ashx?id=2450814&use=l&cat=p&typeid=i","cat":329558},{"id":44298,"n":"L'Ortolan familial  Fromagerie Milleret-  330g","p":4.25,"u":"12,88 €/KG","img":"https://fd15-photos.leclercdrive.fr/image.ashx?id=2226400&use=l&cat=p&typeid=i","cat":314033},{"id":44299,"n":"Fromage à Tartiner Tartare  Ail et fines herbes - 250g","p":4.49,"u":"17,96 €/KG","img":"https://fd15-photos.leclercdrive.fr/image.ashx?id=2903170&use=l&cat=p&typeid=i","cat":314029},{"id":44300,"n":"Mini bûches de chèvre Soignon x6 - 150g","p":4.09,"u":"27,27 €/KG","img":"https://fd15-photos.leclercdrive.fr/image.ashx?id=2646560&use=l&cat=p&typeid=i","cat":314030},{"id":44302,"n":"Fromage Tranché Les Croisés au lait de vache 23%MG - 200g","p":2.5,"u":"12,50 €/KG","img":"https://fd15-photos.leclercdrive.fr/image.ashx?id=2302570&use=l&cat=p&typeid=i","cat":314026},{"id":44307,"n":"Fromage Tomme noire NRT IGP  des Pyrénées - 200g","p":2.95,"u":"14,75 €/KG","img":"https://fd15-photos.leclercdrive.fr/image.ashx?id=2849596&use=l&cat=p&typeid=i","cat":329184},{"id":44309,"n":"Emmental tranches grand cru NRT IGP - Label Rouge -175g","p":3.5,"u":"20,00 €/KG","img":"https://fd15-photos.leclercdrive.fr/image.ashx?id=2405751&use=l&cat=p&typeid=i","cat":314028},{"id":44335,"n":"Rhum blanc La Mauny  50%vol - 70cl","p":9.79,"u":"13,99 €/L","img":"https://fd15-photos.leclercdrive.fr/image.ashx?id=812296&use=l&cat=p&typeid=i","cat":284550},{"id":44342,"n":"Eau de cologne Bien Etre  Verveine, Romarin - 250ml","p":8.3,"u":"33,20 €/L","img":"https://fd15-photos.leclercdrive.fr/image.ashx?id=2353668&use=l&cat=p&typeid=i","cat":291525},{"id":44368,"n":"Dentifrice mini voyage Dentamyl Haleine fraiche - 25ml","p":2.29,"u":"91,60 €/L","img":"https://fd15-photos.leclercdrive.fr/image.ashx?id=2658581&use=l&cat=p&typeid=i","cat":284612},{"id":44371,"n":"Préservatif classiques Plug'in x6","p":1.05,"u":"0,18 €/P","img":"https://fd15-photos.leclercdrive.fr/image.ashx?id=2856199&use=l&cat=p&typeid=i","cat":284631},{"id":44384,"n":"Saumon fumé Ronde des Mers MSC Alaska x2T - 60g","p":6.89,"u":"114,83 €/KG","img":"https://fd15-photos.leclercdrive.fr/image.ashx?id=2837698&use=l&cat=p&typeid=i","cat":285188},{"id":44385,"n":"Saumon fumé Ronde des Mers   Sauvage Alaska x8T - 240g","p":14.09,"u":"58,71 €/KG","img":"https://fd15-photos.leclercdrive.fr/image.ashx?id=2822747&use=l&cat=p&typeid=i","cat":285188},{"id":44423,"n":"IGP Côtes de Gascogne blanc Domus UBY 11,5% vol - 75cl","p":8.59,"u":"11,45 €/L","img":"https://fd15-photos.leclercdrive.fr/image.ashx?id=2108915&use=l&cat=p&typeid=i","cat":289557},{"id":44432,"n":"AOP Vouvray Greffe excellence Blanc brut - 75cl","p":20.95,"u":"27,93 €/L","img":"https://fd15-photos.leclercdrive.fr/image.ashx?id=2899410&use=l&cat=p&typeid=i","cat":289557},{"id":44435,"n":"Nectar Bio Pressade Orange - 1.5L","p":7.57,"u":"5,05 €/L","img":"https://fd15-photos.leclercdrive.fr/image.ashx?id=2732536&use=l&cat=p&typeid=i","cat":284521},{"id":44437,"n":"AOC Buzet vin rouge Terrasses d'Autan - 75cl","p":7.09,"u":"9,45 €/L","img":"https://fd15-photos.leclercdrive.fr/image.ashx?id=2242823&use=l&cat=p&typeid=i","cat":289556},{"id":44445,"n":"Wraps Old El Paso de blé nature x6 - 350g","p":4.9,"u":"14,00 €/KG","img":"https://fd15-photos.leclercdrive.fr/image.ashx?id=2737645&use=l&cat=p&typeid=i","cat":288993},{"id":44469,"n":"Mousse de canard Tradilège 150g","p":1.88,"u":"12,53 €/KG","img":"https://fd15-photos.leclercdrive.fr/image.ashx?id=2840416&use=l&cat=p&typeid=i","cat":316008},{"id":44470,"n":"Pâté de campagne Tradilège 150g","p":2.45,"u":"16,33 €/KG","img":"https://fd15-photos.leclercdrive.fr/image.ashx?id=2840413&use=l&cat=p&typeid=i","cat":316008},{"id":44475,"n":"Saucisson ail fumé Tradilège au porc 16tranches 150g","p":2.69,"u":"17,93 €/KG","img":"https://fd15-photos.leclercdrive.fr/image.ashx?id=2933355&use=l&cat=p&typeid=i","cat":316006},{"id":44510,"n":"Mille Bornes + plateau Dès 5 ans - 2 à 8 joueurs","p":33.9,"img":"https://fd15-photos.leclercdrive.fr/image.ashx?id=2359225&use=l&cat=p&typeid=i","cat":334378},{"id":44567,"n":"Oeufs de Nos Régions Plein air Oméga 3 - x6","p":2.35,"u":"0,39 €/P","img":"https://fd15-photos.leclercdrive.fr/image.ashx?id=2969773&use=l&cat=p&typeid=i","cat":284378},{"id":44568,"n":"Oeufs frais De Nos Régions  Oméga 3 - Plein Air - x12","p":4.99,"u":"0,42 €/P","img":"https://fd15-photos.leclercdrive.fr/image.ashx?id=2969791&use=l&cat=p&typeid=i","cat":284378},{"id":44572,"n":"AOC Bordeaux Supérieur vin rouge Chantet Blanet - 75cl","p":5.75,"u":"7,67 €/L","img":"https://fd15-photos.leclercdrive.fr/image.ashx?id=2776570&use=l&cat=p&typeid=i","cat":289556},{"id":44605,"n":"Foie gras canard IGP Sud-Ouest NRT Entier - 300g","p":29.99,"u":"99,97 €/KG","img":"https://fd15-photos.leclercdrive.fr/image.ashx?id=2743897&use=l&cat=p&typeid=i","cat":305148},{"id":44706,"n":"Palets bretons P'tit Déli 2x125g","p":2.79,"u":"11,16 €/KG","img":"https://fd15-photos.leclercdrive.fr/image.ashx?id=2820134&use=l&cat=p&typeid=i","cat":284487},{"id":44725,"n":"3 Légumes Bonduelle Choux carotte brocolis - 750g","p":3.74,"u":"4,99 €/KG","img":"https://fd15-photos.leclercdrive.fr/image.ashx?id=2876164&use=l&cat=p&typeid=i","cat":319805},{"id":44732,"n":"Brunoise Notre Jardin méditerranéens 600g","p":3.15,"u":"5,25 €/KG","img":"https://fd15-photos.leclercdrive.fr/image.ashx?id=2873150&use=l&cat=p&typeid=i","cat":319823},{"id":44738,"n":"Haricots verts Notre Jardin cuits 750g","p":2.25,"u":"3,00 €/KG","img":"https://fd15-photos.leclercdrive.fr/image.ashx?id=2900142&use=l&cat=p&typeid=i","cat":319805},{"id":44739,"n":"Choux fleurs Notre Jardin  cuits 750g","p":2.09,"u":"2,79 €/KG","img":"https://fd15-photos.leclercdrive.fr/image.ashx?id=2900145&use=l&cat=p&typeid=i","cat":319805},{"id":44740,"n":"Frites allumettes Pom'lisse 2.5kg","p":5.65,"u":"2,26 €/KG","img":"https://fd15-photos.leclercdrive.fr/image.ashx?id=2699495&use=l&cat=p&typeid=i","cat":319791},{"id":44741,"n":"Riz sushi Table du monde 500g","p":3.69,"u":"7,38 €/KG","img":"https://fd15-photos.leclercdrive.fr/image.ashx?id=2679753&use=l&cat=p&typeid=i","cat":288992},{"id":44742,"n":"Duo de Fleurettes Bio  Bio Village - 600g","p":2.79,"u":"4,65 €/KG","img":"https://fd15-photos.leclercdrive.fr/image.ashx?id=2898065&use=l&cat=p&typeid=i","cat":319805},{"id":44743,"n":"Julienne de légumes Bio Village Bio - 600g","p":3.12,"u":"5,20 €/KG","img":"https://fd15-photos.leclercdrive.fr/image.ashx?id=2898068&use=l&cat=p&typeid=i","cat":319823},{"id":44745,"n":"Mini boulettes au boeuf Férial  x50 - 750g","p":9.3,"u":"12,40 €/KG","img":"https://fd15-photos.leclercdrive.fr/image.ashx?id=2966511&use=l&cat=p&typeid=i","cat":319779},{"id":44746,"n":"Glace Mystère Extrême Vanille Meringue x4 308.6g","p":7.75,"u":"25,08 €/KG","img":"https://fd15-photos.leclercdrive.fr/image.ashx?id=2878375&use=l&cat=p&typeid=i","cat":284266},{"id":44748,"n":"Purée de carottes Notre Jardin potirons 750g","p":3.29,"u":"4,39 €/KG","img":"https://fd15-photos.leclercdrive.fr/image.ashx?id=2856190&use=l&cat=p&typeid=i","cat":319805},{"id":44751,"n":"Pom' curv au four Pom'Lisse 600g","p":1.79,"u":"2,98 €/KG","img":"https://fd15-photos.leclercdrive.fr/image.ashx?id=2699690&use=l&cat=p&typeid=i","cat":319791},{"id":44758,"n":"Grattugiato 29% MG Les Croisés  100g","p":1.8,"u":"18,00 €/KG","img":"https://fd15-photos.leclercdrive.fr/image.ashx?id=2806859&use=l&cat=p&typeid=i","cat":314035},{"id":44761,"n":"Les groumand Les Croisés  30.4% MG  6 tranches 150g","p":2.15,"u":"14,33 €/KG","img":"https://fd15-photos.leclercdrive.fr/image.ashx?id=2026325&use=l&cat=p&typeid=i","cat":314028},{"id":44767,"n":"Dés Gouda cumin Les Croisés 30%MG - 150g","p":2.25,"u":"15,00 €/KG","img":"https://fd15-photos.leclercdrive.fr/image.ashx?id=2532844&use=l&cat=p&typeid=i","cat":314027},{"id":44768,"n":"Fromage râpé spécial Gratin  Les Croisés - 150g","p":2.25,"u":"15,00 €/KG","img":"https://fd15-photos.leclercdrive.fr/image.ashx?id=2897796&use=l&cat=p&typeid=i","cat":314035},{"id":44770,"n":"Steak haché Férial  5%mg x4 - 400g","p":6.89,"u":"17,23 €/KG","img":"https://fd15-photos.leclercdrive.fr/image.ashx?id=3004663&use=l&cat=p&typeid=i","cat":319778},{"id":44808,"n":"AOC Côtes du Rhône rouge BIO Rives & Terrasses - 75cl","p":7.92,"u":"10,56 €/L","img":"https://fd15-photos.leclercdrive.fr/image.ashx?id=2670989&use=l&cat=p&typeid=i","cat":289556},{"id":44861,"n":"Sauce pesto Tradizioni d'Italia A la génoise - 180g","p":2.29,"u":"12,72 €/KG","img":"https://fd15-photos.leclercdrive.fr/image.ashx?id=2840043&use=l&cat=p&typeid=i","cat":287599},{"id":44865,"n":"Dessert fruits mixés Sojasun Abricot / Goyave - 4x100g","p":3.29,"u":"8,23 €/KG","img":"https://fd15-photos.leclercdrive.fr/image.ashx?id=2355668&use=l&cat=p&typeid=i","cat":316071},{"id":44884,"n":"Soupe Mouliné Bio Village Bio - Légumes variés - 1L","p":3.29,"u":"3,29 €/L","img":"https://fd15-photos.leclercdrive.fr/image.ashx?id=2376115&use=l&cat=p&typeid=i","cat":284462},{"id":44885,"n":"Velouté de légumes Bio Village Bio - 1L","p":2.79,"u":"2,79 €/L","img":"https://fd15-photos.leclercdrive.fr/image.ashx?id=2339879&use=l&cat=p&typeid=i","cat":284462},{"id":44896,"n":"Café moulu Lobodis  Bolivie Bio - 260g","p":9.69,"u":"37,27 €/KG","img":"https://fd15-photos.leclercdrive.fr/image.ashx?id=2638892&use=l&cat=p&typeid=i","cat":284750},{"id":44900,"n":"Baguette précuite four Epi d'Or précuite four en pierre - 250g","p":1.95,"u":"7,80 €/KG","img":"https://fd15-photos.leclercdrive.fr/image.ashx?id=2956963&use=l&cat=p&typeid=i","cat":325069},{"id":44911,"n":"Crème dessert La Laitière Pot de crème vanille - 8x100g","p":8.24,"u":"10,30 €/KG","img":"https://fd15-photos.leclercdrive.fr/image.ashx?id=2692119&use=l&cat=p&typeid=i","cat":285041},{"id":44939,"n":"Mini gratins Côté Table Pomme de terre salardaise 400g","p":4.14,"u":"10,35 €/KG","img":"https://fd15-photos.leclercdrive.fr/image.ashx?id=2641289&use=l&cat=p&typeid=i","cat":319802},{"id":44942,"n":"Mini gratins Côté Table Pomme de terre Champignons 400g","p":3.51,"u":"8,78 €/KG","img":"https://fd15-photos.leclercdrive.fr/image.ashx?id=2074431&use=l&cat=p&typeid=i","cat":319802},{"id":44947,"n":"Pâtes Tagliatelle Panzani Qualité Pâtes Fraîche - 400G","p":2.63,"u":"6,58 €/KG","img":"https://fd15-photos.leclercdrive.fr/image.ashx?id=2872856&use=l&cat=p&typeid=i","cat":284427},{"id":44953,"n":"Pâtes Sans gluten Barilla Spaghetti - 400g","p":3.42,"u":"8,55 €/KG","img":"https://fd15-photos.leclercdrive.fr/image.ashx?id=2647639&use=l&cat=p&typeid=i","cat":284427},{"id":44959,"n":"Lingettes démaquillantes Inell Eau micellaire x25","p":1.33,"u":"0,05 €/P","img":"https://fd15-photos.leclercdrive.fr/image.ashx?id=2764392&use=l&cat=p&typeid=i","cat":284603},{"id":44963,"n":"Stick lèvres Inell Miss pink - 1 pièce","p":3.34,"img":"https://fd15-photos.leclercdrive.fr/image.ashx?id=2691673&use=l&cat=p&typeid=i","cat":285485},{"id":44964,"n":"Alèses absorbantes Chorys 60x90cm - x16","p":8.76,"u":"0,55 €/P","img":"https://fd15-photos.leclercdrive.fr/image.ashx?id=2860076&use=l&cat=p&typeid=i","cat":284628},{"id":44965,"n":"Lingettes Hygiène Adulte Chorys x64","p":3.55,"u":"0,06 €/P","img":"https://fd15-photos.leclercdrive.fr/image.ashx?id=2940911&use=l&cat=p&typeid=i","cat":284627},{"id":44967,"n":"Culottes bébé Mots d'Enfants  T5 : 12/18kg - x20 changes","p":7.2,"u":"0,36 €/P","img":"https://fd15-photos.leclercdrive.fr/image.ashx?id=2487162&use=l&cat=p&typeid=i","cat":290633},{"id":44968,"n":"Culottes bébé Mots d'Enfants  T6 : 16kg - x18 changes","p":7.22,"u":"0,40 €/P","img":"https://fd15-photos.leclercdrive.fr/image.ashx?id=2907201&use=l&cat=p&typeid=i","cat":290633},{"id":44976,"n":"Masque nourrisant Natéïs Cheveux secs ou abîmés - 300ml","p":3.59,"u":"11,97 €/L","img":"https://fd15-photos.leclercdrive.fr/image.ashx?id=2387340&use=l&cat=p&typeid=i","cat":284608},{"id":44977,"n":"Mousse nettoyante Inell Peaux sensibles 150ml","p":5.29,"u":"35,27 €/L","img":"https://fd15-photos.leclercdrive.fr/image.ashx?id=1993200&use=l&cat=p&typeid=i","cat":284603},{"id":44980,"n":"Gel lave-vaisselle Visior Classique x75 - 1,5L","p":8.07,"u":"5,38 €/L","img":"https://fd15-photos.leclercdrive.fr/image.ashx?id=2574251&use=l&cat=p&typeid=i","cat":284656},{"id":45009,"n":"Cacahuètes grillées Tokapi salées 3x120g","p":2.19,"u":"6,08 €/KG","img":"https://fd15-photos.leclercdrive.fr/image.ashx?id=2799769&use=l&cat=p&typeid=i","cat":284448},{"id":45014,"n":"AOC Touraine vin rouge Les Caractères - 75cl","p":7.16,"u":"9,55 €/L","img":"https://fd15-photos.leclercdrive.fr/image.ashx?id=2623998&use=l&cat=p&typeid=i","cat":289556},{"id":45015,"n":"Biscuits P'tit Déli Pépites de chocolat 300g","p":3.45,"u":"11,50 €/KG","img":"https://fd15-photos.leclercdrive.fr/image.ashx?id=2390425&use=l&cat=p&typeid=i","cat":284487},{"id":45016,"n":"AOC Médoc vin rouge Chantet Blanet - 75cl","p":7.49,"u":"9,99 €/L","img":"https://fd15-photos.leclercdrive.fr/image.ashx?id=2840737&use=l&cat=p&typeid=i","cat":289556},{"id":45019,"n":"AOC Minervois vin rouge Prieur Barsanne - 75cl","p":4.26,"u":"5,68 €/L","img":"https://fd15-photos.leclercdrive.fr/image.ashx?id=2722817&use=l&cat=p&typeid=i","cat":289556},{"id":45020,"n":"AOC Fitou vin rouge Prieur Barsanne - 75cl","p":6.87,"u":"9,16 €/L","img":"https://fd15-photos.leclercdrive.fr/image.ashx?id=2140034&use=l&cat=p&typeid=i","cat":289556},{"id":45023,"n":"AOC Moulin-à-Vent vin rouge Antoine Barrier - 75cl","p":14.41,"u":"19,21 €/L","img":"https://fd15-photos.leclercdrive.fr/image.ashx?id=3004549&use=l&cat=p&typeid=i","cat":289556},{"id":45024,"n":"AOC Mâcon Villages vin blanc Antoine Barrier - 75cl","p":10.89,"u":"14,52 €/L","img":"https://fd15-photos.leclercdrive.fr/image.ashx?id=1668378&use=l&cat=p&typeid=i","cat":289557},{"id":45025,"n":"AOC Saumur-Champigny vin rouge Les Caractères - 37,5cl","p":5.27,"u":"14,05 €/L","img":"https://fd15-photos.leclercdrive.fr/image.ashx?id=2745475&use=l&cat=p&typeid=i","cat":289556},{"id":45029,"n":"AOP Vin blanc Muscadet Sèvre & Maine sur Lie - 75cl","p":7.21,"u":"9,61 €/L","img":"https://fd15-photos.leclercdrive.fr/image.ashx?id=2750147&use=l&cat=p&typeid=i","cat":289557},{"id":45033,"n":"AOC Côtes du Rhône vin blanc Rives & Terrasses - 75cl","p":7.09,"u":"9,45 €/L","img":"https://fd15-photos.leclercdrive.fr/image.ashx?id=2709677&use=l&cat=p&typeid=i","cat":289557},{"id":45034,"n":"AOC Crozes-Hermitage vin rouge Rives & Terrasses - 75cl","p":18.16,"u":"24,21 €/L","img":"https://fd15-photos.leclercdrive.fr/image.ashx?id=2623437&use=l&cat=p&typeid=i","cat":289556},{"id":45035,"n":"AOP Alsace Riesling vin blanc Rebmann - 75 cl","p":7.25,"u":"9,67 €/L","img":"https://fd15-photos.leclercdrive.fr/image.ashx?id=2754213&use=l&cat=p&typeid=i","cat":289557},{"id":45036,"n":"AOC Alsace Riesling vin blanc Rebmann - 37,5 cl","p":6.39,"u":"17,04 €/L","img":"https://fd15-photos.leclercdrive.fr/image.ashx?id=2632295&use=l&cat=p&typeid=i","cat":289557},{"id":45038,"n":"AOP Côtes du Rhône vin rouge Grégoire XI - 75 cl","p":6.35,"u":"8,47 €/L","img":"https://fd15-photos.leclercdrive.fr/image.ashx?id=2709701&use=l&cat=p&typeid=i","cat":289556},{"id":45041,"n":"AOC Beaujolais vin rouge Antoine Barrier - 75cl","p":8.8,"u":"11,73 €/L","img":"https://fd15-photos.leclercdrive.fr/image.ashx?id=2933443&use=l&cat=p&typeid=i","cat":289556},{"id":45042,"n":"AOC Beaujolais Villages vin rouge Antoine Barrier - 75cl","p":8.15,"u":"10,87 €/L","img":"https://fd15-photos.leclercdrive.fr/image.ashx?id=2728252&use=l&cat=p&typeid=i","cat":289556},{"id":45043,"n":"AOC Bordeaux fût de chêne vin rouge Chantet Blanet - 75cl","p":5.59,"u":"7,45 €/L","img":"https://fd15-photos.leclercdrive.fr/image.ashx?id=2667259&use=l&cat=p&typeid=i","cat":289556},{"id":45045,"n":"AOC Côtes de Bourg vin rouge Chantet Blanet - 37,5cl","p":4.39,"u":"11,71 €/L","img":"https://fd15-photos.leclercdrive.fr/image.ashx?id=2913709&use=l&cat=p&typeid=i","cat":289556},{"id":45049,"n":"AOP Cahors vin rouge Terrasses d'Autan - 75cl","p":5.5,"u":"7,33 €/L","img":"https://fd15-photos.leclercdrive.fr/image.ashx?id=2799772&use=l&cat=p&typeid=i","cat":289556},{"id":45052,"n":"Velouté Régal Soupe Potiron Châtaigne - 1L","p":2.56,"u":"2,56 €/L","img":"https://fd15-photos.leclercdrive.fr/image.ashx?id=2983811&use=l&cat=p&typeid=i","cat":284462},{"id":45053,"n":"Soupe Velouté Régal Soupe Potiron fromage fondu 1L","p":3.19,"u":"3,19 €/L","img":"https://fd15-photos.leclercdrive.fr/image.ashx?id=2607572&use=l&cat=p&typeid=i","cat":284462},{"id":45055,"n":"Soupe velouté Régal Soupe Légumes du soleil 2x30cl","p":1.49,"u":"2,48 €/L","img":"https://fd15-photos.leclercdrive.fr/image.ashx?id=2983814&use=l&cat=p&typeid=i","cat":284462},{"id":45063,"n":"Biscuits sablés P'tit Déli Noix de coco - 120g","p":1.03,"u":"8,58 €/KG","img":"https://fd15-photos.leclercdrive.fr/image.ashx?id=2669750&use=l&cat=p&typeid=i","cat":284487},{"id":45065,"n":"Bretzels d'alsace NRT sachet 200g","p":1.39,"u":"6,95 €/KG","img":"https://fd15-photos.leclercdrive.fr/image.ashx?id=2638018&use=l&cat=p&typeid=i","cat":297000},{"id":45066,"n":"Petits biscuits salés NRT D'Alsace - 200g","p":1.8,"u":"9,00 €/KG","img":"https://fd15-photos.leclercdrive.fr/image.ashx?id=2638021&use=l&cat=p&typeid=i","cat":297000},{"id":45068,"n":"Pâtes Sans gluten Barilla Coquillettes - 400g","p":2.71,"u":"6,78 €/KG","img":"https://fd15-photos.leclercdrive.fr/image.ashx?id=2976113&use=l&cat=p&typeid=i","cat":284427},{"id":45101,"n":"Carrés de soin Mots d'Enfants Bébés - x100","p":2.0,"u":"0,02 €/P","img":"https://fd15-photos.leclercdrive.fr/image.ashx?id=3014245&use=l&cat=p&typeid=i","cat":284739},{"id":45102,"n":"Culottes bébé Mots d'Enfants  T4 : 8/15kg - x22 changes","p":7.68,"u":"0,35 €/P","img":"https://fd15-photos.leclercdrive.fr/image.ashx?id=2907198&use=l&cat=p&typeid=i","cat":290633},{"id":45136,"n":"Biscuit sablé bio Céréal Bio  Miel citron sarrasin - 132g","p":2.65,"u":"20,08 €/KG","img":"https://fd15-photos.leclercdrive.fr/image.ashx?id=2574059&use=l&cat=p&typeid=i","cat":284487},{"id":45138,"n":"Biscuits Bio Bjorg complets P'tit nature - 200g","p":3.05,"u":"15,25 €/KG","img":"https://fd15-photos.leclercdrive.fr/image.ashx?id=2906157&use=l&cat=p&typeid=i","cat":284487},{"id":45140,"n":"boisson végétale bio  épeautre bjorg 1l","p":5.49,"u":"5,49 €/L","img":"https://fd15-photos.leclercdrive.fr/image.ashx?id=2967058&use=l&cat=p&typeid=i","cat":316067},{"id":45145,"n":"Crème amande cuisine  Bjorg  Bio - 200ml","p":3.65,"u":"18,25 €/L","img":"https://fd15-photos.leclercdrive.fr/image.ashx?id=2851770&use=l&cat=p&typeid=i","cat":288383},{"id":45147,"n":"boisson végétale bio coco  bjorg 1L","p":4.59,"u":"4,59 €/L","img":"https://fd15-photos.leclercdrive.fr/image.ashx?id=2909530&use=l&cat=p&typeid=i","cat":316067},{"id":45148,"n":"Boisson végétale épeautre noisette Bjorg Bio - 1L","p":5.9,"u":"5,90 €/L","img":"https://fd15-photos.leclercdrive.fr/image.ashx?id=2960804&use=l&cat=p&typeid=i","cat":316067},{"id":45150,"n":"Biscuits lunettes Bio Bjorg Fraise 200g","p":3.55,"u":"17,75 €/KG","img":"https://fd15-photos.leclercdrive.fr/image.ashx?id=2999976&use=l&cat=p&typeid=i","cat":284489},{"id":45157,"n":"Boulghour Tunisienne Céréal Bio Bio repas express - 220g","p":3.65,"u":"16,59 €/KG","img":"https://fd15-photos.leclercdrive.fr/image.ashx?id=2574062&use=l&cat=p&typeid=i","cat":287600},{"id":45166,"n":"Café moulu Lobodis Mexique Bio  - 260g","p":7.95,"u":"30,58 €/KG","img":"https://fd15-photos.leclercdrive.fr/image.ashx?id=2658896&use=l&cat=p&typeid=i","cat":284750},{"id":45167,"n":"Flocons avoine bio  Terres et Céréales - 500g","p":2.77,"u":"5,54 €/KG","img":"https://fd15-photos.leclercdrive.fr/image.ashx?id=2471907&use=l&cat=p&typeid=i","cat":309512},{"id":45168,"n":"Bouillon cube bio Jardin Bio Légumes - 72g","p":3.15,"u":"43,75 €/KG","img":"https://fd15-photos.leclercdrive.fr/image.ashx?id=2535535&use=l&cat=p&typeid=i","cat":288379},{"id":45170,"n":"Céréales lentilles Jardin Bio Sans gluten bio - 250g","p":3.9,"u":"15,60 €/KG","img":"https://fd15-photos.leclercdrive.fr/image.ashx?id=2071561&use=l&cat=p&typeid=i","cat":287600},{"id":45192,"n":"Pâtes bio Jardin Bio Coquillettes 3 min - 500g","p":2.41,"u":"4,82 €/KG","img":"https://fd15-photos.leclercdrive.fr/image.ashx?id=2939976&use=l&cat=p&typeid=i","cat":284427},{"id":45197,"n":"Quinoa boulghour  Céréal Bio  à l'Indienne bio -220g","p":3.85,"u":"17,50 €/KG","img":"https://fd15-photos.leclercdrive.fr/image.ashx?id=2574068&use=l&cat=p&typeid=i","cat":287600},{"id":45205,"n":"Biscuits fourrés Bio Bjorg  Chocolat lait noisette - 225g","p":5.48,"u":"24,36 €/KG","img":"https://fd15-photos.leclercdrive.fr/image.ashx?id=2970930&use=l&cat=p&typeid=i","cat":284488},{"id":45207,"n":"Biscuits Bio Bjorg Fourrés à la Vanille - 225g","p":6.8,"u":"30,22 €/KG","img":"https://fd15-photos.leclercdrive.fr/image.ashx?id=2912059&use=l&cat=p&typeid=i","cat":284489},{"id":45225,"n":"Galettes de riz Bio Bjorg Chocolat au lait - 90g","p":4.99,"u":"55,44 €/KG","img":"https://fd15-photos.leclercdrive.fr/image.ashx?id=2882442&use=l&cat=p&typeid=i","cat":318651},{"id":45243,"n":"Lait de coco fluide Bio Bjorg 200ml","p":2.55,"u":"12,75 €/L","img":"https://fd15-photos.leclercdrive.fr/image.ashx?id=2752995&use=l&cat=p&typeid=i","cat":288992},{"id":45244,"n":"boisson végétale lait d'amande  bio bjorg 1l","p":5.55,"u":"5,55 €/L","img":"https://fd15-photos.leclercdrive.fr/image.ashx?id=2967067&use=l&cat=p&typeid=i","cat":316067},{"id":45245,"n":"Boisson végétale lait d'amande  vanille bjorg bio - 1l","p":5.75,"u":"5,75 €/L","img":"https://fd15-photos.leclercdrive.fr/image.ashx?id=2991978&use=l&cat=p&typeid=i","cat":316067},{"id":45246,"n":"Biscuits lunettes Bio Bjorg Myrtilles - 200g","p":4.29,"u":"21,45 €/KG","img":"https://fd15-photos.leclercdrive.fr/image.ashx?id=2999979&use=l&cat=p&typeid=i","cat":284489},{"id":45247,"n":"Maïs bio Géant Vert extra croquant - 2x140g","p":2.75,"u":"9,82 €/KG","img":"https://fd15-photos.leclercdrive.fr/image.ashx?id=2840545&use=l&cat=p&typeid=i","cat":312611},{"id":45252,"n":"Lentilles Jardin Bio  Bio façon petit salé - 250g","p":3.35,"u":"13,40 €/KG","img":"https://fd15-photos.leclercdrive.fr/image.ashx?id=2535019&use=l&cat=p&typeid=i","cat":287600},{"id":45254,"n":"Infusion Clipper Bio - Citron gingembre - 50g","p":4.4,"u":"88,00 €/KG","img":"https://fd15-photos.leclercdrive.fr/image.ashx?id=2909176&use=l&cat=p&typeid=i","cat":293234},{"id":45261,"n":"Orge riz rouge bio Céréal Bio  lentilles repas express-220g","p":3.09,"u":"12,36 €/KG","img":"https://fd15-photos.leclercdrive.fr/image.ashx?id=2574080&use=l&cat=p&typeid=i","cat":287600},{"id":45274,"n":"Maïs doux Jardin Bio  Bio - 230g","p":3.45,"u":"15,00 €/KG","img":"https://fd15-photos.leclercdrive.fr/image.ashx?id=2903233&use=l&cat=p&typeid=i","cat":312611},{"id":45287,"n":"Repas bébé Babybio - 4 mois Légumes Bio - 2x130g","p":3.56,"u":"13,69 €/KG","img":"https://fd15-photos.leclercdrive.fr/image.ashx?id=2827443&use=l&cat=p&typeid=i","cat":312234},{"id":45288,"n":"Compote bébé Babybio Bio 4 mois Pomme / Myrtille - 2x130g","p":3.35,"u":"12,88 €/KG","img":"https://fd15-photos.leclercdrive.fr/image.ashx?id=2827491&use=l&cat=p&typeid=i","cat":312387},{"id":45291,"n":"Quinoa Jardin Bio  Bio poulet et Sésame - 250g","p":4.4,"u":"17,60 €/KG","img":"https://fd15-photos.leclercdrive.fr/image.ashx?id=2956433&use=l&cat=p&typeid=i","cat":287600},{"id":45317,"n":"Biscuits délichoc Delacre Chocolat blanc - 3x150g","p":7.49,"u":"16,64 €/KG","img":"https://fd15-photos.leclercdrive.fr/image.ashx?id=2673148&use=l&cat=p&typeid=i","cat":284488},{"id":45320,"n":"Pineau rosé Charentes NRT  17% vol - 75cl","p":11.12,"u":"14,83 €/L","img":"https://fd15-photos.leclercdrive.fr/image.ashx?id=2562123&use=l&cat=p&typeid=i","cat":284913},{"id":45339,"n":"Tartine sarrasin Céréal Bio Bio - 145g","p":2.89,"u":"19,93 €/KG","img":"https://fd15-photos.leclercdrive.fr/image.ashx?id=2810792&use=l&cat=p&typeid=i","cat":284479},{"id":45340,"n":"Tartine  Céréal Bio  Bio multicéréales - 145g","p":3.69,"u":"25,45 €/KG","img":"https://fd15-photos.leclercdrive.fr/image.ashx?id=2810795&use=l&cat=p&typeid=i","cat":284479},{"id":45342,"n":"Salade bio Céréal Bio Lentilles, légumes, tofu -220g","p":4.19,"u":"19,05 €/KG","img":"https://fd15-photos.leclercdrive.fr/image.ashx?id=2574077&use=l&cat=p&typeid=i","cat":287600},{"id":45347,"n":"Terrine végétale Bjorg bio Légumes du soleil - 125g","p":3.55,"u":"28,40 €/KG","img":"https://fd15-photos.leclercdrive.fr/image.ashx?id=2786057&use=l&cat=p&typeid=i","cat":284451},{"id":45353,"n":"Tartines bio Jardin Bio Multicéréales sans gluten -150g","p":3.7,"u":"24,67 €/KG","img":"https://fd15-photos.leclercdrive.fr/image.ashx?id=2537646&use=l&cat=p&typeid=i","cat":318654},{"id":45354,"n":"Tartines bio Jardin Bio Châtaigne sans gluten - 150g","p":4.6,"u":"30,67 €/KG","img":"https://fd15-photos.leclercdrive.fr/image.ashx?id=2537649&use=l&cat=p&typeid=i","cat":318654},{"id":45355,"n":"Thé vert Bio Clipper Au Citron - 20 sachets - 35g","p":4.7,"u":"134,29 €/KG","img":"https://fd15-photos.leclercdrive.fr/image.ashx?id=2922089&use=l&cat=p&typeid=i","cat":293233},{"id":45372,"n":"Tomates pelées Jardin Bio  Bio Entières au jus - 240g","p":1.95,"u":"8,13 €/KG","img":"https://fd15-photos.leclercdrive.fr/image.ashx?id=2967911&use=l&cat=p&typeid=i","cat":288384},{"id":45374,"n":"Rôti de porc Cuisine Océane  Gratin dauphinois - 300g","p":4.15,"u":"13,83 €/KG","img":"https://fd15-photos.leclercdrive.fr/image.ashx?id=2962341&use=l&cat=p&typeid=i","cat":284953},{"id":45382,"n":"Déodorant Spray Femme Nivea Protect & Care - 200ml","p":5.24,"u":"26,20 €/L","img":"https://fd15-photos.leclercdrive.fr/image.ashx?id=2869188&use=l&cat=p&typeid=i","cat":284595},{"id":45383,"n":"Déodorant protect & care Nivea Bille - 50ml","p":5.13,"u":"102,60 €/L","img":"https://fd15-photos.leclercdrive.fr/image.ashx?id=2871067&use=l&cat=p&typeid=i","cat":284595},{"id":45437,"n":"Bâtonnets Surimi grands Coraya x10 - 156g","p":3.72,"u":"23,85 €/KG","img":"https://fd15-photos.leclercdrive.fr/image.ashx?id=2762133&use=l&cat=p&typeid=i","cat":285189},{"id":45454,"n":"Soufflés Tornades 3D Tokapi  Paprika 85g","p":1.39,"u":"16,35 €/KG","img":"https://fd15-photos.leclercdrive.fr/image.ashx?id=2093861&use=l&cat=p&typeid=i","cat":284449},{"id":45455,"n":"Soupe Velouté Bio Village Saveurs du sud Bio - 2x30cl","p":2.59,"u":"4,32 €/L","img":"https://fd15-photos.leclercdrive.fr/image.ashx?id=2363814&use=l&cat=p&typeid=i","cat":284462},{"id":45456,"n":"Chips Bio Village Bio Nature - 6x30g","p":3.97,"u":"22,06 €/KG","img":"https://fd15-photos.leclercdrive.fr/image.ashx?id=2838957&use=l&cat=p&typeid=i","cat":284447},{"id":45457,"n":"Mogette sèche IGP NRT De Vendée - 500g","p":2.48,"u":"4,96 €/KG","img":"https://fd15-photos.leclercdrive.fr/image.ashx?id=2771411&use=l&cat=p&typeid=i","cat":284430},{"id":45478,"n":"Nettoyant lave-vaisselle Visior 3x40g","p":3.39,"u":"28,25 €/KG","img":"https://fd15-photos.leclercdrive.fr/image.ashx?id=2742694&use=l&cat=p&typeid=i","cat":284657},{"id":45479,"n":"Nettoyant Dentamyl Appareils dentaires x36","p":2.47,"img":"https://fd15-photos.leclercdrive.fr/image.ashx?id=2486799&use=l&cat=p&typeid=i","cat":285158},{"id":45482,"n":"Brosse à dents Petit Dentamyl Multicoloris - 2-6 ans -  x3","p":2.06,"u":"0,69 €/P","img":"https://fd15-photos.leclercdrive.fr/image.ashx?id=1962444&use=l&cat=p&typeid=i","cat":288897},{"id":45483,"n":"Pastilles javel Clair Parfum Menthe x42 - 168g","p":2.04,"u":"12,14 €/KG","img":"https://fd15-photos.leclercdrive.fr/image.ashx?id=2631447&use=l&cat=p&typeid=i","cat":284661},{"id":45498,"n":"Sacs poubelle 30L Elembal Ultra resist - x20","p":3.75,"u":"0,19 €/P","img":"https://fd15-photos.leclercdrive.fr/image.ashx?id=2958729&use=l&cat=p&typeid=i","cat":285168},{"id":45499,"n":"Sacs poubelle 50L Elembal Ultra résist - x15","p":4.57,"u":"0,30 €/P","img":"https://fd15-photos.leclercdrive.fr/image.ashx?id=2958732&use=l&cat=p&typeid=i","cat":285168},{"id":45500,"n":"Sacs poubelle 100L Elembal Ultra résist - x10","p":3.8,"u":"0,38 €/P","img":"https://fd15-photos.leclercdrive.fr/image.ashx?id=2958735&use=l&cat=p&typeid=i","cat":285168},{"id":45575,"n":"Fromage raclette Les Croisés Nature et 3 poivres - 400g","p":5.15,"u":"12,88 €/KG","img":"https://fd15-photos.leclercdrive.fr/image.ashx?id=2793227&use=l&cat=p&typeid=i","cat":314037},{"id":45604,"n":"Oignon jaune  5kg","p":5.49,"u":"1,10 €/KG","img":"https://fd15-photos.leclercdrive.fr/image.ashx?id=1632647&use=l&cat=p&typeid=i","cat":284352},{"id":45636,"n":"Bouquet garni Ducros Epices à la provençale - 18g","p":1.95,"u":"108,33 €/KG","img":"https://fd15-photos.leclercdrive.fr/image.ashx?id=1715377&use=l&cat=p&typeid=i","cat":298297},{"id":45642,"n":"Ratatouille Cuisinée Cassegrain à la Provençale 185g","p":3.52,"u":"19,03 €/KG","img":"https://fd15-photos.leclercdrive.fr/image.ashx?id=2913007&use=l&cat=p&typeid=i","cat":312612},{"id":45644,"n":"Recharge SpaWax Expert Veet Figue Sucrée et Lys Violet x6","p":10.35,"u":"69,00 €/KG","img":"https://fd15-photos.leclercdrive.fr/image.ashx?id=2854351&use=l&cat=p&typeid=i","cat":325351},{"id":45671,"n":"Chips Bret's Chèvre/piment d'espelette -125g","p":2.25,"u":"18,00 €/KG","img":"https://fd15-photos.leclercdrive.fr/image.ashx?id=1941593&use=l&cat=p&typeid=i","cat":284447},{"id":45673,"n":"Crackers Tuc Original - 3x100g","p":4.19,"u":"13,97 €/KG","img":"https://fd15-photos.leclercdrive.fr/image.ashx?id=2961260&use=l&cat=p&typeid=i","cat":297000},{"id":45708,"n":"Yaourt à boire Mini Yop Aromatisé Fraise - 8x100g","p":3.4,"u":"4,25 €/KG","img":"https://fd15-photos.leclercdrive.fr/image.ashx?id=2985159&use=l&cat=p&typeid=i","cat":284415},{"id":45712,"n":"Emmental râpé fondant Président 500g","p":6.54,"u":"13,08 €/KG","img":"https://fd15-photos.leclercdrive.fr/image.ashx?id=2489464&use=l&cat=p&typeid=i","cat":314035},{"id":45715,"n":"Mimolette Isigny Ste Mère Demi-vieille - 210g","p":3.95,"u":"18,81 €/KG","img":"https://fd15-photos.leclercdrive.fr/image.ashx?id=1745234&use=l&cat=p&typeid=i","cat":314034},{"id":45750,"n":"Couette unie Microstop Tissaia Anti-acariens - 140x200cm","p":39.9,"img":"https://fd15-photos.leclercdrive.fr/image.ashx?id=2648430&use=l&cat=p&typeid=i","cat":288835},{"id":45805,"n":"Emincé de thon Rondes des Mers Fumé - 100g","p":5.99,"u":"59,90 €/KG","img":"https://fd15-photos.leclercdrive.fr/image.ashx?id=2381435&use=l&cat=p&typeid=i","cat":285188},{"id":45867,"n":"Crème dessert Mont Blanc Coupelles Chocolat - 4x125g","p":6.25,"u":"12,50 €/KG","img":"https://fd15-photos.leclercdrive.fr/image.ashx?id=2961104&use=l&cat=p&typeid=i","cat":284506},{"id":45868,"n":"Crème dessert Mont Blanc Coupelles Vanille - 4x125g","p":5.85,"u":"11,70 €/KG","img":"https://fd15-photos.leclercdrive.fr/image.ashx?id=2967301&use=l&cat=p&typeid=i","cat":284506},{"id":45870,"n":"Vinaigre ménager Clair 100% naturel - 1L","p":1.31,"u":"1,31 €/L","img":"https://fd15-photos.leclercdrive.fr/image.ashx?id=2779199&use=l&cat=p&typeid=i","cat":325365},{"id":45889,"n":"Nouilles Chinoises aux légumes Tradition d'Asie - 400g","p":9.49,"u":"23,73 €/KG","img":"https://fd15-photos.leclercdrive.fr/image.ashx?id=2504467&use=l&cat=p&typeid=i","cat":333673},{"id":45908,"n":"Biscuits fourrés Prince Chocolat - 3x300g","p":6.99,"u":"7,77 €/KG","img":"https://fd15-photos.leclercdrive.fr/image.ashx?id=3014641&use=l&cat=p&typeid=i","cat":284488},{"id":45910,"n":"Thon entier Petit Navire Huile de tournesol 3x160g","p":10.46,"u":"65,38 €/KG","img":"https://fd15-photos.leclercdrive.fr/image.ashx?id=2543987&use=l&cat=p&typeid=i","cat":303867},{"id":45914,"n":"Caramel beurre salé NRT De Guérande -200g","p":3.7,"u":"18,50 €/KG","img":"https://fd15-photos.leclercdrive.fr/image.ashx?id=2771408&use=l&cat=p&typeid=i","cat":284481},{"id":45923,"n":"Pur jus d'orange Bio Village Bio avec pulpe - 1L","p":4.89,"u":"4,89 €/L","img":"https://fd15-photos.leclercdrive.fr/image.ashx?id=2901542&use=l&cat=p&typeid=i","cat":284521},{"id":45965,"n":"Saucisses Knacki Herta Poulet x6 - 210g","p":2.35,"u":"11,19 €/KG","img":"https://fd15-photos.leclercdrive.fr/image.ashx?id=2290428&use=l&cat=p&typeid=i","cat":316012},{"id":46006,"n":"AOP Jurançon vin blanc Moelleux Terrasses d'Autan-75cl","p":12.72,"u":"16,96 €/L","img":"https://fd15-photos.leclercdrive.fr/image.ashx?id=2774859&use=l&cat=p&typeid=i","cat":289557},{"id":46016,"n":"Chocolat Pâtissier Tablette dOr Chocolat Noir - 3x200g","p":8.05,"u":"13,42 €/KG","img":"https://fd15-photos.leclercdrive.fr/image.ashx?id=2958519&use=l&cat=p&typeid=i","cat":285562},{"id":46043,"n":"Barre 2 chocolats Gerlinéa  Repas minceur x10, 310g","p":11.69,"u":"37,71 €/KG","img":"https://fd15-photos.leclercdrive.fr/image.ashx?id=2638181&use=l&cat=p&typeid=i","cat":318652},{"id":46049,"n":"Pulpe de tomate Jardin Bio Bio - 500g","p":2.62,"u":"5,24 €/L","img":"https://fd15-photos.leclercdrive.fr/image.ashx?id=2535031&use=l&cat=p&typeid=i","cat":288384},{"id":46051,"n":"Menus chat Tous mes amis Viande menus gourmands 24x100g","p":8.95,"u":"3,73 €/KG","img":"https://fd15-photos.leclercdrive.fr/image.ashx?id=2027607&use=l&cat=p&typeid=i","cat":285286},{"id":46052,"n":"Gelée pour chat Tous mes amis Poisson menus gourmands 24x100g","p":10.49,"u":"4,37 €/KG","img":"https://fd15-photos.leclercdrive.fr/image.ashx?id=2027604&use=l&cat=p&typeid=i","cat":285286},{"id":46098,"n":"Biscuits chocolat Prince Lu 6x300g","p":11.99,"u":"6,66 €/KG","img":"https://fd15-photos.leclercdrive.fr/image.ashx?id=2737165&use=l&cat=p&typeid=i","cat":284488},{"id":46156,"n":"Thon mariné Petit Navire Basilic - 2x110g","p":8.46,"u":"38,45 €/KG","img":"https://fd15-photos.leclercdrive.fr/image.ashx?id=2522551&use=l&cat=p&typeid=i","cat":303867},{"id":46166,"n":"Crackers bio Bio Village 3 graines - 200g","p":3.89,"u":"19,45 €/KG","img":"https://fd15-photos.leclercdrive.fr/image.ashx?id=2310504&use=l&cat=p&typeid=i","cat":297000},{"id":46224,"n":"Friandises chien Pedigree Récompense bœuf fromage - 140g","p":2.75,"u":"19,64 €/KG","img":"https://fd15-photos.leclercdrive.fr/image.ashx?id=2256203&use=l&cat=p&typeid=i","cat":294527},{"id":46381,"n":"Fromage Emmenta Les Croisés En dés - 150g","p":2.0,"u":"13,33 €/KG","img":"https://fd15-photos.leclercdrive.fr/image.ashx?id=2422550&use=l&cat=p&typeid=i","cat":314027},{"id":46433,"n":"Poivrons Tradizioni D'italia  Grillés/huile d'olive - 280g","p":5.3,"u":"18,93 €/KG","img":"https://fd15-photos.leclercdrive.fr/image.ashx?id=2840046&use=l&cat=p&typeid=i","cat":312608},{"id":46454,"n":"Monster Munch Jambon/fromage - 135g","p":3.39,"u":"25,11 €/KG","img":"https://fd15-photos.leclercdrive.fr/image.ashx?id=2917468&use=l&cat=p&typeid=i","cat":284449},{"id":46455,"n":"Chips Bret's Nature lisse - 500g","p":5.83,"u":"11,66 €/KG","img":"https://fd15-photos.leclercdrive.fr/image.ashx?id=2282625&use=l&cat=p&typeid=i","cat":284447},{"id":46456,"n":"Clafoutis Délisse Abricot - 4x85g","p":3.69,"u":"10,85 €/KG","img":"https://fd15-photos.leclercdrive.fr/image.ashx?id=2905228&use=l&cat=p&typeid=i","cat":284419},{"id":46462,"n":"Mini coudes Turini 500g","p":1.15,"u":"2,30 €/KG","img":"https://fd15-photos.leclercdrive.fr/image.ashx?id=2607566&use=l&cat=p&typeid=i","cat":284427},{"id":46471,"n":"IGP Pâte Garofalo  Linguine - 500g","p":1.93,"u":"3,86 €/KG","img":"https://fd15-photos.leclercdrive.fr/image.ashx?id=3005347&use=l&cat=p&typeid=i","cat":284427},{"id":46473,"n":"Rhum blanc Trois Rivières 40% vol - 70cl","p":11.6,"u":"16,57 €/L","img":"https://fd15-photos.leclercdrive.fr/image.ashx?id=2766334&use=l&cat=p&typeid=i","cat":284550},{"id":46525,"n":"Brosse à dents pro Dentamyl Souple x1","p":0.95,"img":"https://fd15-photos.leclercdrive.fr/image.ashx?id=2790985&use=l&cat=p&typeid=i","cat":284614},{"id":46540,"n":"Croquette chat stérilisé Ultima Poulet - Sénior +10 ans - 1.5kg","p":14.31,"u":"9,54 €/KG","img":"https://fd15-photos.leclercdrive.fr/image.ashx?id=2922227&use=l&cat=p&typeid=i","cat":284680},{"id":46542,"n":"Croquettes petits chien Ultima  Poulet - Bulldog - 1.5kg","p":11.72,"u":"7,81 €/KG","img":"https://fd15-photos.leclercdrive.fr/image.ashx?id=2924869&use=l&cat=p&typeid=i","cat":294526},{"id":46543,"n":"Croquettes chats Ultima Truites, Riz, Céréales - 400g","p":5.09,"u":"12,73 €/KG","img":"https://fd15-photos.leclercdrive.fr/image.ashx?id=1569973&use=l&cat=p&typeid=i","cat":284680},{"id":46545,"n":"Croquettes chiens adulte Ultima Medium/maxi - poulet - 2kg","p":13.99,"u":"7,00 €/KG","img":"https://fd15-photos.leclercdrive.fr/image.ashx?id=2902181&use=l&cat=p&typeid=i","cat":284672},{"id":46547,"n":"Croquette chat stérilisé Ultima  Truite - Sensible - 1.5kg","p":14.66,"u":"9,77 €/KG","img":"https://fd15-photos.leclercdrive.fr/image.ashx?id=2937436&use=l&cat=p&typeid=i","cat":284680},{"id":46654,"n":"Bière blonde La Chouffe 33cl","p":3.99,"u":"12,09 €/L","img":"https://fd15-photos.leclercdrive.fr/image.ashx?id=2877073&use=l&cat=p&typeid=i","cat":334872},{"id":46655,"n":"Bière Grand cru St Feuillien Blonde - 9.5%vol. - 75cl","p":12.35,"u":"16,47 €/L","img":"https://fd15-photos.leclercdrive.fr/image.ashx?id=2680362&use=l&cat=p&typeid=i","cat":334872},{"id":46703,"n":"Spray désodorisant Airwick  Pure Douceur de Coton - 250ml","p":5.15,"u":"20,60 €/L","img":"https://fd15-photos.leclercdrive.fr/image.ashx?id=2858600&use=l&cat=p&typeid=i","cat":311626},{"id":46766,"n":"Saucisson nougat Montelimar - 250g","p":10.45,"u":"41,80 €/KG","img":"https://fd15-photos.leclercdrive.fr/image.ashx?id=2489368&use=l&cat=p&typeid=i","cat":327605},{"id":46848,"n":"Emmental Président Sel réduit 30% - 200g","p":3.23,"u":"16,15 €/KG","img":"https://fd15-photos.leclercdrive.fr/image.ashx?id=2833363&use=l&cat=p&typeid=i","cat":314034},{"id":46875,"n":"Crème dessert Mont Blanc Coupelles Caramel - 4x125g","p":5.85,"u":"11,70 €/KG","img":"https://fd15-photos.leclercdrive.fr/image.ashx?id=3011002&use=l&cat=p&typeid=i","cat":284506},{"id":46979,"n":"Biscotte bretonne heudebert Au sel de  guérande - 290g","p":3.59,"u":"12,38 €/KG","img":"https://fd15-photos.leclercdrive.fr/image.ashx?id=3002243&use=l&cat=p&typeid=i","cat":284479},{"id":46982,"n":"Cookies gros éclats Granola Chocolat - 276g","p":4.41,"u":"15,98 €/KG","img":"https://fd15-photos.leclercdrive.fr/image.ashx?id=3005335&use=l&cat=p&typeid=i","cat":325066},{"id":46984,"n":"Café et Chicorée Soluble Ricoré  Original Recharge - 180g","p":5.85,"u":"32,50 €/KG","img":"https://fd15-photos.leclercdrive.fr/image.ashx?id=2980112&use=l&cat=p&typeid=i","cat":284843},{"id":46990,"n":"Chocolat en poudre Nestlé Boîte - 500g","p":6.1,"u":"12,20 €/KG","img":"https://fd15-photos.leclercdrive.fr/image.ashx?id=2817335&use=l&cat=p&typeid=i","cat":293235},{"id":47039,"n":"Bière aromatisée Cubanisto 5,9% - 3x33cl","p":6.25,"u":"6,31 €/L","img":"https://fd15-photos.leclercdrive.fr/image.ashx?id=2603474&use=l&cat=p&typeid=i","cat":334878},{"id":47127,"n":"Bière Red Desperados 5.9%vol. - 6x33cl","p":13.35,"u":"6,74 €/L","img":"https://fd15-photos.leclercdrive.fr/image.ashx?id=2766229&use=l&cat=p&typeid=i","cat":334878},{"id":47169,"n":"Sacs poubelle 10L Elembal Salle de bain - x20","p":1.29,"u":"0,06 €/P","img":"https://fd15-photos.leclercdrive.fr/image.ashx?id=2793239&use=l&cat=p&typeid=i","cat":285168},{"id":47176,"n":"Déodorant Spray Femme Nivea Black&White Original - 200ml","p":4.69,"u":"23,45 €/L","img":"https://fd15-photos.leclercdrive.fr/image.ashx?id=2980031&use=l&cat=p&typeid=i","cat":284595},{"id":47180,"n":"Gel douche enfant Tahiti Fruits exotiques - 300ml","p":2.81,"u":"9,37 €/L","img":"https://fd15-photos.leclercdrive.fr/image.ashx?id=2687332&use=l&cat=p&typeid=i","cat":284594},{"id":47181,"n":"Essuie-tout compact 3=9 Eco+ x3","p":4.75,"u":"1,58 €/P","img":"https://fd15-photos.leclercdrive.fr/image.ashx?id=2401879&use=l&cat=p&typeid=i","cat":284635},{"id":47254,"n":"Pâtes Coudes Rayés Turini 1kg","p":2.62,"u":"2,62 €/KG","img":"https://fd15-photos.leclercdrive.fr/image.ashx?id=2980812&use=l&cat=p&typeid=i","cat":284427},{"id":47255,"n":"Pâtes linguine Turini  500g","p":1.15,"u":"2,30 €/KG","img":"https://fd15-photos.leclercdrive.fr/image.ashx?id=2607554&use=l&cat=p&typeid=i","cat":284427},{"id":47256,"n":"Pâtes Farfalles Turini  1kg","p":2.28,"u":"2,28 €/KG","img":"https://fd15-photos.leclercdrive.fr/image.ashx?id=2665574&use=l&cat=p&typeid=i","cat":284427},{"id":47257,"n":"Pâtes Spaghettoni Turini  500g","p":1.28,"u":"2,56 €/KG","img":"https://fd15-photos.leclercdrive.fr/image.ashx?id=2607557&use=l&cat=p&typeid=i","cat":284427},{"id":47258,"n":"Pâtes coquillettes Turini Blé complet  - 500g","p":1.58,"u":"3,16 €/KG","img":"https://fd15-photos.leclercdrive.fr/image.ashx?id=2607563&use=l&cat=p&typeid=i","cat":284427},{"id":47259,"n":"Pistaches Tokapi  Grillées à sec - 75g","p":1.79,"u":"23,87 €/KG","img":"https://fd15-photos.leclercdrive.fr/image.ashx?id=2795571&use=l&cat=p&typeid=i","cat":284448},{"id":47275,"n":"Piles lithium CR2016 Energizer Miniature blister - x2","p":3.99,"u":"2,00 €/P","img":"https://fd15-photos.leclercdrive.fr/image.ashx?id=1749551&use=l&cat=p&typeid=i","cat":300572},{"id":47280,"n":"Piles Energizer - AA/LR6 Rechargeables - x4","p":12.99,"img":"https://fd15-photos.leclercdrive.fr/image.ashx?id=2748632&use=l&cat=p&typeid=i","cat":300572},{"id":47281,"n":"Piles rechargeables Energizer Power plus AAA/LR3 - x4 piles","p":12.99,"u":"3,25 €/P","img":"https://fd15-photos.leclercdrive.fr/image.ashx?id=2748629&use=l&cat=p&typeid=i","cat":300572},{"id":47288,"n":"Boitier Energizer Métal gris et bleu , piles","p":8.99,"img":"https://fd15-photos.leclercdrive.fr/image.ashx?id=1781939&use=l&cat=p&typeid=i","cat":300572},{"id":47290,"n":"Piles Energizer lr44/A76 - x4","p":2.99,"img":"https://fd15-photos.leclercdrive.fr/image.ashx?id=2024972&use=l&cat=p&typeid=i","cat":300572},{"id":47360,"n":"Fromage à tartiner Madame Loïk Fouetté Ail Fines Herbes - 150g","p":2.79,"u":"18,60 €/KG","img":"https://fd15-photos.leclercdrive.fr/image.ashx?id=2948021&use=l&cat=p&typeid=i","cat":314029},{"id":47361,"n":"Bûche de chèvre Président 250g","p":5.09,"u":"20,36 €/KG","img":"https://fd15-photos.leclercdrive.fr/image.ashx?id=2446647&use=l&cat=p&typeid=i","cat":314031},{"id":47389,"n":"AOP Bordeaux rouge Bio Nos racines - 75cl","p":11.25,"u":"15,00 €/L","img":"https://fd15-photos.leclercdrive.fr/image.ashx?id=2544452&use=l&cat=p&typeid=i","cat":289556},{"id":47446,"n":"Pâté Périgourdin Nos Régions ont du Talent 180g","p":7.59,"u":"42,17 €/KG","img":"https://fd15-photos.leclercdrive.fr/image.ashx?id=2560515&use=l&cat=p&typeid=i","cat":305149},{"id":47470,"n":"Bouillon de poule Knorr x15 - 150g","p":1.79,"pp":1.43,"u":"9,53 €/KG","img":"https://fd15-photos.leclercdrive.fr/image.ashx?id=2940678&use=l&cat=p&typeid=i","cat":288379},{"id":47472,"n":"Bouillon herbe Knorr Huile d'olive puget x15 - 150g","p":1.79,"pp":1.43,"u":"9,53 €/KG","img":"https://fd15-photos.leclercdrive.fr/image.ashx?id=2940681&use=l&cat=p&typeid=i","cat":288379},{"id":47493,"n":"Tablette chocolat au lait Milka Morceaux de Oreo -  3x100g","p":5.99,"u":"19,97 €/KG","img":"https://fd15-photos.leclercdrive.fr/image.ashx?id=2617081&use=l&cat=p&typeid=i","cat":284497},{"id":47494,"n":"Tablette chocolat au lait Milka Eclats de caramel Daim - 3x100g","p":5.99,"u":"19,97 €/KG","img":"https://fd15-photos.leclercdrive.fr/image.ashx?id=2617084&use=l&cat=p&typeid=i","cat":284497},{"id":47528,"n":"Vin mousseux J.P Chenet Blanc 11%vol - 75cl","p":7.25,"u":"9,67 €/L","img":"https://fd15-photos.leclercdrive.fr/image.ashx?id=2794469&use=l&cat=p&typeid=i","cat":284544},{"id":47529,"n":"Vin mousseux de France Rosé J.P Chenet 11%vol - 75cl","p":7.25,"u":"9,67 €/L","img":"https://fd15-photos.leclercdrive.fr/image.ashx?id=2794472&use=l&cat=p&typeid=i","cat":284544},{"id":47535,"n":"Thé vert Twinings Gunpowder Vrac- 200g","p":7.55,"u":"37,75 €/KG","img":"https://fd15-photos.leclercdrive.fr/image.ashx?id=2950726&use=l&cat=p&typeid=i","cat":293233},{"id":47542,"n":"Starmint Haribo Sachet bonbons menthe - 200g","p":3.59,"u":"17,95 €/KG","img":"https://fd15-photos.leclercdrive.fr/image.ashx?id=2984889&use=l&cat=p&typeid=i","cat":304252},{"id":47543,"n":"Sucettes Chupa Chups Au fruits, sachet - 192g","p":4.2,"u":"21,88 €/KG","img":"https://fd15-photos.leclercdrive.fr/image.ashx?id=2647651&use=l&cat=p&typeid=i","cat":304252},{"id":47563,"n":"Macédoine de Légumes Bonduelle 265g","p":1.59,"u":"6,00 €/KG","img":"https://fd15-photos.leclercdrive.fr/image.ashx?id=2910007&use=l&cat=p&typeid=i","cat":312612},{"id":47578,"n":"Yaourt de brebis Petit Basque Châtaignes - 2x125g","p":2.55,"u":"10,20 €/KG","img":"https://fd15-photos.leclercdrive.fr/image.ashx?id=2848839&use=l&cat=p&typeid=i","cat":314998},{"id":47588,"n":"Boisson Sunny Delight Multivitamines - 2x1,25L","p":7.2,"u":"2,88 €/L","img":"https://fd15-photos.leclercdrive.fr/image.ashx?id=2837778&use=l&cat=p&typeid=i","cat":285435},{"id":47592,"n":"Crêpe fourrée Whaou Cracky choco x8 - 256g","p":2.99,"u":"11,68 €/KG","img":"https://fd15-photos.leclercdrive.fr/image.ashx?id=2971029&use=l&cat=p&typeid=i","cat":284494},{"id":47593,"n":"Yaourts Mamie Nova Chocolat - 2x150g","p":2.49,"u":"8,30 €/KG","img":"https://fd15-photos.leclercdrive.fr/image.ashx?id=2909029&use=l&cat=p&typeid=i","cat":285041},{"id":47594,"n":"Yaourts Mamie Nova  Café - 2x150g","p":2.75,"u":"9,17 €/KG","img":"https://fd15-photos.leclercdrive.fr/image.ashx?id=2909035&use=l&cat=p&typeid=i","cat":285041},{"id":47612,"n":"Appizzi Pizza pockets Jambon Fromage Goodfella's - 250g","p":4.89,"u":"19,56 €/KG","img":"https://fd15-photos.leclercdrive.fr/image.ashx?id=2654896&use=l&cat=p&typeid=i","cat":319776},{"id":47646,"n":"Pâtes Macaroni Panzani  3 Minutes - 500G","p":1.85,"u":"3,70 €/KG","img":"https://fd15-photos.leclercdrive.fr/image.ashx?id=2896081&use=l&cat=p&typeid=i","cat":284427},{"id":47648,"n":"Filets de maquereaux Saupiquet Vin blanc et aromates - 176g","p":3.75,"u":"21,31 €/KG","img":"https://fd15-photos.leclercdrive.fr/image.ashx?id=2829967&use=l&cat=p&typeid=i","cat":303868},{"id":47651,"n":"Huile d'olive bio Soleou Vierge extra caractère - 75cl","p":16.35,"u":"21,80 €/L","img":"https://fd15-photos.leclercdrive.fr/image.ashx?id=2549654&use=l&cat=p&typeid=i","cat":284453},{"id":47658,"n":"Bâtonnets  Dentastix Pedigree Petit chien x56 - 880g","p":17.63,"u":"20,03 €/KG","img":"https://fd15-photos.leclercdrive.fr/image.ashx?id=2937787&use=l&cat=p&typeid=i","cat":294527},{"id":47667,"n":"Pâtes Penne Rigate Panzani 3 Minutes - 500G","p":2.0,"u":"4,00 €/KG","img":"https://fd15-photos.leclercdrive.fr/image.ashx?id=2896087&use=l&cat=p&typeid=i","cat":284427},{"id":47668,"n":"Pâtes Spaghetti Panzani Prêt en 3 min - 1kg","p":3.55,"u":"3,55 €/KG","img":"https://fd15-photos.leclercdrive.fr/image.ashx?id=2896102&use=l&cat=p&typeid=i","cat":284427},{"id":47681,"n":"Sauce pizza Turini aux tomates et origan - 390g","p":1.27,"u":"3,26 €/KG","img":"https://fd15-photos.leclercdrive.fr/image.ashx?id=2412025&use=l&cat=p&typeid=i","cat":288384},{"id":47687,"n":"IGP Sables de Camargue rosé Bio Les Embruns 12% vol - 75cl","p":9.95,"u":"13,27 €/L","img":"https://fd15-photos.leclercdrive.fr/image.ashx?id=2260698&use=l&cat=p&typeid=i","cat":289558},{"id":47690,"n":"IGP Pays d'Oc Vin rouge Bio Autrement - Bag in Box 3L 13,5%","p":42.63,"u":"14,21 €/L","img":"https://fd15-photos.leclercdrive.fr/image.ashx?id=2689916&use=l&cat=p&typeid=i","cat":289560},{"id":47693,"n":"AOP Saint-Émilion vin rouge Chantet Blanet - 75cl","p":16.05,"u":"21,40 €/L","img":"https://fd15-photos.leclercdrive.fr/image.ashx?id=2677116&use=l&cat=p&typeid=i","cat":289556},{"id":47694,"n":"AOC Sauternes vin blanc Chantet Blanet - 75cl","p":19.59,"u":"26,12 €/L","img":"https://fd15-photos.leclercdrive.fr/image.ashx?id=2671061&use=l&cat=p&typeid=i","cat":289557},{"id":47698,"n":"AOC Madiran vin rouge  Terrasses d'Autan - 75cl","p":7.77,"u":"10,36 €/L","img":"https://fd15-photos.leclercdrive.fr/image.ashx?id=2800270&use=l&cat=p&typeid=i","cat":289556},{"id":47711,"n":"Beurre Bridel Doux - 60% MG - 250g","p":3.1,"u":"12,40 €/KG","img":"https://fd15-photos.leclercdrive.fr/image.ashx?id=2788490&use=l&cat=p&typeid=i","cat":284379},{"id":47725,"n":"Bière blonde Lime Desperados 3%vol. - 3x33cl","p":6.85,"u":"6,92 €/L","img":"https://fd15-photos.leclercdrive.fr/image.ashx?id=2655868&use=l&cat=p&typeid=i","cat":334878},{"id":47726,"n":"Bière Red Desperados 5.9%vol. - 3x33cl","p":6.85,"u":"6,92 €/L","img":"https://fd15-photos.leclercdrive.fr/image.ashx?id=2918640&use=l&cat=p&typeid=i","cat":334878},{"id":47734,"n":"Huile spécial fondue Cauvin 1L","p":10.15,"u":"10,15 €/L","img":"https://fd15-photos.leclercdrive.fr/image.ashx?id=2484218&use=l&cat=p&typeid=i","cat":284453},{"id":47742,"n":"Lait nuage de lait Régilait Non sucré entier - 10x14g","p":0.95,"u":"6,79 €/KG","img":"https://fd15-photos.leclercdrive.fr/image.ashx?id=2018649&use=l&cat=p&typeid=i","cat":299162},{"id":47772,"n":"Chips Lay's Saveur cheeseburger - 120g","p":2.28,"u":"19,00 €/KG","img":"https://fd15-photos.leclercdrive.fr/image.ashx?id=3011134&use=l&cat=p&typeid=i","cat":284447},{"id":47792,"n":"Perail NRT Fromage de brebis - 150g","p":3.99,"u":"26,60 €/KG","img":"https://fd15-photos.leclercdrive.fr/image.ashx?id=2780722&use=l&cat=p&typeid=i","cat":314031},{"id":47795,"n":"Papier toilette humide Lotus Aloe Douceur - x42 feuilles","p":3.17,"u":"0,08 €/P","img":"https://fd15-photos.leclercdrive.fr/image.ashx?id=2864840&use=l&cat=p&typeid=i","cat":284634},{"id":47841,"n":"Crème glacée l'Angélys Café - 450g","p":6.32,"u":"14,04 €/KG","img":"https://fd15-photos.leclercdrive.fr/image.ashx?id=2963568&use=l&cat=p&typeid=i","cat":284263},{"id":47842,"n":"Crème glacée L'Angélys Rhum Raisins - 500g","p":6.32,"u":"12,64 €/KG","img":"https://fd15-photos.leclercdrive.fr/image.ashx?id=2963577&use=l&cat=p&typeid=i","cat":284263},{"id":47843,"n":"Cordon bleu poulet Maître Coq 1kg","p":9.5,"u":"9,50 €/KG","img":"https://fd15-photos.leclercdrive.fr/image.ashx?id=2939475&use=l&cat=p&typeid=i","cat":319780},{"id":47869,"n":"IGP Atlantique Merlot Vin rouge Honoré de Berticot - 75cl","p":6.89,"u":"9,19 €/L","img":"https://fd15-photos.leclercdrive.fr/image.ashx?id=1882259&use=l&cat=p&typeid=i","cat":289556},{"id":47927,"n":"Blinis Cocktail Blini x16 - 135g","p":2.59,"u":"19,19 €/KG","img":"https://fd15-photos.leclercdrive.fr/image.ashx?id=2947952&use=l&cat=p&typeid=i","cat":285191},{"id":47936,"n":"Saumon fumé de  l'atlantique   200g","p":9.95,"u":"49,75 €/KG","img":"https://fd15-photos.leclercdrive.fr/image.ashx?id=2506137&use=l&cat=p&typeid=i","cat":285188},{"id":47983,"n":"AOP Crémant Alsace Arthur Metz Blanc Demi-sec millésimé - 75cl","p":12.6,"u":"16,80 €/L","img":"https://fd15-photos.leclercdrive.fr/image.ashx?id=2432100&use=l&cat=p&typeid=i","cat":284544},{"id":48007,"n":"Vin mousseux de France Kriter blanc Demi-sec - 75cl","p":10.21,"u":"13,61 €/L","img":"https://fd15-photos.leclercdrive.fr/image.ashx?id=2840871&use=l&cat=p&typeid=i","cat":284544},{"id":48030,"n":"Bâtonnets surimi Fleury Michon  Fromage et herbes MSC x16 -256g","p":4.99,"u":"19,49 €/KG","img":"https://fd15-photos.leclercdrive.fr/image.ashx?id=2936944&use=l&cat=p&typeid=i","cat":285189},{"id":48032,"n":"Vodka Belvedere Poland 40%vol - 70cl","p":55.25,"u":"78,93 €/L","img":"https://fd15-photos.leclercdrive.fr/image.ashx?id=2120848&use=l&cat=p&typeid=i","cat":284550},{"id":48055,"n":"Hachis parmentier Marie  1kg","p":8.99,"u":"8,99 €/KG","img":"https://fd15-photos.leclercdrive.fr/image.ashx?id=2993385&use=l&cat=p&typeid=i","cat":284254},{"id":48079,"n":"Vinaigre de Cidre MAILLE au jus de pomme concentré 50cl","p":3.59,"u":"7,18 €/L","img":"https://fd15-photos.leclercdrive.fr/image.ashx?id=2945421&use=l&cat=p&typeid=i","cat":298543},{"id":48106,"n":"Thon vapeur Petit Navire 130g","p":3.3,"u":"25,38 €/KG","img":"https://fd15-photos.leclercdrive.fr/image.ashx?id=2536918&use=l&cat=p&typeid=i","cat":303867},{"id":48107,"n":"Thon mariné Petit Navire Citron/thym - 110g","p":3.1,"u":"28,18 €/KG","img":"https://fd15-photos.leclercdrive.fr/image.ashx?id=2986122&use=l&cat=p&typeid=i","cat":303867},{"id":48113,"n":"Thym Ducros Flacon - 14g","p":2.05,"u":"146,43 €/KG","img":"https://fd15-photos.leclercdrive.fr/image.ashx?id=2983210&use=l&cat=p&typeid=i","cat":298297},{"id":48114,"n":"Persil Ducros 5g","p":1.65,"u":"330,00 €/KG","img":"https://fd15-photos.leclercdrive.fr/image.ashx?id=2490503&use=l&cat=p&typeid=i","cat":298297},{"id":48115,"n":"Huile fondue Soleou Bourguignonne - 1L","p":5.25,"u":"5,25 €/L","img":"https://fd15-photos.leclercdrive.fr/image.ashx?id=2564710&use=l&cat=p&typeid=i","cat":284453},{"id":48164,"n":"Barres céréales Extra Kellogg's Chocolat et Amande - 4x32g","p":5.36,"u":"41,88 €/KG","img":"https://fd15-photos.leclercdrive.fr/image.ashx?id=2736601&use=l&cat=p&typeid=i","cat":285869},{"id":48167,"n":"Dosettes café Plantation  Doux - x36 - 250g","p":5.89,"u":"23,56 €/KG","img":"https://fd15-photos.leclercdrive.fr/image.ashx?id=2622121&use=l&cat=p&typeid=i","cat":293238},{"id":48226,"n":"Petit Pois, Carotte Cassegrain Tendres et Fondants 130g","p":2.25,"u":"17,31 €/KG","img":"https://fd15-photos.leclercdrive.fr/image.ashx?id=2912977&use=l&cat=p&typeid=i","cat":312607},{"id":48258,"n":"Croquettes chat Ultima Stérilisé - Saumon - 3kg","p":25.21,"u":"8,40 €/KG","img":"https://fd15-photos.leclercdrive.fr/image.ashx?id=2922221&use=l&cat=p&typeid=i","cat":284680},{"id":48264,"n":"Porto Tawny Rozes 20% - 75cl","p":21.9,"u":"29,20 €/L","img":"https://fd15-photos.leclercdrive.fr/image.ashx?id=2248912&use=l&cat=p&typeid=i","cat":284913},{"id":48268,"n":"Gin Gordon's 37.5%vol - 70cl","p":25.7,"u":"36,71 €/L","img":"https://fd15-photos.leclercdrive.fr/image.ashx?id=2736388&use=l&cat=p&typeid=i","cat":284550},{"id":48272,"n":"Liqueur de menthe Get 31 24° - 70cl","p":19.8,"u":"28,29 €/L","img":"https://fd15-photos.leclercdrive.fr/image.ashx?id=2840497&use=l&cat=p&typeid=i","cat":286032},{"id":48306,"n":"IGP Pays d'Oc rosé Grenache Les Ormes de Cambras 11.5% 75cl","p":6.49,"u":"8,65 €/L","img":"https://fd15-photos.leclercdrive.fr/image.ashx?id=2285234&use=l&cat=p&typeid=i","cat":289558},{"id":48309,"n":"Bière aromatisée Skøll Vodka et agrumes - 3x33cl","p":5.9,"u":"5,96 €/L","img":"https://fd15-photos.leclercdrive.fr/image.ashx?id=2803556&use=l&cat=p&typeid=i","cat":334878},{"id":48310,"n":"Concentré à diluer Pulco Citron vert - 70cl","p":5.0,"u":"7,14 €/L","img":"https://fd15-photos.leclercdrive.fr/image.ashx?id=2686630&use=l&cat=p&typeid=i","cat":295020},{"id":48312,"n":"Eau minérale gazeuse Perrier  Fines bulles - 6x50cl","p":5.59,"u":"1,86 €/L","img":"https://fd15-photos.leclercdrive.fr/image.ashx?id=2737021&use=l&cat=p&typeid=i","cat":284536},{"id":48314,"n":"Spécialité laitière Délisse Oncteux Stracciatella - 4x120g","p":2.3,"u":"4,79 €/KG","img":"https://fd15-photos.leclercdrive.fr/image.ashx?id=2554834&use=l&cat=p&typeid=i","cat":314999},{"id":48315,"n":"Riz au lait Délisse Sur lit de caramel - 4x115g","p":2.15,"u":"4,67 €/KG","img":"https://fd15-photos.leclercdrive.fr/image.ashx?id=2595110&use=l&cat=p&typeid=i","cat":284418},{"id":48339,"n":"Chocolat au lait Lindt  Praliné Noisette - 100g","p":3.49,"u":"34,90 €/KG","img":"https://fd15-photos.leclercdrive.fr/image.ashx?id=2751321&use=l&cat=p&typeid=i","cat":284497},{"id":48352,"n":"Tablette de chocolat noir Lindt Orange intense - 100g","p":3.28,"u":"32,80 €/KG","img":"https://fd15-photos.leclercdrive.fr/image.ashx?id=2689496&use=l&cat=p&typeid=i","cat":284956},{"id":48353,"n":"Tablette de chocolat noir Lindt 70% cacao - 100g","p":3.12,"u":"31,20 €/KG","img":"https://fd15-photos.leclercdrive.fr/image.ashx?id=2681592&use=l&cat=p&typeid=i","cat":284956},{"id":48354,"n":"Tablette de chocolat noir Lindt 85% cacao - 100g","p":3.17,"u":"31,70 €/KG","img":"https://fd15-photos.leclercdrive.fr/image.ashx?id=2681589&use=l&cat=p&typeid=i","cat":284956},{"id":48355,"n":"Tablette de chocolat noir Lindt Caramel Pointe de sel - 100g","p":4.2,"u":"42,00 €/KG","img":"https://fd15-photos.leclercdrive.fr/image.ashx?id=2689493&use=l&cat=p&typeid=i","cat":284956},{"id":48373,"n":"Démélant Petit Manava Pour enfants, spray - 200ml","p":2.51,"u":"12,55 €/L","img":"https://fd15-photos.leclercdrive.fr/image.ashx?id=2713655&use=l&cat=p&typeid=i","cat":284608},{"id":48378,"n":"Café moulu Jacques Vabre Brésil 100% Arabica - 250g","p":6.65,"u":"26,60 €/KG","img":"https://fd15-photos.leclercdrive.fr/image.ashx?id=2100380&use=l&cat=p&typeid=i","cat":284750},{"id":48383,"n":"Gel Lubrifiant Massage 2 en 1 Durex Sensuel Ylang Ylang 200ml","p":12.9,"u":"64,50 €/L","img":"https://fd15-photos.leclercdrive.fr/image.ashx?id=2736562&use=l&cat=p&typeid=i","cat":285160},{"id":48420,"n":"AOC Pinot gris Vin blanc Wolfberger - 75cl","p":9.92,"u":"13,23 €/L","img":"https://fd15-photos.leclercdrive.fr/image.ashx?id=2843995&use=l&cat=p&typeid=i","cat":289557},{"id":48421,"n":"AOP Alsace Gewurztraminer blanc Wolfberger 13,5% - 75cl","p":17.69,"u":"23,59 €/L","img":"https://fd15-photos.leclercdrive.fr/image.ashx?id=2936368&use=l&cat=p&typeid=i","cat":289557},{"id":48485,"n":"Farine à gâteaux Francine 1kg","p":2.85,"u":"2,85 €/KG","img":"https://fd15-photos.leclercdrive.fr/image.ashx?id=1966511&use=l&cat=p&typeid=i","cat":284503},{"id":48508,"n":"Ketchup AMORA Flacon Souple - 550g","p":2.59,"u":"4,71 €/KG","img":"https://fd15-photos.leclercdrive.fr/image.ashx?id=2766649&use=l&cat=p&typeid=i","cat":284455},{"id":48515,"n":"Coriandre Ducros Moulue - 32g","p":2.1,"u":"65,63 €/KG","img":"https://fd15-photos.leclercdrive.fr/image.ashx?id=2490497&use=l&cat=p&typeid=i","cat":298297},{"id":48520,"n":"Epices Sainte Lucie Poulet tandoori - 30g","p":2.18,"u":"72,67 €/KG","img":"https://fd15-photos.leclercdrive.fr/image.ashx?id=1952045&use=l&cat=p&typeid=i","cat":298297},{"id":48521,"n":"Oignon semoule Sainte Lucie 40g","p":2.25,"u":"56,25 €/KG","img":"https://fd15-photos.leclercdrive.fr/image.ashx?id=2774415&use=l&cat=p&typeid=i","cat":298297},{"id":48523,"n":"Romarin Sainte Lucie Feuilles coupées - 32g","p":2.5,"u":"78,13 €/KG","img":"https://fd15-photos.leclercdrive.fr/image.ashx?id=2775092&use=l&cat=p&typeid=i","cat":298297},{"id":48525,"n":"Tomato Ketchup Heinz - 700g","p":3.77,"u":"5,39 €/KG","img":"https://fd15-photos.leclercdrive.fr/image.ashx?id=2729326&use=l&cat=p&typeid=i","cat":284455},{"id":48546,"n":"Goûter laitier Récré O'Lé  ChocoVanille, Caramel -12x85g","p":11.65,"u":"11,42 €/KG","img":"https://fd15-photos.leclercdrive.fr/image.ashx?id=3011611&use=l&cat=p&typeid=i","cat":284506},{"id":48595,"n":"Gourdes Bio bébé Hipp 4 variétés - 6 mois - 8x90g","p":13.49,"u":"18,74 €/KG","img":"https://fd15-photos.leclercdrive.fr/image.ashx?id=2904416&use=l&cat=p&typeid=i","cat":312393},{"id":48603,"n":"Farine de blé Francine 1,4kg","p":2.35,"u":"1,68 €/KG","img":"https://fd15-photos.leclercdrive.fr/image.ashx?id=2881308&use=l&cat=p&typeid=i","cat":284503},{"id":48604,"n":"Farine fluide Francine 1.4kg","p":2.49,"u":"1,78 €/KG","img":"https://fd15-photos.leclercdrive.fr/image.ashx?id=2881305&use=l&cat=p&typeid=i","cat":284503},{"id":48697,"n":"Sachet chat Purina One Sterillcat - 8x85g","p":6.99,"u":"10,28 €/KG","img":"https://fd15-photos.leclercdrive.fr/image.ashx?id=2899695&use=l&cat=p&typeid=i","cat":285286},{"id":48704,"n":"Boîte chat Whiskas Gelée du pêcheur - 4x390g","p":8.89,"u":"5,70 €/KG","img":"https://fd15-photos.leclercdrive.fr/image.ashx?id=2759622&use=l&cat=p&typeid=i","cat":285601},{"id":48715,"n":"Poires demi-fruits Eco+ Sirop léger - 455 g","p":2.55,"u":"5,60 €/KG","img":"https://fd15-photos.leclercdrive.fr/image.ashx?id=2084832&use=l&cat=p&typeid=i","cat":284507},{"id":48717,"n":"Barquettes chats Gourmet Gold Les mousselines - 24x85g","p":20.22,"u":"9,91 €/KG","img":"https://fd15-photos.leclercdrive.fr/image.ashx?id=2861500&use=l&cat=p&typeid=i","cat":285286},{"id":48721,"n":"Poêlée jardinière D'aucy  580g","p":3.77,"u":"6,50 €/KG","img":"https://fd15-photos.leclercdrive.fr/image.ashx?id=2582816&use=l&cat=p&typeid=i","cat":312612},{"id":48725,"n":"Légumes pour Couscous D'Aucy Orientale - 800g","p":3.25,"u":"4,06 €/KG","img":"https://fd15-photos.leclercdrive.fr/image.ashx?id=2577800&use=l&cat=p&typeid=i","cat":312612},{"id":48738,"n":"Sauce Andalouse Colona Tube - 500ml","p":3.43,"u":"6,86 €/L","img":"https://fd15-photos.leclercdrive.fr/image.ashx?id=2687170&use=l&cat=p&typeid=i","cat":318431},{"id":48744,"n":"Pulpe de  tomate Turini  Nature - 390g","p":1.83,"u":"4,69 €/KG","img":"https://fd15-photos.leclercdrive.fr/image.ashx?id=2181810&use=l&cat=p&typeid=i","cat":288384},{"id":48745,"n":"Chocolat Pâtissier Nestlé Dessert Lait - 170g","p":4.3,"u":"25,29 €/KG","img":"https://fd15-photos.leclercdrive.fr/image.ashx?id=2961242&use=l&cat=p&typeid=i","cat":285562},{"id":48807,"n":"Tartines bio Jardin Bio  Craquantes avoine - 150g","p":4.5,"u":"30,00 €/KG","img":"https://fd15-photos.leclercdrive.fr/image.ashx?id=2849187&use=l&cat=p&typeid=i","cat":318654},{"id":48813,"n":"Shampoing nutrition Dessange Cheveux Secs, Très Secs - 250ml","p":6.2,"u":"24,80 €/L","img":"https://fd15-photos.leclercdrive.fr/image.ashx?id=2435447&use=l&cat=p&typeid=i","cat":284606},{"id":48814,"n":"Soin Démêlant Dessange Nutri-Extrême - 200ml","p":6.89,"u":"34,45 €/L","img":"https://fd15-photos.leclercdrive.fr/image.ashx?id=2828070&use=l&cat=p&typeid=i","cat":284607},{"id":48817,"n":"Lait sucré Régilait Caramel beurre salé - 300g","p":3.95,"u":"13,17 €/KG","img":"https://fd15-photos.leclercdrive.fr/image.ashx?id=2018640&use=l&cat=p&typeid=i","cat":299162},{"id":48822,"n":"Friandises chat Catisfactions Saumon - 180g","p":5.55,"u":"30,83 €/KG","img":"https://fd15-photos.leclercdrive.fr/image.ashx?id=2912527&use=l&cat=p&typeid=i","cat":285285},{"id":48823,"n":"Haché Végétal bio Céréal Bio Façon Bolognaise au Soja 250g","p":3.9,"u":"15,60 €/KG","img":"https://fd15-photos.leclercdrive.fr/image.ashx?id=2575090&use=l&cat=p&typeid=i","cat":287600},{"id":48839,"n":"Lait concentré Régilait Non sucré, demi écrémé - 410g","p":1.99,"u":"4,85 €/KG","img":"https://fd15-photos.leclercdrive.fr/image.ashx?id=2405863&use=l&cat=p&typeid=i","cat":299162},{"id":48843,"n":"Préparation gâteau Nestlé Fondant chocolat - 317g","p":5.95,"u":"18,77 €/KG","img":"https://fd15-photos.leclercdrive.fr/image.ashx?id=2848379&use=l&cat=p&typeid=i","cat":284505},{"id":48844,"n":"Préparation gâteau Nestlé Moelleux chocolat - 344g","p":5.95,"u":"17,30 €/KG","img":"https://fd15-photos.leclercdrive.fr/image.ashx?id=2848376&use=l&cat=p&typeid=i","cat":284505},{"id":48854,"n":"Jus de carotte Le jardin Bio Origine France - 75cl","p":4.95,"u":"6,60 €/L","img":"https://fd15-photos.leclercdrive.fr/image.ashx?id=2743463&use=l&cat=p&typeid=i","cat":284523},{"id":48875,"n":"Décor pour gateaux Vahiné Spécial anniversaire - x1","p":1.8,"img":"https://fd15-photos.leclercdrive.fr/image.ashx?id=2833345&use=l&cat=p&typeid=i","cat":284504},{"id":48878,"n":"Jus Le Jardin Bio Pruneaux - 75cl","p":9.55,"u":"12,73 €/L","img":"https://fd15-photos.leclercdrive.fr/image.ashx?id=2669190&use=l&cat=p&typeid=i","cat":284915},{"id":48879,"n":"Purée de piment Tables du Monde - 100g","p":1.23,"u":"12,30 €/KG","img":"https://fd15-photos.leclercdrive.fr/image.ashx?id=2679744&use=l&cat=p&typeid=i","cat":288992},{"id":48900,"n":"Corned beef gelée Dolo 340g","p":4.25,"u":"12,50 €/KG","img":"https://fd15-photos.leclercdrive.fr/image.ashx?id=3008047&use=l&cat=p&typeid=i","cat":305149},{"id":48915,"n":"Sauce Arôme Maggi 1kg","p":8.5,"u":"8,50 €/KG","img":"https://fd15-photos.leclercdrive.fr/image.ashx?id=2785352&use=l&cat=p&typeid=i","cat":288379},{"id":48917,"n":"Sauce pour nems Ayam 200ml","p":2.49,"u":"12,45 €/L","img":"https://fd15-photos.leclercdrive.fr/image.ashx?id=1721071&use=l&cat=p&typeid=i","cat":288992},{"id":48977,"n":"Sauce brazil Colona Tube - 500ml","p":4.06,"u":"7,38 €/L","img":"https://fd15-photos.leclercdrive.fr/image.ashx?id=2179064&use=l&cat=p&typeid=i","cat":318431},{"id":48994,"n":"Sauce Pitta Kebab Colona Tube - 500ml","p":2.78,"u":"5,56 €/L","img":"https://fd15-photos.leclercdrive.fr/image.ashx?id=2687173&use=l&cat=p&typeid=i","cat":318431},{"id":49050,"n":"Boisson gazeuse Sprink's Sans alcool - Mojito - 1.5L","p":2.39,"u":"1,59 €/L","img":"https://fd15-photos.leclercdrive.fr/image.ashx?id=2925976&use=l&cat=p&typeid=i","cat":284531},{"id":49055,"n":"Steak haché charolais 15% MG Férial - 250g","p":6.99,"u":"27,96 €/KG","img":"https://fd15-photos.leclercdrive.fr/image.ashx?id=2903983&use=l&cat=p&typeid=i","cat":284332},{"id":49058,"n":"Piles Tech+ Foxter AA/LR6 1,5V - x8","p":3.39,"u":"0,42 €/P","img":"https://fd15-photos.leclercdrive.fr/image.ashx?id=2162324&use=l&cat=p&typeid=i","cat":300572},{"id":49059,"n":"Piles Tech+ Foxter AAA/LR3 1,5V - x8","p":4.9,"img":"https://fd15-photos.leclercdrive.fr/image.ashx?id=2162327&use=l&cat=p&typeid=i","cat":300572},{"id":49070,"n":"Préparation gâteau Nestlé Coeur fondant - 305g","p":5.95,"u":"19,51 €/KG","img":"https://fd15-photos.leclercdrive.fr/image.ashx?id=2848385&use=l&cat=p&typeid=i","cat":284505},{"id":49077,"n":"Biscuit P'tit Deli  Chocolat lait - 150g","p":2.69,"u":"17,93 €/KG","img":"https://fd15-photos.leclercdrive.fr/image.ashx?id=2529605&use=l&cat=p&typeid=i","cat":284488},{"id":49078,"n":"Gaufrette P'tit Déli  Chocolat lait - 125g","p":1.89,"u":"15,12 €/KG","img":"https://fd15-photos.leclercdrive.fr/image.ashx?id=2399856&use=l&cat=p&typeid=i","cat":284490},{"id":49079,"n":"Petites madeleines P'tit Deli  Pépites de chocolat - 400g","p":3.08,"u":"7,70 €/KG","img":"https://fd15-photos.leclercdrive.fr/image.ashx?id=2999511&use=l&cat=p&typeid=i","cat":284492},{"id":49080,"n":"Gâteau fourré fraise P'tit Deli Lapin - 140g","p":1.79,"u":"12,79 €/KG","img":"https://fd15-photos.leclercdrive.fr/image.ashx?id=2671411&use=l&cat=p&typeid=i","cat":284495},{"id":49082,"n":"Gâteau fourré P'tit Deli Tout chocolat, lapin - 140g","p":2.19,"u":"15,64 €/KG","img":"https://fd15-photos.leclercdrive.fr/image.ashx?id=2211200&use=l&cat=p&typeid=i","cat":284495},{"id":49083,"n":"Biscuit palmier feuilleté Eco+ 100g","p":0.89,"u":"8,90 €/KG","img":"https://fd15-photos.leclercdrive.fr/image.ashx?id=2768016&use=l&cat=p&typeid=i","cat":284487},{"id":49131,"n":"Gin Bombay Sapphire 40° - 70cl","p":22.1,"u":"31,57 €/L","img":"https://fd15-photos.leclercdrive.fr/image.ashx?id=2842879&use=l&cat=p&typeid=i","cat":284550},{"id":49175,"n":"Sucre glace Béghin Say Sachet - 1kg","p":3.19,"u":"3,19 €/KG","img":"https://fd15-photos.leclercdrive.fr/image.ashx?id=2326775&use=l&cat=p&typeid=i","cat":284502},{"id":49254,"n":"Gelifiant Vahiné Agar Agar - 8g","p":2.25,"u":"281,25 €/KG","img":"https://fd15-photos.leclercdrive.fr/image.ashx?id=2833342&use=l&cat=p&typeid=i","cat":284504},{"id":49267,"n":"Viande bébé Bio Yooji Boeuf - Dès 6 mois - 120g","p":7.4,"u":"61,67 €/KG","img":"https://fd15-photos.leclercdrive.fr/image.ashx?id=2583629&use=l&cat=p&typeid=i","cat":290631},{"id":49269,"n":"Viande bébé Bio Yooji Poulet - Dès 6 mois - 120g","p":6.86,"u":"57,17 €/KG","img":"https://fd15-photos.leclercdrive.fr/image.ashx?id=2583626&use=l&cat=p&typeid=i","cat":290631},{"id":49288,"n":"Bols soir bébé bio Babybio Pâtes - 8 mois - 2x200g","p":3.89,"u":"9,73 €/KG","img":"https://fd15-photos.leclercdrive.fr/image.ashx?id=2838344&use=l&cat=p&typeid=i","cat":312239},{"id":49290,"n":"Protège-slips Vania Confort Flexiform Fresh - x28","p":2.35,"u":"0,08 €/P","img":"https://fd15-photos.leclercdrive.fr/image.ashx?id=2685123&use=l&cat=p&typeid=i","cat":284625},{"id":49295,"n":"Cotons Démaquillants Demak'Up Ovale sensitive - x48","p":2.49,"u":"0,05 €/P","img":"https://fd15-photos.leclercdrive.fr/image.ashx?id=2745277&use=l&cat=p&typeid=i","cat":284636},{"id":49316,"n":"Déodorant Tahiti Orchidée sauvage - 200ml","p":4.05,"u":"20,25 €/L","img":"https://fd15-photos.leclercdrive.fr/image.ashx?id=2112495&use=l&cat=p&typeid=i","cat":284595},{"id":49329,"n":"Déodorant spray Ushuaïa Argile Baie d'Acai - 200ml","p":5.0,"u":"25,00 €/L","img":"https://fd15-photos.leclercdrive.fr/image.ashx?id=2286957&use=l&cat=p&typeid=i","cat":284595},{"id":49337,"n":"Protège-slips Vania Confort Fresh - Normal - x28","p":2.35,"u":"0,08 €/P","img":"https://fd15-photos.leclercdrive.fr/image.ashx?id=2735203&use=l&cat=p&typeid=i","cat":284625},{"id":49338,"n":"Protège-slips plat Vania Confort Aloe Vera- Normal - x28","p":2.35,"u":"0,08 €/P","img":"https://fd15-photos.leclercdrive.fr/image.ashx?id=2735200&use=l&cat=p&typeid=i","cat":284625},{"id":49340,"n":"Cornichons Eco+ Au vinaigre - 190g","p":1.35,"u":"7,11 €/KG","img":"https://fd15-photos.leclercdrive.fr/image.ashx?id=2974711&use=l&cat=p&typeid=i","cat":284458},{"id":49342,"n":"Moutarde Eco+ Forte au vinaigre - 850g","p":2.39,"u":"2,81 €/KG","img":"https://fd15-photos.leclercdrive.fr/image.ashx?id=2954325&use=l&cat=p&typeid=i","cat":288850},{"id":49349,"n":"Petit croquant Kühne Aigre doux - 360g","p":5.4,"u":"15,00 €/KG","img":"https://fd15-photos.leclercdrive.fr/image.ashx?id=2551036&use=l&cat=p&typeid=i","cat":284458},{"id":49353,"n":"Olives apéro Borges A la marocaine - 150g","p":2.99,"u":"19,93 €/KG","img":"https://fd15-photos.leclercdrive.fr/image.ashx?id=2528274&use=l&cat=p&typeid=i","cat":284458},{"id":49354,"n":"Olives Noires Grecques Tramier  Dénoyautées 220g","p":2.59,"u":"25,90 €/KG","img":"https://fd15-photos.leclercdrive.fr/image.ashx?id=2836340&use=l&cat=p&typeid=i","cat":284450},{"id":49401,"n":"Matière grasse Primevere Bio à tartiner - 55% MG - 250g","p":2.29,"u":"9,16 €/KG","img":"https://fd15-photos.leclercdrive.fr/image.ashx?id=2928456&use=l&cat=p&typeid=i","cat":315229},{"id":49495,"n":"Soufflés Tornades Tokapi Fromage- 4x85g","p":4.46,"u":"13,12 €/KG","img":"https://fd15-photos.leclercdrive.fr/image.ashx?id=2691393&use=l&cat=p&typeid=i","cat":284449},{"id":49497,"n":"Soufflés Tornades Tokapi Paprika- 4x85g","p":4.89,"u":"14,38 €/KG","img":"https://fd15-photos.leclercdrive.fr/image.ashx?id=2691390&use=l&cat=p&typeid=i","cat":284449},{"id":49550,"n":"Whisky bourbon Jim Beam 40%vol -  70cl","p":38.35,"u":"54,79 €/L","img":"https://fd15-photos.leclercdrive.fr/image.ashx?id=1590431&use=l&cat=p&typeid=i","cat":284547},{"id":49561,"n":"Gel Douche 5en1 Men Expert Pure carbon - 300ml","p":3.46,"u":"11,53 €/L","img":"https://fd15-photos.leclercdrive.fr/image.ashx?id=1603553&use=l&cat=p&typeid=i","cat":284619},{"id":49567,"n":"Diabolo grenadine Sprink's Bouteille - 1.5L","p":2.29,"u":"1,53 €/L","img":"https://fd15-photos.leclercdrive.fr/image.ashx?id=2843593&use=l&cat=p&typeid=i","cat":284532},{"id":49575,"n":"Boisson énergisante Monster Energy Mixxd Punch - 50CL","p":2.2,"u":"4,40 €/L","img":"https://fd15-photos.leclercdrive.fr/image.ashx?id=2206172&use=l&cat=p&typeid=i","cat":284533},{"id":49632,"n":"Pain de mie 100% Mie Harrys Nature Longue conservation 325g","p":2.9,"u":"8,92 €/KG","img":"https://fd15-photos.leclercdrive.fr/image.ashx?id=2469647&use=l&cat=p&typeid=i","cat":284477},{"id":49649,"n":"Sauce Tomate Cuisinée Heinz Ail & Oignon x2 - 210g","p":1.95,"u":"4,64 €/KG","img":"https://fd15-photos.leclercdrive.fr/image.ashx?id=2926990&use=l&cat=p&typeid=i","cat":288384},{"id":49653,"n":"Chapelure dorée Tipiak 250g","p":1.48,"u":"5,92 €/KG","img":"https://fd15-photos.leclercdrive.fr/image.ashx?id=2563490&use=l&cat=p&typeid=i","cat":288382},{"id":49656,"n":"Sauce burger Amora 448g","p":3.65,"u":"8,15 €/KG","img":"https://fd15-photos.leclercdrive.fr/image.ashx?id=3014656&use=l&cat=p&typeid=i","cat":318431},{"id":49657,"n":"Huile de noisette Cauvin 25cl","p":4.1,"u":"16,40 €/L","img":"https://fd15-photos.leclercdrive.fr/image.ashx?id=2484221&use=l&cat=p&typeid=i","cat":284453},{"id":49667,"n":"Sauceline Maïzena 250g","p":3.29,"u":"13,16 €/KG","img":"https://fd15-photos.leclercdrive.fr/image.ashx?id=2915673&use=l&cat=p&typeid=i","cat":288382},{"id":49674,"n":"Fécule de pomme de terre Tipiak Substitut de farine - 250g","p":1.3,"u":"5,20 €/KG","img":"https://fd15-photos.leclercdrive.fr/image.ashx?id=2563487&use=l&cat=p&typeid=i","cat":288382},{"id":49677,"n":"Mousse fromage blanc Délisse Lit de fruits 0%MG - 4x115g","p":2.18,"u":"4,74 €/KG","img":"https://fd15-photos.leclercdrive.fr/image.ashx?id=1865720&use=l&cat=p&typeid=i","cat":284409},{"id":49681,"n":"Yaourt La Laitière Nature - 4x125g","p":2.97,"u":"5,94 €/KG","img":"https://fd15-photos.leclercdrive.fr/image.ashx?id=3007978&use=l&cat=p&typeid=i","cat":284409},{"id":49682,"n":"Yaourt La Laitière Vanille - 4x125g","p":2.79,"u":"5,58 €/KG","img":"https://fd15-photos.leclercdrive.fr/image.ashx?id=2650393&use=l&cat=p&typeid=i","cat":286006},{"id":49684,"n":"Yaourts La Laitière Nature - 8x125g","p":5.11,"u":"40,88 €/KG","img":"https://fd15-photos.leclercdrive.fr/image.ashx?id=2679509&use=l&cat=p&typeid=i","cat":284409},{"id":49700,"n":"Matin Léger Bio de Lactel Sans lactose 1.2%mg - 6x1L","p":15.93,"u":"2,66 €/L","img":"https://fd15-photos.leclercdrive.fr/image.ashx?id=2883552&use=l&cat=p&typeid=i","cat":317169},{"id":49761,"n":"Déodorant masculin Williams Stick Ice blue - 75ml","p":4.12,"u":"54,93 €/L","img":"https://fd15-photos.leclercdrive.fr/image.ashx?id=2774742&use=l&cat=p&typeid=i","cat":284618},{"id":49798,"n":"Nectar Goyave Caraibos Sans alcool - 75cl","p":4.89,"u":"6,52 €/L","img":"https://fd15-photos.leclercdrive.fr/image.ashx?id=3011281&use=l&cat=p&typeid=i","cat":284916},{"id":49801,"n":"Nectar Maracuja Caraibos 75cl","p":4.65,"u":"6,20 €/L","img":"https://fd15-photos.leclercdrive.fr/image.ashx?id=3011275&use=l&cat=p&typeid=i","cat":284916},{"id":49807,"n":"Sex on the beach Caraibos Sans alcool - 75cl","p":3.89,"u":"5,19 €/L","img":"https://fd15-photos.leclercdrive.fr/image.ashx?id=3011308&use=l&cat=p&typeid=i","cat":284549},{"id":49825,"n":"Croco Pik Haribo  Sachet bonbons acidulés - 275g","p":3.39,"u":"12,33 €/KG","img":"https://fd15-photos.leclercdrive.fr/image.ashx?id=2802350&use=l&cat=p&typeid=i","cat":304250},{"id":49828,"n":"Happy Life Haribo Sachet bonbons - 275g","p":3.35,"u":"12,18 €/KG","img":"https://fd15-photos.leclercdrive.fr/image.ashx?id=2803577&use=l&cat=p&typeid=i","cat":304250},{"id":49832,"n":"Dragibus Pik Haribo Sachet bonbons - 230g","p":2.89,"u":"12,57 €/KG","img":"https://fd15-photos.leclercdrive.fr/image.ashx?id=2984907&use=l&cat=p&typeid=i","cat":304250},{"id":49834,"n":"Bonbons LUTTI BestFizz Assortiment Piquant - 550g","p":6.36,"u":"11,56 €/KG","img":"https://fd15-photos.leclercdrive.fr/image.ashx?id=2815022&use=l&cat=p&typeid=i","cat":304250},{"id":49845,"n":"Jus multifruits Jafaden Brique, ABC - 2L","p":3.95,"u":"1,98 €/L","img":"https://fd15-photos.leclercdrive.fr/image.ashx?id=2759220&use=l&cat=p&typeid=i","cat":284917},{"id":49850,"n":"Porchetta Tradizioni d'Italia - 120g","p":4.75,"u":"39,58 €/KG","img":"https://fd15-photos.leclercdrive.fr/image.ashx?id=2925231&use=l&cat=p&typeid=i","cat":316007},{"id":49852,"n":"Speck alto adige IGP Tradizioni d'Italia - 70g","p":2.87,"u":"41,00 €/KG","img":"https://fd15-photos.leclercdrive.fr/image.ashx?id=2925225&use=l&cat=p&typeid=i","cat":316007},{"id":49857,"n":"Mortadella bologna IGP Tradizioni d'Italia - 150g","p":2.45,"u":"16,33 €/KG","img":"https://fd15-photos.leclercdrive.fr/image.ashx?id=2925222&use=l&cat=p&typeid=i","cat":316009},{"id":49858,"n":"Prosciutto di parma AOP 18 mois Tradizioni d'Italia - 80g","p":3.75,"u":"46,88 €/KG","img":"https://fd15-photos.leclercdrive.fr/image.ashx?id=2925216&use=l&cat=p&typeid=i","cat":316007},{"id":49863,"n":"Pizza feu de bois  Turini  Saumon  - 420g","p":3.55,"u":"8,45 €/KG","img":"https://fd15-photos.leclercdrive.fr/image.ashx?id=2816579&use=l&cat=p&typeid=i","cat":284256},{"id":49865,"n":"Steak haché Authentique Charal Pur Bœuf 10% MG  8x125g - 1kg","p":16.03,"u":"16,03 €/KG","img":"https://fd15-photos.leclercdrive.fr/image.ashx?id=2741955&use=l&cat=p&typeid=i","cat":319778},{"id":49870,"n":"Protection Absorbante Tena Men  Médium - x10","p":5.35,"u":"0,54 €/P","img":"https://fd15-photos.leclercdrive.fr/image.ashx?id=2428573&use=l&cat=p&typeid=i","cat":291514},{"id":49881,"n":"Sirop Frucci Zero Grenadine avec edulcorants-75cl","p":2.89,"u":"3,85 €/L","img":"https://fd15-photos.leclercdrive.fr/image.ashx?id=2956110&use=l&cat=p&typeid=i","cat":295020},{"id":49883,"n":"Soda tonic Sprink's 1.5L","p":1.89,"u":"1,26 €/L","img":"https://fd15-photos.leclercdrive.fr/image.ashx?id=2913739&use=l&cat=p&typeid=i","cat":284531},{"id":49903,"n":"Bresaola Della Valtellina IGP Tradizioni d'Italia - 70g","p":5.1,"u":"72,86 €/KG","img":"https://fd15-photos.leclercdrive.fr/image.ashx?id=2925228&use=l&cat=p&typeid=i","cat":316007},{"id":49930,"n":"Yaourt douceur Le Petit Basque Brebis nature - 4x100g","p":4.15,"u":"10,38 €/KG","img":"https://fd15-photos.leclercdrive.fr/image.ashx?id=2248084&use=l&cat=p&typeid=i","cat":314998},{"id":49931,"n":"Yaourt douceur Le Petit Basque Brebis citron - 4x100g","p":4.35,"u":"10,88 €/KG","img":"https://fd15-photos.leclercdrive.fr/image.ashx?id=2248087&use=l&cat=p&typeid=i","cat":314998},{"id":49946,"n":"Pâte à tartiner Novi 200g","p":6.85,"u":"34,25 €/KG","img":"https://fd15-photos.leclercdrive.fr/image.ashx?id=2475113&use=l&cat=p&typeid=i","cat":284481},{"id":49954,"n":"Limonade Sprink's 6x50cl","p":4.55,"u":"1,52 €/L","img":"https://fd15-photos.leclercdrive.fr/image.ashx?id=2913718&use=l&cat=p&typeid=i","cat":284531},{"id":49955,"n":"Soda 7UP Citron/citron vert zéro - 1.5L","p":2.55,"u":"1,70 €/L","img":"https://fd15-photos.leclercdrive.fr/image.ashx?id=2752462&use=l&cat=p&typeid=i","cat":284531},{"id":49971,"n":"Frites Pom Bistro à la Graisse de Canard - 500g","p":4.17,"u":"8,34 €/KG","img":"https://fd15-photos.leclercdrive.fr/image.ashx?id=2866412&use=l&cat=p&typeid=i","cat":319791},{"id":49979,"n":"Soupe liquide Liebig  Potiron Chataîgne - Brique 1L","p":4.73,"u":"4,73 €/L","img":"https://fd15-photos.leclercdrive.fr/image.ashx?id=2785358&use=l&cat=p&typeid=i","cat":284462},{"id":49983,"n":"Sauce yakitori Kikkoman 250ml","p":6.49,"u":"25,96 €/L","img":"https://fd15-photos.leclercdrive.fr/image.ashx?id=2536299&use=l&cat=p&typeid=i","cat":288992},{"id":49984,"n":"Café dosettes Tassimo L'Or Espresso Delizioso x16","p":7.59,"u":"72,98 €/KG","img":"https://fd15-photos.leclercdrive.fr/image.ashx?id=2507329&use=l&cat=p&typeid=i","cat":293240},{"id":49997,"n":"Boisson aux fruits Oasis Mini Tropical - 6x25cl","p":5.88,"u":"3,92 €/L","img":"https://fd15-photos.leclercdrive.fr/image.ashx?id=2684443&use=l&cat=p&typeid=i","cat":295018},{"id":50002,"n":"Sauce soja Kikkoman  150ml","p":5.5,"u":"36,67 €/L","img":"https://fd15-photos.leclercdrive.fr/image.ashx?id=2536284&use=l&cat=p&typeid=i","cat":288992},{"id":50004,"n":"Kit Crousti Fajitas Old El Paso extra doux - 521g","p":9.0,"u":"17,27 €/KG","img":"https://fd15-photos.leclercdrive.fr/image.ashx?id=2765402&use=l&cat=p&typeid=i","cat":288993},{"id":50017,"n":"Confit de tomates séchées  Les Tartinables Florelli 190g","p":3.2,"u":"16,84 €/KG","img":"https://fd15-photos.leclercdrive.fr/image.ashx?id=3011671&use=l&cat=p&typeid=i","cat":289010},{"id":50029,"n":"Biscuit apéritif ancel Sticks Bretzels - 137g","p":3.07,"u":"22,41 €/KG","img":"https://fd15-photos.leclercdrive.fr/image.ashx?id=2895181&use=l&cat=p&typeid=i","cat":297000},{"id":50052,"n":"Lait bébé en poudre Galliagest croissance Dès 12 mois 900g","p":16.84,"u":"18,71 €/KG","img":"https://fd15-photos.leclercdrive.fr/image.ashx?id=2616844&use=l&cat=p&typeid=i","cat":290219},{"id":50068,"n":"Soupe liquide velouté Knorr Potiron crème fraîche - 500ml","p":3.07,"u":"6,14 €/L","img":"https://fd15-photos.leclercdrive.fr/image.ashx?id=2738035&use=l&cat=p&typeid=i","cat":284462},{"id":50070,"n":"Soupe velouté  Potiron - 30cl","p":2.02,"u":"6,73 €/L","img":"https://fd15-photos.leclercdrive.fr/image.ashx?id=2740898&use=l&cat=p&typeid=i","cat":284462},{"id":50071,"n":"Soupe Douceur Knorr 8 légumes - 30cl","p":2.02,"u":"6,73 €/L","img":"https://fd15-photos.leclercdrive.fr/image.ashx?id=2738026&use=l&cat=p&typeid=i","cat":284462},{"id":50072,"n":"Soupe Liquide Douceur Knorr 8 légumes à la crème - 50cl","p":2.89,"u":"5,78 €/L","img":"https://fd15-photos.leclercdrive.fr/image.ashx?id=2738023&use=l&cat=p&typeid=i","cat":284462},{"id":50082,"n":"Dessert fruits mixés Sojasun Myrtilles - 4x100g","p":3.39,"u":"8,48 €/KG","img":"https://fd15-photos.leclercdrive.fr/image.ashx?id=2355680&use=l&cat=p&typeid=i","cat":316071},{"id":50083,"n":"Taboulé aux tomates  Garbit - 730g","p":4.9,"u":"6,71 €/KG","img":"https://fd15-photos.leclercdrive.fr/image.ashx?id=2901905&use=l&cat=p&typeid=i","cat":325094},{"id":50088,"n":"Pulpe tomate basilic Jardin Bio Bio - 500g","p":3.03,"u":"6,06 €/KG","img":"https://fd15-photos.leclercdrive.fr/image.ashx?id=2535025&use=l&cat=p&typeid=i","cat":288384},{"id":50091,"n":"Lait de coco Kara - brique 200ml","p":2.59,"u":"12,95 €/L","img":"https://fd15-photos.leclercdrive.fr/image.ashx?id=2906895&use=l&cat=p&typeid=i","cat":288992},{"id":50106,"n":"Nems au Porc Tables du Monde x4 - 280g","p":4.5,"u":"16,07 €/KG","img":"https://fd15-photos.leclercdrive.fr/image.ashx?id=2657957&use=l&cat=p&typeid=i","cat":333673},{"id":50120,"n":"IGP Gros sel  Le Guérandais Spécial moulin, séché - 500g","p":2.99,"u":"5,98 €/KG","img":"https://fd15-photos.leclercdrive.fr/image.ashx?id=2457893&use=l&cat=p&typeid=i","cat":284457},{"id":50123,"n":"Vinaigrette Puget  Ciboulette/échalotes - 33cl","p":3.4,"u":"10,30 €/L","img":"https://fd15-photos.leclercdrive.fr/image.ashx?id=2912146&use=l&cat=p&typeid=i","cat":284456},{"id":50126,"n":"Compotes Andros  Pomme/châtaigne - 785g","p":4.89,"u":"6,23 €/KG","img":"https://fd15-photos.leclercdrive.fr/image.ashx?id=2396381&use=l&cat=p&typeid=i","cat":284508},{"id":50131,"n":"Compotes Pom'Potes Gourdes  Multivariétés - 20x90g","p":10.99,"u":"6,11 €/KG","img":"https://fd15-photos.leclercdrive.fr/image.ashx?id=3010930&use=l&cat=p&typeid=i","cat":284508},{"id":50133,"n":"Dessert fruitier Andros Pomme, morceaux- 695g","p":4.3,"u":"6,19 €/KG","img":"https://fd15-photos.leclercdrive.fr/image.ashx?id=2397770&use=l&cat=p&typeid=i","cat":284508},{"id":50134,"n":"Poudre anti-calcaire Calgon 4 en 1 - 60 doses","p":10.89,"u":"7,26 €/KG","img":"https://fd15-photos.leclercdrive.fr/image.ashx?id=2954199&use=l&cat=p&typeid=i","cat":284653},{"id":50135,"n":"Lingettes Textil Anti-transfert - x40","p":3.17,"u":"0,08 €/P","img":"https://fd15-photos.leclercdrive.fr/image.ashx?id=2964574&use=l&cat=p&typeid=i","cat":290450},{"id":50191,"n":"Whisky The Glenlivet Founder's Scotch Single Malt 40% vol 70cl","p":36.85,"u":"52,64 €/L","img":"https://fd15-photos.leclercdrive.fr/image.ashx?id=2866019&use=l&cat=p&typeid=i","cat":284547},{"id":50211,"n":"Pain Bruschetta La Boulangère 400g","p":3.49,"u":"8,73 €/KG","img":"https://fd15-photos.leclercdrive.fr/image.ashx?id=2912404&use=l&cat=p&typeid=i","cat":284985},{"id":50212,"n":"Pain suédois La Boulangère 180g","p":3.15,"u":"17,50 €/KG","img":"https://fd15-photos.leclercdrive.fr/image.ashx?id=2445376&use=l&cat=p&typeid=i","cat":284985},{"id":50214,"n":"Laque  Fixation forte - 75ml","p":1.89,"u":"25,20 €/L","img":"https://fd15-photos.leclercdrive.fr/image.ashx?id=2616745&use=l&cat=p&typeid=i","cat":284609},{"id":50215,"n":"Huile sublime  Vitanove Cheveux sec - 150ml","p":6.28,"u":"41,87 €/L","img":"https://fd15-photos.leclercdrive.fr/image.ashx?id=2209720&use=l&cat=p&typeid=i","cat":284608},{"id":50216,"n":"Pains wraps La Boulangère x6 - 370g","p":5.19,"u":"14,03 €/KG","img":"https://fd15-photos.leclercdrive.fr/image.ashx?id=2900956&use=l&cat=p&typeid=i","cat":284985},{"id":50218,"n":"Tronches de Cake St Michel 175g","p":2.85,"u":"16,29 €/KG","img":"https://fd15-photos.leclercdrive.fr/image.ashx?id=2949946&use=l&cat=p&typeid=i","cat":284495},{"id":50220,"n":"Biscuits Duo Mini BN  190g","p":3.75,"u":"19,74 €/KG","img":"https://fd15-photos.leclercdrive.fr/image.ashx?id=2219606&use=l&cat=p&typeid=i","cat":284488},{"id":50222,"n":"Cookies gros éclats Granola Daim - 184g","p":2.99,"u":"16,25 €/KG","img":"https://fd15-photos.leclercdrive.fr/image.ashx?id=2325602&use=l&cat=p&typeid=i","cat":325066},{"id":50223,"n":"Cookies gros éclats Granola Noisettes - 184g","p":3.22,"u":"17,50 €/KG","img":"https://fd15-photos.leclercdrive.fr/image.ashx?id=2958905&use=l&cat=p&typeid=i","cat":325066},{"id":50224,"n":"Cookies Milka Pépites de chocolat - 168g","p":2.95,"u":"17,56 €/KG","img":"https://fd15-photos.leclercdrive.fr/image.ashx?id=3002285&use=l&cat=p&typeid=i","cat":325066},{"id":50225,"n":"Biscuits Choco suprême Milka Chocolat - 180g","p":4.2,"u":"23,33 €/KG","img":"https://fd15-photos.leclercdrive.fr/image.ashx?id=2990991&use=l&cat=p&typeid=i","cat":284488},{"id":50226,"n":"Biscuits sablés Granola Chocolat au lait - 3x200g","p":8.19,"u":"13,65 €/KG","img":"https://fd15-photos.leclercdrive.fr/image.ashx?id=3009125&use=l&cat=p&typeid=i","cat":284488},{"id":50227,"n":"Biscuits Granola Chocolat au lait - 200g","p":2.99,"u":"14,95 €/KG","img":"https://fd15-photos.leclercdrive.fr/image.ashx?id=2324282&use=l&cat=p&typeid=i","cat":284488},{"id":50253,"n":"Soda Sprink's Lemon - 1.5L","p":2.09,"u":"1,39 €/L","img":"https://fd15-photos.leclercdrive.fr/image.ashx?id=2913715&use=l&cat=p&typeid=i","cat":284532},{"id":50255,"n":"Soda Sprink's Citron - 1.5L","p":1.89,"u":"1,26 €/L","img":"https://fd15-photos.leclercdrive.fr/image.ashx?id=2913730&use=l&cat=p&typeid=i","cat":284532},{"id":50256,"n":"Soda Sprink's Lemon Lime - 1.5L","p":1.95,"u":"1,30 €/L","img":"https://fd15-photos.leclercdrive.fr/image.ashx?id=2913736&use=l&cat=p&typeid=i","cat":284532},{"id":50262,"n":"Kebab de poulet Fleury Michon Semoule à l'orientale - 280g","p":3.89,"u":"13,89 €/KG","img":"https://fd15-photos.leclercdrive.fr/image.ashx?id=2680167&use=l&cat=p&typeid=i","cat":333665},{"id":50365,"n":"Moelleux Pépites Choco GERBLE  sans sucre - 196g","p":4.99,"u":"25,46 €/KG","img":"https://fd15-photos.leclercdrive.fr/image.ashx?id=2812705&use=l&cat=p&typeid=i","cat":318653},{"id":50398,"n":"Pâtes pour potage Turini Estrelinhas - 250g","p":0.88,"u":"3,52 €/KG","img":"https://fd15-photos.leclercdrive.fr/image.ashx?id=2578511&use=l&cat=p&typeid=i","cat":284427},{"id":50415,"n":"Pâtes Pevides Turini 250g","p":0.98,"u":"3,92 €/KG","img":"https://fd15-photos.leclercdrive.fr/image.ashx?id=2578508&use=l&cat=p&typeid=i","cat":289009},{"id":50424,"n":"Préparation Tablier Blanc Crème brulée x4 - 92g","p":1.04,"u":"11,30 €/KG","img":"https://fd15-photos.leclercdrive.fr/image.ashx?id=2578484&use=l&cat=p&typeid=i","cat":284505},{"id":50458,"n":"Fromage Roucoulons Fromagerie Milleret- 220g","p":3.8,"u":"17,27 €/KG","img":"https://fd15-photos.leclercdrive.fr/image.ashx?id=2450922&use=l&cat=p&typeid=i","cat":329558},{"id":50485,"n":"Sirop Frucci Sans sucres - 75cl","p":3.39,"u":"4,52 €/L","img":"https://fd15-photos.leclercdrive.fr/image.ashx?id=2397669&use=l&cat=p&typeid=i","cat":295020},{"id":50491,"n":"Bière blanche Hoegaarden 4,9% - 6x25cl","p":9.3,"u":"6,20 €/L","img":"https://fd15-photos.leclercdrive.fr/image.ashx?id=2963922&use=l&cat=p&typeid=i","cat":334878},{"id":50504,"n":"AOC Blaye Côtes Bordeaux Rouge Château Le Virou - 75 cl","p":13.45,"u":"17,93 €/L","img":"https://fd15-photos.leclercdrive.fr/image.ashx?id=2748497&use=l&cat=p&typeid=i","cat":289556},{"id":50524,"n":"Crème soin Nivea visage Sensitive soin de jour - 50ml","p":7.3,"u":"146,00 €/L","img":"https://fd15-photos.leclercdrive.fr/image.ashx?id=2221581&use=l&cat=p&typeid=i","cat":325345},{"id":50568,"n":"Eau aromatisée Cristaline Jus de pêche - 1.5L","p":1.59,"u":"1,06 €/L","img":"https://fd15-photos.leclercdrive.fr/image.ashx?id=2344615&use=l&cat=p&typeid=i","cat":284537},{"id":50569,"n":"Boisson aromatisée Cristaline Jus de fruits tropical - 1.5L","p":1.59,"u":"1,06 €/L","img":"https://fd15-photos.leclercdrive.fr/image.ashx?id=2344618&use=l&cat=p&typeid=i","cat":284537},{"id":50570,"n":"Eau aromatisée Cristaline Fraise - 1.5L","p":1.89,"u":"1,26 €/L","img":"https://fd15-photos.leclercdrive.fr/image.ashx?id=2417255&use=l&cat=p&typeid=i","cat":284537},{"id":50580,"n":"Asperges blanches Rochefontaine 110g","p":2.94,"u":"26,73 €/KG","img":"https://fd15-photos.leclercdrive.fr/image.ashx?id=2732557&use=l&cat=p&typeid=i","cat":312611},{"id":50582,"n":"Asperges vertes Rochefontaine 100g","p":4.01,"u":"40,10 €/KG","img":"https://fd15-photos.leclercdrive.fr/image.ashx?id=2170439&use=l&cat=p&typeid=i","cat":312611},{"id":50585,"n":"Haricots verts d'aucy  Extra-fins - 440g","p":3.2,"u":"7,27 €/KG","img":"https://fd15-photos.leclercdrive.fr/image.ashx?id=2527370&use=l&cat=p&typeid=i","cat":312606},{"id":50590,"n":"Lentilles préparées D'aucy  530g","p":1.99,"u":"3,75 €/KG","img":"https://fd15-photos.leclercdrive.fr/image.ashx?id=2560597&use=l&cat=p&typeid=i","cat":312609},{"id":50592,"n":"Pois chiches Sultanines 265g","p":1.45,"u":"5,47 €/KG","img":"https://fd15-photos.leclercdrive.fr/image.ashx?id=1920223&use=l&cat=p&typeid=i","cat":312609},{"id":50599,"n":"Crème soyeuse Bio Lait d'anesse So'Bio Etic - 50 ml","p":11.45,"u":"229,00 €/L","img":"https://fd15-photos.leclercdrive.fr/image.ashx?id=2906463&use=l&cat=p&typeid=i","cat":325345},{"id":50600,"n":"Crème onctueuse lait d'anesse Bio - So'Bio Etic - 50 ml","p":11.45,"u":"229,00 €/L","img":"https://fd15-photos.leclercdrive.fr/image.ashx?id=2909062&use=l&cat=p&typeid=i","cat":325345},{"id":50604,"n":"Lotion micellaire So Bio Etic Aloe vera bio - 500 ml","p":7.05,"u":"14,10 €/L","img":"https://fd15-photos.leclercdrive.fr/image.ashx?id=2493508&use=l&cat=p&typeid=i","cat":284603},{"id":50609,"n":"Savon crème lait d'anesse SoBIO Distrinat bio - 100g","p":4.95,"u":"49,50 €/KG","img":"https://fd15-photos.leclercdrive.fr/image.ashx?id=2494728&use=l&cat=p&typeid=i","cat":284597},{"id":50626,"n":"AOC Saint-Émilion vin rouge Chantet Blanet - 37,5cl","p":9.3,"u":"24,80 €/L","img":"https://fd15-photos.leclercdrive.fr/image.ashx?id=2805981&use=l&cat=p&typeid=i","cat":289556},{"id":50653,"n":"Blanc de dinde Eco+ 4 tranches - 180g","p":2.39,"u":"13,28 €/KG","img":"https://fd15-photos.leclercdrive.fr/image.ashx?id=2683631&use=l&cat=p&typeid=i","cat":316010},{"id":50659,"n":"Confisuc gelée Saint Louis 1kg","p":4.19,"u":"4,19 €/KG","img":"https://fd15-photos.leclercdrive.fr/image.ashx?id=1943688&use=l&cat=p&typeid=i","cat":284502},{"id":50662,"n":"Chocolat en poudre Nesquik Extra Choco - 600g","p":8.1,"u":"13,50 €/KG","img":"https://fd15-photos.leclercdrive.fr/image.ashx?id=3004438&use=l&cat=p&typeid=i","cat":293235},{"id":50672,"n":"Biscuits à la cuillère x30 Bonne Maman - 250g","p":8.39,"u":"33,56 €/KG","img":"https://fd15-photos.leclercdrive.fr/image.ashx?id=2936152&use=l&cat=p&typeid=i","cat":284487},{"id":50675,"n":"Gâteau Bonne Maman  Marbré chocolat - 475g","p":5.78,"u":"12,17 €/KG","img":"https://fd15-photos.leclercdrive.fr/image.ashx?id=2936161&use=l&cat=p&typeid=i","cat":294776},{"id":50676,"n":"Madeleine coquille St Michel  Oeuf plein air x24 - 600g","p":6.29,"u":"10,48 €/KG","img":"https://fd15-photos.leclercdrive.fr/image.ashx?id=2936197&use=l&cat=p&typeid=i","cat":284492},{"id":50682,"n":"Gâteau Ker Cadélac Le Moelleux Original - 500g","p":4.3,"u":"8,60 €/KG","img":"https://fd15-photos.leclercdrive.fr/image.ashx?id=2955797&use=l&cat=p&typeid=i","cat":294776},{"id":50683,"n":"Barre marbré  Ker Cadélac  Cacao - 500g","p":4.55,"u":"9,10 €/KG","img":"https://fd15-photos.leclercdrive.fr/image.ashx?id=2939508&use=l&cat=p&typeid=i","cat":294776},{"id":50684,"n":"Madeleine Ker Cadélac  Pépites chocolat x24 - 600g","p":6.99,"u":"11,65 €/KG","img":"https://fd15-photos.leclercdrive.fr/image.ashx?id=2507991&use=l&cat=p&typeid=i","cat":284492},{"id":50695,"n":"Cacahuètes  Benenuts Grillées à sec maxi format-320g","p":4.52,"u":"14,13 €/KG","img":"https://fd15-photos.leclercdrive.fr/image.ashx?id=2389619&use=l&cat=p&typeid=i","cat":284448},{"id":50698,"n":"Chocolat napolitain Villars Mignonnettes - 500g","p":15.95,"u":"31,90 €/KG","img":"https://fd15-photos.leclercdrive.fr/image.ashx?id=2464306&use=l&cat=p&typeid=i","cat":284499},{"id":50703,"n":"Mini canapés nature Jacquet - 255g","p":2.13,"u":"8,35 €/KG","img":"https://fd15-photos.leclercdrive.fr/image.ashx?id=2894794&use=l&cat=p&typeid=i","cat":285454},{"id":50705,"n":"Toasts ronds nature Jacquet - 250g","p":2.09,"u":"8,36 €/KG","img":"https://fd15-photos.leclercdrive.fr/image.ashx?id=2979602&use=l&cat=p&typeid=i","cat":285454},{"id":50706,"n":"Toasts foie gras ronds Jacquet - 250g","p":2.25,"u":"9,00 €/KG","img":"https://fd15-photos.leclercdrive.fr/image.ashx?id=2979599&use=l&cat=p&typeid=i","cat":285454},{"id":50712,"n":"Biscuits Choco Pause Milka Chocolat au lait - 260g","p":3.25,"u":"12,50 €/KG","img":"https://fd15-photos.leclercdrive.fr/image.ashx?id=2192572&use=l&cat=p&typeid=i","cat":284488},{"id":50713,"n":"Biscuits Oreo Vanille / chocolat blanc - 246g","p":4.5,"u":"18,29 €/KG","img":"https://fd15-photos.leclercdrive.fr/image.ashx?id=2989447&use=l&cat=p&typeid=i","cat":284488},{"id":50714,"n":"Biscottes Heudebert  Goût brioché - 290g","p":3.18,"u":"10,97 €/KG","img":"https://fd15-photos.leclercdrive.fr/image.ashx?id=3001979&use=l&cat=p&typeid=i","cat":284479},{"id":50734,"n":"Soda Sprink's Orange - 1.5L","p":2.09,"u":"1,39 €/L","img":"https://fd15-photos.leclercdrive.fr/image.ashx?id=2925979&use=l&cat=p&typeid=i","cat":284532},{"id":50736,"n":"Blancs de poulet Eco+ 4 tranches - 180g","p":2.09,"u":"11,61 €/KG","img":"https://fd15-photos.leclercdrive.fr/image.ashx?id=2683634&use=l&cat=p&typeid=i","cat":316010},{"id":50739,"n":"Bacon fumé Eco+ 12 tranches - 150g","p":2.4,"u":"16,00 €/KG","img":"https://fd15-photos.leclercdrive.fr/image.ashx?id=2837111&use=l&cat=p&typeid=i","cat":316007},{"id":50744,"n":"Cervelas Eco+ 400g","p":3.9,"u":"9,75 €/KG","img":"https://fd15-photos.leclercdrive.fr/image.ashx?id=2683637&use=l&cat=p&typeid=i","cat":316012},{"id":50761,"n":"Coppa Saint Azay Chiffonnade - 100g","p":3.3,"u":"33,00 €/KG","img":"https://fd15-photos.leclercdrive.fr/image.ashx?id=2708351&use=l&cat=p&typeid=i","cat":316007},{"id":50767,"n":"Roti de porc Eco+ 5 tranches - 150g","p":2.97,"u":"19,80 €/KG","img":"https://fd15-photos.leclercdrive.fr/image.ashx?id=2706747&use=l&cat=p&typeid=i","cat":316009},{"id":50770,"n":"Pâtes serpentin Turini  Cuisson rapide - 500g","p":1.27,"u":"2,54 €/KG","img":"https://fd15-photos.leclercdrive.fr/image.ashx?id=2607560&use=l&cat=p&typeid=i","cat":284427},{"id":50771,"n":"Jambon standard Eco+ 350g","p":4.39,"u":"12,54 €/KG","img":"https://fd15-photos.leclercdrive.fr/image.ashx?id=2696298&use=l&cat=p&typeid=i","cat":316009},{"id":50772,"n":"Epaule cuite sans couenne Eco+ 8 tranches - 360g","p":3.6,"u":"10,00 €/KG","img":"https://fd15-photos.leclercdrive.fr/image.ashx?id=2678577&use=l&cat=p&typeid=i","cat":316009},{"id":50773,"n":"Dés de jambon Eco+ 2x100G","p":2.14,"u":"10,70 €/KG","img":"https://fd15-photos.leclercdrive.fr/image.ashx?id=2930936&use=l&cat=p&typeid=i","cat":316011},{"id":50774,"n":"Rillettes du Mans Eco+ 220g","p":1.99,"u":"9,05 €/KG","img":"https://fd15-photos.leclercdrive.fr/image.ashx?id=2684700&use=l&cat=p&typeid=i","cat":316008},{"id":50775,"n":"Mousse de canard au porto Eco+ 200g","p":1.59,"u":"7,95 €/KG","img":"https://fd15-photos.leclercdrive.fr/image.ashx?id=2716024&use=l&cat=p&typeid=i","cat":316008},{"id":50776,"n":"Mousse de foie Eco+ 300g","p":2.49,"u":"8,30 €/KG","img":"https://fd15-photos.leclercdrive.fr/image.ashx?id=2728297&use=l&cat=p&typeid=i","cat":316008},{"id":50777,"n":"Paté de campagne Eco+ 300g","p":1.95,"u":"6,50 €/KG","img":"https://fd15-photos.leclercdrive.fr/image.ashx?id=2852303&use=l&cat=p&typeid=i","cat":316008},{"id":50778,"n":"Jambon qualité choix Eco+ 10 tranches - 500g","p":6.95,"u":"13,90 €/KG","img":"https://fd15-photos.leclercdrive.fr/image.ashx?id=2715010&use=l&cat=p&typeid=i","cat":316009},{"id":50779,"n":"Saucisse de Strasbourg Eco+ x10 - 350g","p":1.99,"u":"5,69 €/KG","img":"https://fd15-photos.leclercdrive.fr/image.ashx?id=2794856&use=l&cat=p&typeid=i","cat":316012},{"id":50780,"n":"Saucisse de Cocktail Eco+ 400g","p":3.29,"u":"8,23 €/KG","img":"https://fd15-photos.leclercdrive.fr/image.ashx?id=2651813&use=l&cat=p&typeid=i","cat":284450},{"id":50781,"n":"Saucisson cuit à l'ail Eco+ nature - 400g","p":2.1,"u":"5,25 €/KG","img":"https://fd15-photos.leclercdrive.fr/image.ashx?id=2675789&use=l&cat=p&typeid=i","cat":316006},{"id":50782,"n":"Saucisson cuit à l'ail Eco+ fumé - 400g","p":1.95,"u":"4,88 €/KG","img":"https://fd15-photos.leclercdrive.fr/image.ashx?id=2675792&use=l&cat=p&typeid=i","cat":316006},{"id":50802,"n":"Huile d'olive Tramier Vierge extra - 75cl","p":11.75,"u":"15,67 €/L","img":"https://fd15-photos.leclercdrive.fr/image.ashx?id=2769807&use=l&cat=p&typeid=i","cat":284453},{"id":50810,"n":"Sauce Tomates Barilla Arrabbiata - 400g","p":2.52,"u":"6,30 €/KG","img":"https://fd15-photos.leclercdrive.fr/image.ashx?id=2832509&use=l&cat=p&typeid=i","cat":287599},{"id":50846,"n":"Apéritif prêt à boire Martini Bellini 8° - 75cl","p":10.24,"pp":9.74,"u":"12,99 €/L","img":"https://fd15-photos.leclercdrive.fr/image.ashx?id=2867220&use=l&cat=p&typeid=i","cat":289461},{"id":50863,"n":"Savon verveine Petit Olivier 2x100g","p":3.4,"u":"17,00 €/KG","img":"https://fd15-photos.leclercdrive.fr/image.ashx?id=2144839&use=l&cat=p&typeid=i","cat":284597},{"id":50864,"n":"Savon Petit Olivier Fleur d'oranger - 2x100g","p":3.19,"u":"15,95 €/KG","img":"https://fd15-photos.leclercdrive.fr/image.ashx?id=2660862&use=l&cat=p&typeid=i","cat":284597},{"id":50866,"n":"Savon doux karité Petit Olivier Surgras - 250g","p":3.89,"u":"15,56 €/KG","img":"https://fd15-photos.leclercdrive.fr/image.ashx?id=2144848&use=l&cat=p&typeid=i","cat":284597},{"id":50867,"n":"Petit Olivier savon Marseille Avec ou sans pompe -  300ml","p":4.14,"u":"13,80 €/L","img":"https://fd15-photos.leclercdrive.fr/image.ashx?id=2683793&use=l&cat=p&typeid=i","cat":284597},{"id":50903,"n":"Rana Feuilles de lasagnes Fraîches - 250g","p":1.76,"u":"7,04 €/KG","img":"https://fd15-photos.leclercdrive.fr/image.ashx?id=2529144&use=l&cat=p&typeid=i","cat":333682},{"id":50906,"n":"Cubes allume-feu Eco+ x32","p":1.83,"u":"0,06 €/P","img":"https://fd15-photos.leclercdrive.fr/image.ashx?id=2645125&use=l&cat=p&typeid=i","cat":300578},{"id":50908,"n":"Gélule bien-être foie Juvamine Artichaut/Radis noir - x50","p":6.95,"img":"https://fd15-photos.leclercdrive.fr/image.ashx?id=2785850&use=l&cat=p&typeid=i","cat":313217},{"id":50915,"n":"Gnocchi à poêler Lustucru Fromage - 300g","p":3.15,"u":"10,50 €/KG","img":"https://fd15-photos.leclercdrive.fr/image.ashx?id=3014482&use=l&cat=p&typeid=i","cat":333682},{"id":50969,"n":"Calendrier de l'Avent Kinder Neige - 184g","p":13.2,"u":"71,74 €/KG","img":"https://fd15-photos.leclercdrive.fr/image.ashx?id=1984783&use=l&cat=p&typeid=i","cat":336112},{"id":50990,"n":"Fruits au sirop St Mamet Ananas en morceaux - 345g","p":4.59,"u":"13,30 €/KG","img":"https://fd15-photos.leclercdrive.fr/image.ashx?id=2927309&use=l&cat=p&typeid=i","cat":284507},{"id":50991,"n":"Fruits au sirop St Mamet Ananas en tranches - 345g","p":2.75,"u":"7,97 €/KG","img":"https://fd15-photos.leclercdrive.fr/image.ashx?id=2630226&use=l&cat=p&typeid=i","cat":284507},{"id":51046,"n":"Mouchoirs blancs 3 plis Eco+ x15","p":1.75,"u":"0,12 €/P","img":"https://fd15-photos.leclercdrive.fr/image.ashx?id=2824244&use=l&cat=p&typeid=i","cat":284638},{"id":51047,"n":"Biscuits Petit Brun extra 300g","p":2.5,"u":"8,33 €/KG","img":"https://fd15-photos.leclercdrive.fr/image.ashx?id=3002264&use=l&cat=p&typeid=i","cat":284487},{"id":51048,"n":"Lentilles Notre Jardin 3x130g","p":2.15,"u":"5,51 €/KG","img":"https://fd15-photos.leclercdrive.fr/image.ashx?id=2544982&use=l&cat=p&typeid=i","cat":312609},{"id":51050,"n":"Chips Pom'lisse Barbecue - 6x30g","p":2.79,"u":"15,50 €/KG","img":"https://fd15-photos.leclercdrive.fr/image.ashx?id=2809668&use=l&cat=p&typeid=i","cat":284447},{"id":51051,"n":"Noix de cajou Tokapi  3x80g","p":5.2,"u":"21,67 €/KG","img":"https://fd15-photos.leclercdrive.fr/image.ashx?id=2793245&use=l&cat=p&typeid=i","cat":284448},{"id":51079,"n":"Clafoutis La Laitière Pommes façon tatin - 4x85g","p":5.18,"u":"15,24 €/KG","img":"https://fd15-photos.leclercdrive.fr/image.ashx?id=2633833&use=l&cat=p&typeid=i","cat":284419},{"id":51086,"n":"Crevettes Argentine Pêche Océan sauvages rouge - 400G","p":9.79,"u":"24,48 €/KG","img":"https://fd15-photos.leclercdrive.fr/image.ashx?id=2340036&use=l&cat=p&typeid=i","cat":319787},{"id":51089,"n":"Soda Sprink's Aux agrumes - 1.5L","p":2.09,"u":"1,39 €/L","img":"https://fd15-photos.leclercdrive.fr/image.ashx?id=2913727&use=l&cat=p&typeid=i","cat":284532},{"id":51221,"n":"Détachant poudre Sanytol 450g","p":5.7,"u":"12,67 €/KG","img":"https://fd15-photos.leclercdrive.fr/image.ashx?id=2866316&use=l&cat=p&typeid=i","cat":284651},{"id":51227,"n":"Papier cuisson Alfapac Naturel 10M x 0.37","p":3.17,"img":"https://fd15-photos.leclercdrive.fr/image.ashx?id=2887734&use=l&cat=p&typeid=i","cat":334134},{"id":51249,"n":"Crème brûlée La Laitière saveur vanille - 4x100g","p":5.24,"u":"13,10 €/KG","img":"https://fd15-photos.leclercdrive.fr/image.ashx?id=2624116&use=l&cat=p&typeid=i","cat":284419},{"id":51254,"n":"Eau aromatisée O'Fresh Pêche - 1.5L","p":1.59,"u":"1,06 €/L","img":"https://fd15-photos.leclercdrive.fr/image.ashx?id=2450029&use=l&cat=p&typeid=i","cat":284537},{"id":51257,"n":"Eau aromatisée O'Fresh Citron vert - 1.5L","p":1.32,"u":"0,88 €/L","img":"https://fd15-photos.leclercdrive.fr/image.ashx?id=2450038&use=l&cat=p&typeid=i","cat":284537},{"id":51265,"n":"Eau aromatisée O'Fresh Citron - 1.5L","p":1.29,"u":"0,86 €/L","img":"https://fd15-photos.leclercdrive.fr/image.ashx?id=2450041&use=l&cat=p&typeid=i","cat":284537},{"id":51268,"n":"Eau aromatisée O'Fresh Fraise - 1.5L","p":1.39,"u":"0,93 €/L","img":"https://fd15-photos.leclercdrive.fr/image.ashx?id=2450044&use=l&cat=p&typeid=i","cat":284537},{"id":51271,"n":"Tablette chocolat Côte d'Or Noir extra - 3x100g","p":6.4,"u":"21,33 €/KG","img":"https://fd15-photos.leclercdrive.fr/image.ashx?id=2875564&use=l&cat=p&typeid=i","cat":284956},{"id":51274,"n":"Tablette chocolat Côte d'Or Chocolar lait/ Raisin - 180g","p":5.54,"u":"30,78 €/KG","img":"https://fd15-photos.leclercdrive.fr/image.ashx?id=2961272&use=l&cat=p&typeid=i","cat":284497},{"id":51275,"n":"Tablette chocolat Côte d'Or Chocolat lait/Noisettes - 180g","p":4.84,"u":"26,89 €/KG","img":"https://fd15-photos.leclercdrive.fr/image.ashx?id=2993140&use=l&cat=p&typeid=i","cat":284497},{"id":51276,"n":"Tablette chocolat Côte d'Or Chocolat noir/Noisettes - 180g","p":5.59,"u":"31,06 €/KG","img":"https://fd15-photos.leclercdrive.fr/image.ashx?id=2993143&use=l&cat=p&typeid=i","cat":284956},{"id":51277,"n":"Tablette chocolat Côte d'Or Chocolat noir Amandes - 180g","p":5.91,"u":"32,83 €/KG","img":"https://fd15-photos.leclercdrive.fr/image.ashx?id=2993146&use=l&cat=p&typeid=i","cat":284956},{"id":51289,"n":"Fromage Blanc Calin Nature - 0% extra - 850g","p":3.25,"u":"3,82 €/KG","img":"https://fd15-photos.leclercdrive.fr/image.ashx?id=2973724&use=l&cat=p&typeid=i","cat":315000},{"id":51291,"n":"Fromage blanc Soignon Nature lait de chèvre - 4x100g","p":3.89,"u":"9,73 €/KG","img":"https://fd15-photos.leclercdrive.fr/image.ashx?id=2539902&use=l&cat=p&typeid=i","cat":314998},{"id":51292,"n":"Yaourts Douceur satinée Délisse Nature - 8x125g","p":3.95,"u":"3,95 €/KG","img":"https://fd15-photos.leclercdrive.fr/image.ashx?id=2465047&use=l&cat=p&typeid=i","cat":284409},{"id":51293,"n":"Douceur satinée Délisse Noix de coco - 4x125g","p":2.45,"u":"4,90 €/KG","img":"https://fd15-photos.leclercdrive.fr/image.ashx?id=2967564&use=l&cat=p&typeid=i","cat":314999},{"id":51297,"n":"Compotes Andros Pomme nature - 8x100g","p":4.7,"u":"5,88 €/KG","img":"https://fd15-photos.leclercdrive.fr/image.ashx?id=2884006&use=l&cat=p&typeid=i","cat":284416},{"id":51300,"n":"Yaourt Nature Sucré Yoplait - 4x125g","p":0.45,"u":"0,90 €/KG","img":"https://fd15-photos.leclercdrive.fr/image.ashx?id=2799898&use=l&cat=p&typeid=i","cat":284409},{"id":51318,"n":"Nonnettes de Dijon NRT Cassis - 200g","p":7.99,"u":"39,95 €/KG","img":"https://fd15-photos.leclercdrive.fr/image.ashx?id=2622338&use=l&cat=p&typeid=i","cat":284493},{"id":51344,"n":"Riz au lait La Laitière Rhum raisin - 4x115g","p":3.62,"u":"7,87 €/KG","img":"https://fd15-photos.leclercdrive.fr/image.ashx?id=2490455&use=l&cat=p&typeid=i","cat":284418},{"id":51346,"n":"Dessert liégeois Viennois Vanille lit de caramel - 4x100g","p":3.66,"u":"9,15 €/KG","img":"https://fd15-photos.leclercdrive.fr/image.ashx?id=2692122&use=l&cat=p&typeid=i","cat":285042},{"id":51353,"n":"Fromage Cantal jeune NRT AOP  200g","p":3.5,"u":"17,50 €/KG","img":"https://fd15-photos.leclercdrive.fr/image.ashx?id=2934832&use=l&cat=p&typeid=i","cat":314034},{"id":51354,"n":"Mascarpone gorgonzola Tradizioni d'Italia - 200g","p":4.39,"u":"21,95 €/KG","img":"https://fd15-photos.leclercdrive.fr/image.ashx?id=2966535&use=l&cat=p&typeid=i","cat":314032},{"id":51361,"n":"Brassé Poire vanille Good Goût Bio Dès 6 mois - 90g","p":2.09,"u":"23,22 €/KG","img":"https://fd15-photos.leclercdrive.fr/image.ashx?id=2736178&use=l&cat=p&typeid=i","cat":312392},{"id":51392,"n":"Yaourts à la Grecque Délisse Lit de fruit jaunes - 4x150g","p":2.78,"u":"4,63 €/KG","img":"https://fd15-photos.leclercdrive.fr/image.ashx?id=2699699&use=l&cat=p&typeid=i","cat":314999},{"id":51395,"n":"Profiteroles Délisse 4x90g","p":3.48,"u":"9,67 €/KG","img":"https://fd15-photos.leclercdrive.fr/image.ashx?id=2844842&use=l&cat=p&typeid=i","cat":284419},{"id":51513,"n":"Feutres d'écriture Esquisse Ecriture fine - x12","p":3.47,"img":"https://fd15-photos.leclercdrive.fr/image.ashx?id=932508&use=l&cat=p&typeid=i","cat":284696},{"id":51607,"n":"Fromage enfant Kiri Goûter 8 portions barquettes - 280g","p":3.95,"u":"14,11 €/KG","img":"https://fd15-photos.leclercdrive.fr/image.ashx?id=2972886&use=l&cat=p&typeid=i","cat":314030},{"id":51659,"n":"AOP La Clape Vin rouge Bio Ch. L'Hospitalet - 75cl","p":15.15,"u":"20,20 €/L","img":"https://fd15-photos.leclercdrive.fr/image.ashx?id=2687005&use=l&cat=p&typeid=i","cat":289556},{"id":51669,"n":"IGP Pays d'Oc blanc Viognier Jean-Claude Mas 13.5%vol - 75cl","p":6.95,"u":"9,27 €/L","img":"https://fd15-photos.leclercdrive.fr/image.ashx?id=2490314&use=l&cat=p&typeid=i","cat":289557},{"id":51722,"n":"Bâtonnet Magic Smicy Mutlifruits x8 - 320g","p":2.15,"u":"6,72 €/KG","img":"https://fd15-photos.leclercdrive.fr/image.ashx?id=2133942&use=l&cat=p&typeid=i","cat":285250},{"id":51750,"n":"Sel fin La Baleine Iodé - 500g","p":0.93,"u":"1,86 €/KG","img":"https://fd15-photos.leclercdrive.fr/image.ashx?id=1752100&use=l&cat=p&typeid=i","cat":284457},{"id":51751,"n":"Cacolac Chocolat Canettes Pack - 6x25cl","p":7.99,"u":"5,33 €/L","img":"https://fd15-photos.leclercdrive.fr/image.ashx?id=2554623&use=l&cat=p&typeid=i","cat":295246},{"id":51755,"n":"Nectar Fruits de Saison Bio Pressade - 1,5L","p":3.99,"u":"2,66 €/L","img":"https://fd15-photos.leclercdrive.fr/image.ashx?id=2732509&use=l&cat=p&typeid=i","cat":284915},{"id":51771,"n":"Protège-documents Esquisse  Transparent - A4 - 40 vues","p":2.42,"img":"https://fd15-photos.leclercdrive.fr/image.ashx?id=1690170&use=l&cat=p&typeid=i","cat":284745},{"id":51822,"n":"Thé glacé Lipton Ice Tea Pêche - 4x50cl","p":5.25,"u":"2,63 €/L","img":"https://fd15-photos.leclercdrive.fr/image.ashx?id=2505471&use=l&cat=p&typeid=i","cat":295019},{"id":51866,"n":"Lait Croissance Mots d'Enfants 12 à 36 mois - 6x1L","p":12.49,"u":"2,08 €/L","img":"https://fd15-photos.leclercdrive.fr/image.ashx?id=2770684&use=l&cat=p&typeid=i","cat":284728},{"id":51934,"n":"Goûter laitier Récré O'Lé Gourdes Chocolat - 12x85g","p":8.59,"u":"8,42 €/KG","img":"https://fd15-photos.leclercdrive.fr/image.ashx?id=2887035&use=l&cat=p&typeid=i","cat":284506},{"id":51939,"n":"Trio salade Florette Mâche roquette betterave - 175g","p":5.69,"u":"32,51 €/KG","img":"https://fd15-photos.leclercdrive.fr/image.ashx?id=2650534&use=l&cat=p&typeid=i","cat":284353},{"id":51954,"n":"Bougie Bien Air Vanille/ambre 40h x1","p":4.99,"img":"https://fd15-photos.leclercdrive.fr/image.ashx?id=2573406&use=l&cat=p&typeid=i","cat":284666},{"id":51956,"n":"Gel barquette  Bien Air Muguet  x1","p":1.31,"img":"https://fd15-photos.leclercdrive.fr/image.ashx?id=2466877&use=l&cat=p&typeid=i","cat":311628},{"id":51976,"n":"Boisson lactée Candy'UP Chocolat - 24x20cl","p":15.9,"u":"3,31 €/L","img":"https://fd15-photos.leclercdrive.fr/image.ashx?id=2851060&use=l&cat=p&typeid=i","cat":295246},{"id":51978,"n":"Boisson au soja Nat&Vie Chocolat - 1L","p":1.99,"u":"1,99 €/L","img":"https://fd15-photos.leclercdrive.fr/image.ashx?id=2852100&use=l&cat=p&typeid=i","cat":316067},{"id":51979,"n":"Boisson au soja Vanille Végé 1L Végé - 200g","p":2.69,"u":"2,69 €/L","img":"https://fd15-photos.leclercdrive.fr/image.ashx?id=2872703&use=l&cat=p&typeid=i","cat":316067},{"id":51980,"n":"Lait demi-écrémé Délisse UHT -  6x25cl","p":4.11,"u":"2,74 €/L","img":"https://fd15-photos.leclercdrive.fr/image.ashx?id=2971503&use=l&cat=p&typeid=i","cat":284377},{"id":51989,"n":"Lait sans lactose Délisse UHT Bouteille -  6x50cl","p":6.68,"u":"2,23 €/L","img":"https://fd15-photos.leclercdrive.fr/image.ashx?id=2492267&use=l&cat=p&typeid=i","cat":317169},{"id":51990,"n":"Lait demi-écrémé Délisse Délactosé bouteille - 50cl","p":1.39,"u":"2,78 €/L","img":"https://fd15-photos.leclercdrive.fr/image.ashx?id=2610232&use=l&cat=p&typeid=i","cat":317169},{"id":51995,"n":"Spécialité laitière Délisse Epaisse - 7% MG - 50cl","p":1.85,"u":"3,70 €/L","img":"https://fd15-photos.leclercdrive.fr/image.ashx?id=2363802&use=l&cat=p&typeid=i","cat":284381},{"id":51996,"n":"Spécialtié laitière Délisse UHT Fluide 4%mg - 3x20cl","p":2.5,"u":"4,17 €/L","img":"https://fd15-photos.leclercdrive.fr/image.ashx?id=2909398&use=l&cat=p&typeid=i","cat":284381},{"id":51999,"n":"Spécialité laitière Délisse Semi-épaisse 4%mg - 2x25cl","p":2.86,"u":"5,72 €/L","img":"https://fd15-photos.leclercdrive.fr/image.ashx?id=1790942&use=l&cat=p&typeid=i","cat":284381},{"id":52000,"n":"Spécialité laitière Délisse Epaisse - 7% MG - 20cl","p":1.35,"u":"6,75 €/L","img":"https://fd15-photos.leclercdrive.fr/image.ashx?id=2375583&use=l&cat=p&typeid=i","cat":284381},{"id":52002,"n":"HERTA Pâte à pizza fine & ronde 265g","p":2.29,"u":"8,64 €/KG","img":"https://fd15-photos.leclercdrive.fr/image.ashx?id=2975674&use=l&cat=p&typeid=i","cat":333681},{"id":52003,"n":"Eau aromatisée O'Fresh Fraise - 6x50cl","p":4.25,"u":"1,42 €/L","img":"https://fd15-photos.leclercdrive.fr/image.ashx?id=2441378&use=l&cat=p&typeid=i","cat":284537},{"id":52004,"n":"AOC Alsace Edelzwicker  vin blanc Rebmann - 75 cl","p":7.57,"u":"10,09 €/L","img":"https://fd15-photos.leclercdrive.fr/image.ashx?id=3007055&use=l&cat=p&typeid=i","cat":289557},{"id":52044,"n":"Croquettes Lydog Mini chien adulte - 1.5kg","p":5.15,"u":"3,43 €/KG","img":"https://fd15-photos.leclercdrive.fr/image.ashx?id=1951079&use=l&cat=p&typeid=i","cat":294526},{"id":52071,"n":"Tortillas Table du Monde De maïs - 320g","p":2.45,"u":"7,66 €/KG","img":"https://fd15-photos.leclercdrive.fr/image.ashx?id=2679759&use=l&cat=p&typeid=i","cat":288993},{"id":52078,"n":"Pointe Brie de Meaux NRT AOP 200g","p":3.75,"u":"18,75 €/KG","img":"https://fd15-photos.leclercdrive.fr/image.ashx?id=2564491&use=l&cat=p&typeid=i","cat":314033},{"id":52080,"n":"Emmental fromage rapé Les Croisés - 1kg","p":9.99,"u":"9,99 €/KG","img":"https://fd15-photos.leclercdrive.fr/image.ashx?id=2832990&use=l&cat=p&typeid=i","cat":314035},{"id":52081,"n":"Boisson à base de vin rosé  saveur fraise Festalie - 75 cl","p":6.39,"u":"8,52 €/L","img":"https://fd15-photos.leclercdrive.fr/image.ashx?id=2774903&use=l&cat=p&typeid=i","cat":304569},{"id":52082,"n":"Roulés Les Croisés Jambon fumé Fromage ail fines herbes - 100g","p":2.99,"u":"29,90 €/KG","img":"https://fd15-photos.leclercdrive.fr/image.ashx?id=2501682&use=l&cat=p&typeid=i","cat":314027},{"id":52083,"n":"Roulés Les Croisés Jambon fumé poivre - 100g","p":3.85,"u":"38,50 €/KG","img":"https://fd15-photos.leclercdrive.fr/image.ashx?id=2501685&use=l&cat=p&typeid=i","cat":314027},{"id":52087,"n":"Apéritif Rosso Voltano Sans alcool - 75cl","p":2.99,"u":"3,99 €/L","img":"https://fd15-photos.leclercdrive.fr/image.ashx?id=2562117&use=l&cat=p&typeid=i","cat":284549},{"id":52090,"n":"Pizza Turini 3 Fromages - 3x350g","p":9.15,"u":"8,71 €/KG","img":"https://fd15-photos.leclercdrive.fr/image.ashx?id=2815247&use=l&cat=p&typeid=i","cat":284256},{"id":52096,"n":"Confit de figues NRT De Provence - 150g","p":3.45,"u":"23,00 €/KG","img":"https://fd15-photos.leclercdrive.fr/image.ashx?id=2839995&use=l&cat=p&typeid=i","cat":284480},{"id":52105,"n":"Mini brownies chocolat  Sans gluten - 240g","p":3.2,"u":"13,33 €/KG","img":"https://fd15-photos.leclercdrive.fr/image.ashx?id=2463404&use=l&cat=p&typeid=i","cat":318654},{"id":52108,"n":"Sirop violette NRT Des Alpes-Maritimes -70cl","p":4.99,"u":"7,13 €/L","img":"https://fd15-photos.leclercdrive.fr/image.ashx?id=2590490&use=l&cat=p&typeid=i","cat":295020},{"id":52110,"n":"Chiffonnade Saint Azay Jambon italien  - 100g","p":4.19,"u":"41,90 €/KG","img":"https://fd15-photos.leclercdrive.fr/image.ashx?id=2313106&use=l&cat=p&typeid=i","cat":316007},{"id":52111,"n":"Chiffonade chorizo Saint Azay 100g","p":3.69,"u":"36,90 €/KG","img":"https://fd15-photos.leclercdrive.fr/image.ashx?id=2845146&use=l&cat=p&typeid=i","cat":316007},{"id":52112,"n":"Jambon sec Saint Azay  4 tranches - 100g","p":2.65,"u":"26,50 €/KG","img":"https://fd15-photos.leclercdrive.fr/image.ashx?id=2869275&use=l&cat=p&typeid=i","cat":316007},{"id":52118,"n":"Persil Rustica 250g","p":5.29,"u":"21,16 €/KG","img":"https://fd15-photos.leclercdrive.fr/image.ashx?id=2835205&use=l&cat=p&typeid=i","cat":319804},{"id":52122,"n":"Limonade Sprink's Zero - 1.5L","p":1.09,"u":"0,73 €/L","img":"https://fd15-photos.leclercdrive.fr/image.ashx?id=2913681&use=l&cat=p&typeid=i","cat":284531},{"id":52124,"n":"Pâtes Tagliatelles Turini  Fraiches - 600g","p":3.75,"u":"6,25 €/KG","img":"https://fd15-photos.leclercdrive.fr/image.ashx?id=2823081&use=l&cat=p&typeid=i","cat":333682},{"id":52125,"n":"Feuilleté glacé Tyrolia Eskiss Fruits rouges - 390g","p":3.59,"u":"9,21 €/KG","img":"https://fd15-photos.leclercdrive.fr/image.ashx?id=2660425&use=l&cat=p&typeid=i","cat":284266},{"id":52126,"n":"Crème brulée Tyrolia Eskiss 350g","p":3.19,"u":"9,11 €/KG","img":"https://fd15-photos.leclercdrive.fr/image.ashx?id=2075672&use=l&cat=p&typeid=i","cat":284266},{"id":52128,"n":"Dés de saumon Ronde des Mers  Fumé nature - 90g","p":6.5,"u":"72,22 €/KG","img":"https://fd15-photos.leclercdrive.fr/image.ashx?id=2966246&use=l&cat=p&typeid=i","cat":285188},{"id":52134,"n":"Emmental -30% sel fromage bloc  Les Croisés - 200g","p":2.8,"u":"14,00 €/KG","img":"https://fd15-photos.leclercdrive.fr/image.ashx?id=2897790&use=l&cat=p&typeid=i","cat":314034},{"id":52135,"n":"Emmental -30% sel fromage râpé Les Croisés - 150g","p":1.99,"u":"13,27 €/KG","img":"https://fd15-photos.leclercdrive.fr/image.ashx?id=2832978&use=l&cat=p&typeid=i","cat":314035},{"id":52138,"n":"Anchois entiers NRT à l'huile d'olive vierge extra - 115g","p":3.67,"u":"31,91 €/KG","img":"https://fd15-photos.leclercdrive.fr/image.ashx?id=2775783&use=l&cat=p&typeid=i","cat":305147},{"id":52139,"n":"Confit d'oignons NRT 150g","p":1.57,"u":"10,47 €/KG","img":"https://fd15-photos.leclercdrive.fr/image.ashx?id=2839998&use=l&cat=p&typeid=i","cat":284458},{"id":52141,"n":"Bâtonnets Dentastix Pedigree Moyen chien x7 - 180g","p":4.15,"u":"23,06 €/KG","img":"https://fd15-photos.leclercdrive.fr/image.ashx?id=2981301&use=l&cat=p&typeid=i","cat":294527},{"id":52142,"n":"Bâtonnets Dentastix Pedigree Grand chien x7 - 270g","p":5.49,"u":"20,33 €/KG","img":"https://fd15-photos.leclercdrive.fr/image.ashx?id=2877046&use=l&cat=p&typeid=i","cat":294527},{"id":52169,"n":"Amandes en poudre Vahiné 125g","p":4.67,"u":"37,36 €/KG","img":"https://fd15-photos.leclercdrive.fr/image.ashx?id=2559796&use=l&cat=p&typeid=i","cat":284504},{"id":52170,"n":"Amandes effilées Vahiné 125g","p":4.94,"u":"39,52 €/KG","img":"https://fd15-photos.leclercdrive.fr/image.ashx?id=2490575&use=l&cat=p&typeid=i","cat":284504},{"id":52171,"n":"Noix de coco Vahiné  Râpée - 115g","p":1.7,"u":"14,78 €/KG","img":"https://fd15-photos.leclercdrive.fr/image.ashx?id=2559811&use=l&cat=p&typeid=i","cat":284504},{"id":52172,"n":"Noisettes en poudre Vahiné 100g","p":4.7,"u":"47,00 €/KG","img":"https://fd15-photos.leclercdrive.fr/image.ashx?id=2559823&use=l&cat=p&typeid=i","cat":284504},{"id":52174,"n":"Raisins blond Vahiné  125g","p":1.85,"u":"14,80 €/KG","img":"https://fd15-photos.leclercdrive.fr/image.ashx?id=2606253&use=l&cat=p&typeid=i","cat":284357},{"id":52175,"n":"Raisins secs Vahiné  125g","p":1.73,"u":"13,84 €/KG","img":"https://fd15-photos.leclercdrive.fr/image.ashx?id=2559820&use=l&cat=p&typeid=i","cat":284357},{"id":52177,"n":"Pignons de pin Vahiné 50g","p":5.25,"u":"105,00 €/KG","img":"https://fd15-photos.leclercdrive.fr/image.ashx?id=2559799&use=l&cat=p&typeid=i","cat":284357},{"id":52246,"n":"Spray retouche L'Oréal Paris Magic Retouch Noir","p":17.25,"u":"230,00 €/L","img":"https://fd15-photos.leclercdrive.fr/image.ashx?id=2586420&use=l&cat=p&typeid=i","cat":288899},{"id":52249,"n":"Spray retouche L'Oréal Paris Magic Retouch Blond foncé","p":17.25,"u":"230,00 €/L","img":"https://fd15-photos.leclercdrive.fr/image.ashx?id=2586429&use=l&cat=p&typeid=i","cat":288899},{"id":52251,"n":"Spray retouche L'Oréal Paris Magic Retouch Châtain Foncé","p":17.25,"u":"230,00 €/L","img":"https://fd15-photos.leclercdrive.fr/image.ashx?id=2586423&use=l&cat=p&typeid=i","cat":288899},{"id":52254,"n":"IGP Comté Tolosan vin blanc Bernard Cordelier - 75 cl","p":4.38,"u":"5,84 €/L","img":"https://fd15-photos.leclercdrive.fr/image.ashx?id=2905198&use=l&cat=p&typeid=i","cat":289557},{"id":52335,"n":"Sauce tomate cuisinée Panzani Tube légumes - 180g","p":1.49,"u":"8,28 €/KG","img":"https://fd15-photos.leclercdrive.fr/image.ashx?id=2984751&use=l&cat=p&typeid=i","cat":288384},{"id":52381,"n":"Protège document A4 Esquisse Bleu - 200 vues","p":4.7,"img":"https://fd15-photos.leclercdrive.fr/image.ashx?id=1932810&use=l&cat=p&typeid=i","cat":284745},{"id":52388,"n":"Crème anti-âge So Bio Etic Plaisir d'argan bio - 50ml","p":13.2,"u":"264,00 €/L","img":"https://fd15-photos.leclercdrive.fr/image.ashx?id=2988587&use=l&cat=p&typeid=i","cat":325345},{"id":52389,"n":"Gelée nuit anti âge So Bio Etic Argan bio - 40ml","p":11.25,"u":"281,25 €/L","img":"https://fd15-photos.leclercdrive.fr/image.ashx?id=2494734&use=l&cat=p&typeid=i","cat":325345},{"id":52391,"n":"Lotion micellaire So Bio Etic Tonifiante bio - 500ml","p":9.0,"u":"18,00 €/L","img":"https://fd15-photos.leclercdrive.fr/image.ashx?id=2909065&use=l&cat=p&typeid=i","cat":284603},{"id":52392,"n":"Contour yeux lèvres So Bio Etic Anti-âge Argan bio - 15ml","p":11.9,"u":"793,33 €/L","img":"https://fd15-photos.leclercdrive.fr/image.ashx?id=2494740&use=l&cat=p&typeid=i","cat":325345},{"id":52539,"n":"Pur jus de citron Jardin Bio Bio - 50cl","p":3.95,"u":"7,90 €/L","img":"https://fd15-photos.leclercdrive.fr/image.ashx?id=3014524&use=l&cat=p&typeid=i","cat":288383},{"id":52540,"n":"Pur jus de citron Jardin Bio Bio - 25cl","p":3.15,"u":"12,60 €/L","img":"https://fd15-photos.leclercdrive.fr/image.ashx?id=2673745&use=l&cat=p&typeid=i","cat":288383},{"id":52582,"n":"Sauce Bolognaise Panzani - 210G","p":1.86,"u":"8,86 €/KG","img":"https://fd15-photos.leclercdrive.fr/image.ashx?id=2977927&use=l&cat=p&typeid=i","cat":287599},{"id":52598,"n":"Pur Jus de carottes NRT Des Landes - 1L","p":3.59,"u":"3,59 €/L","img":"https://fd15-photos.leclercdrive.fr/image.ashx?id=2590508&use=l&cat=p&typeid=i","cat":284523},{"id":52618,"n":"Crème brulée Rians  3x100g","p":5.65,"u":"18,83 €/KG","img":"https://fd15-photos.leclercdrive.fr/image.ashx?id=2396246&use=l&cat=p&typeid=i","cat":284419},{"id":52625,"n":"Sauce Pommes de Terre Bénédicta - 255g","p":2.35,"u":"9,04 €/KG","img":"https://fd15-photos.leclercdrive.fr/image.ashx?id=2689925&use=l&cat=p&typeid=i","cat":318430},{"id":52631,"n":"Sauce Béarnaise Bénédicta - 260g","p":2.51,"u":"9,65 €/KG","img":"https://fd15-photos.leclercdrive.fr/image.ashx?id=2689931&use=l&cat=p&typeid=i","cat":318430},{"id":52632,"n":"Sauce au Poivre Bénédicta - 260g","p":2.39,"u":"9,19 €/KG","img":"https://fd15-photos.leclercdrive.fr/image.ashx?id=2689937&use=l&cat=p&typeid=i","cat":318430},{"id":52633,"n":"Sauce Tartare Bénédicta - 260g","p":2.25,"u":"8,65 €/KG","img":"https://fd15-photos.leclercdrive.fr/image.ashx?id=2689940&use=l&cat=p&typeid=i","cat":318430},{"id":52634,"n":"Sauce Bourguignonne Bénédicta - 260g","p":2.83,"u":"10,48 €/KG","img":"https://fd15-photos.leclercdrive.fr/image.ashx?id=2689943&use=l&cat=p&typeid=i","cat":318430},{"id":52673,"n":"Fromage Burger cheddar/emmental Président - 12 tranches - 200g","p":2.36,"u":"11,80 €/KG","img":"https://fd15-photos.leclercdrive.fr/image.ashx?id=2445024&use=l&cat=p&typeid=i","cat":314028},{"id":52684,"n":"Cheddar fromage râpé  Les Croisés - 200g","p":2.68,"u":"13,40 €/KG","img":"https://fd15-photos.leclercdrive.fr/image.ashx?id=2044381&use=l&cat=p&typeid=i","cat":314035},{"id":52688,"n":"Burrata Di Andria IGP  Tradizioni d'italia - 200g","p":8.99,"u":"44,95 €/KG","img":"https://fd15-photos.leclercdrive.fr/image.ashx?id=2904025&use=l&cat=p&typeid=i","cat":314026},{"id":52704,"n":"Emmental Président 400g","p":7.35,"u":"18,38 €/KG","img":"https://fd15-photos.leclercdrive.fr/image.ashx?id=2752945&use=l&cat=p&typeid=i","cat":314034},{"id":52705,"n":"Bonbon Fili-tubs fraise Lutti  - 200g","p":3.06,"u":"15,30 €/KG","img":"https://fd15-photos.leclercdrive.fr/image.ashx?id=1750952&use=l&cat=p&typeid=i","cat":304250},{"id":52720,"n":"Essuie-tout blanc Mimosa Super absorbant - x3 compacts","p":5.76,"u":"1,92 €/P","img":"https://fd15-photos.leclercdrive.fr/image.ashx?id=2401897&use=l&cat=p&typeid=i","cat":284635},{"id":52757,"n":"Biscuits sablés Granola Chocolat au lait - 2x200g","p":5.29,"u":"13,23 €/KG","img":"https://fd15-photos.leclercdrive.fr/image.ashx?id=2347275&use=l&cat=p&typeid=i","cat":284488},{"id":52790,"n":"Fromage mi-chèvre Soignon 180g","p":2.7,"u":"15,00 €/KG","img":"https://fd15-photos.leclercdrive.fr/image.ashx?id=2734357&use=l&cat=p&typeid=i","cat":314031},{"id":52797,"n":"AOP Parmigiano Reggiano Tradizioni d'Italia - 60g","p":2.48,"u":"41,33 €/KG","img":"https://fd15-photos.leclercdrive.fr/image.ashx?id=2904028&use=l&cat=p&typeid=i","cat":314035},{"id":52804,"n":"Fromage à Raclette RichesMonts  Classique 18 Tranches - 420g","p":7.75,"u":"18,45 €/KG","img":"https://fd15-photos.leclercdrive.fr/image.ashx?id=2953489&use=l&cat=p&typeid=i","cat":314037},{"id":52809,"n":"Fromage raclette Les Croisés 28%mg - 800g","p":11.35,"u":"14,19 €/KG","img":"https://fd15-photos.leclercdrive.fr/image.ashx?id=2793221&use=l&cat=p&typeid=i","cat":314037},{"id":52811,"n":"Fromage raclette fumée Les Croisés 26%mg - 250g","p":3.8,"u":"15,20 €/KG","img":"https://fd15-photos.leclercdrive.fr/image.ashx?id=2793236&use=l&cat=p&typeid=i","cat":314037},{"id":52819,"n":"Fromage Gruyère râpé IGP NRT 150g","p":2.43,"u":"16,20 €/KG","img":"https://fd15-photos.leclercdrive.fr/image.ashx?id=2771085&use=l&cat=p&typeid=i","cat":314035},{"id":52951,"n":"Café dosettes Tassimo Thé vert menthe x16","p":7.5,"u":"187,50 €/KG","img":"https://fd15-photos.leclercdrive.fr/image.ashx?id=2100368&use=l&cat=p&typeid=i","cat":293233},{"id":52958,"n":"Café dosettes Tassimo L'Or Espresso Classique x16","p":7.59,"u":"72,98 €/KG","img":"https://fd15-photos.leclercdrive.fr/image.ashx?id=2507335&use=l&cat=p&typeid=i","cat":293240},{"id":52961,"n":"Gnocchi Bio Village Bio - 300g","p":2.19,"u":"7,30 €/KG","img":"https://fd15-photos.leclercdrive.fr/image.ashx?id=2607960&use=l&cat=p&typeid=i","cat":333682},{"id":52962,"n":"Biscuits fourrés Prince Chocolat - 300g","p":2.9,"u":"9,67 €/KG","img":"https://fd15-photos.leclercdrive.fr/image.ashx?id=3014638&use=l&cat=p&typeid=i","cat":284488},{"id":52964,"n":"Essuie-tout blanc Mimosa Super absorbant - x4 compacts","p":5.98,"u":"1,50 €/P","img":"https://fd15-photos.leclercdrive.fr/image.ashx?id=2405742&use=l&cat=p&typeid=i","cat":284635},{"id":52979,"n":"Truite fumée de Bretagne NRT x4 - 120g","p":9.69,"u":"80,75 €/KG","img":"https://fd15-photos.leclercdrive.fr/image.ashx?id=2663851&use=l&cat=p&typeid=i","cat":285188},{"id":53032,"n":"Essuie-tout décoré Mimosa x3 compacts","p":5.71,"u":"1,90 €/P","img":"https://fd15-photos.leclercdrive.fr/image.ashx?id=2434245&use=l&cat=p&typeid=i","cat":284635},{"id":53033,"n":"Essuie-tout décoré Mimosa x2 compacts","p":4.56,"u":"2,28 €/P","img":"https://fd15-photos.leclercdrive.fr/image.ashx?id=2202455&use=l&cat=p&typeid=i","cat":284635},{"id":53064,"n":"Eponges grattantes Mamison  Vaisselle délicate - x2","p":1.48,"u":"0,74 €/P","img":"https://fd15-photos.leclercdrive.fr/image.ashx?id=2202440&use=l&cat=p&typeid=i","cat":284667},{"id":53065,"n":"Eponges grattantes Mamison  Récurage difficile - x2","p":1.01,"u":"0,51 €/P","img":"https://fd15-photos.leclercdrive.fr/image.ashx?id=2207733&use=l&cat=p&typeid=i","cat":284667},{"id":53066,"n":"Diffuseur mini spray Bien Air Floral  - 15ml","p":2.8,"u":"186,67 €/L","img":"https://fd15-photos.leclercdrive.fr/image.ashx?id=2375699&use=l&cat=p&typeid=i","cat":311629},{"id":53067,"n":"Recharge désodorisant Bien Air  Floral - 15ml","p":2.1,"u":"140,00 €/L","img":"https://fd15-photos.leclercdrive.fr/image.ashx?id=2467655&use=l&cat=p&typeid=i","cat":311629},{"id":53069,"n":"Recharge désodorisant Bien Air  Muguet - 15ml","p":0.97,"u":"64,67 €/L","img":"https://fd15-photos.leclercdrive.fr/image.ashx?id=2467658&use=l&cat=p&typeid=i","cat":311629},{"id":53121,"n":"Bière blonde Kekette  3x33cl","p":13.59,"u":"41,18 €/L","img":"https://fd15-photos.leclercdrive.fr/image.ashx?id=2667079&use=l&cat=p&typeid=i","cat":334872},{"id":53122,"n":"Bière blonde Trappe 6.5%vol - 33cl","p":3.29,"u":"9,97 €/L","img":"https://fd15-photos.leclercdrive.fr/image.ashx?id=2459144&use=l&cat=p&typeid=i","cat":334872},{"id":53135,"n":"Crozets de Savoie NRT Nature - 400g","p":2.58,"u":"6,45 €/KG","img":"https://fd15-photos.leclercdrive.fr/image.ashx?id=2856226&use=l&cat=p&typeid=i","cat":284427},{"id":53165,"n":"Lomo Saint Azay 100g","p":3.78,"u":"37,80 €/KG","img":"https://fd15-photos.leclercdrive.fr/image.ashx?id=2453192&use=l&cat=p&typeid=i","cat":316007},{"id":53168,"n":"Snacks chats Tous mes amis Hygiène dentaire mini - 40g","p":1.29,"u":"32,25 €/KG","img":"https://fd15-photos.leclercdrive.fr/image.ashx?id=1946868&use=l&cat=p&typeid=i","cat":285285},{"id":53170,"n":"Dés fromage de Brebis Herbes de Provence Les Croisés - 300g","p":4.2,"u":"14,00 €/KG","img":"https://fd15-photos.leclercdrive.fr/image.ashx?id=2900531&use=l&cat=p&typeid=i","cat":314027},{"id":53174,"n":"Chocolat noir Equador Caramel salé - 100g","p":1.92,"u":"19,20 €/KG","img":"https://fd15-photos.leclercdrive.fr/image.ashx?id=2553339&use=l&cat=p&typeid=i","cat":284956},{"id":53181,"n":"Panés colin d'Alaska Cap Océan MSC - 200g","p":4.99,"u":"24,95 €/KG","img":"https://fd15-photos.leclercdrive.fr/image.ashx?id=2533910&use=l&cat=p&typeid=i","cat":284344},{"id":53183,"n":"Tartinable Saumon Cap Océan Fromage ail fines herbes - 140g","p":3.6,"u":"25,71 €/KG","img":"https://fd15-photos.leclercdrive.fr/image.ashx?id=2406028&use=l&cat=p&typeid=i","cat":285191},{"id":53431,"n":"Chocolat lait Tablette d'Or 100g","p":1.95,"u":"19,50 €/KG","img":"https://fd15-photos.leclercdrive.fr/image.ashx?id=2943088&use=l&cat=p&typeid=i","cat":284497},{"id":53465,"n":"Biscuit petit beurre P'tit Déli Chocolat lait 48% - 125g","p":2.29,"u":"18,32 €/KG","img":"https://fd15-photos.leclercdrive.fr/image.ashx?id=2414985&use=l&cat=p&typeid=i","cat":284488},{"id":53474,"n":"Bloc de foie gras pour apéritif Pierre De Chaumeyrac - 100g","p":7.95,"u":"79,50 €/KG","img":"https://fd15-photos.leclercdrive.fr/image.ashx?id=2804332&use=l&cat=p&typeid=i","cat":316008},{"id":53479,"n":"AOP Côtes du Rhône rouge Vieille Vignes - 75cl","p":6.36,"u":"8,48 €/L","img":"https://fd15-photos.leclercdrive.fr/image.ashx?id=2722396&use=l&cat=p&typeid=i","cat":289556},{"id":53508,"n":"Fine chapelure de pain Tipiak 275g","p":1.65,"u":"6,00 €/KG","img":"https://fd15-photos.leclercdrive.fr/image.ashx?id=2594124&use=l&cat=p&typeid=i","cat":288382},{"id":53531,"n":"Compotes Pom'Potes Gourdes Multivariétés Inédits - 20x90g","p":17.0,"u":"9,44 €/KG","img":"https://fd15-photos.leclercdrive.fr/image.ashx?id=2949829&use=l&cat=p&typeid=i","cat":284508},{"id":53597,"n":"AIRWICK Essential Mist Recharge  Fleur de citronnier - 250ml","p":7.99,"u":"399,50 €/L","img":"https://fd15-photos.leclercdrive.fr/image.ashx?id=2864354&use=l&cat=p&typeid=i","cat":311629},{"id":53600,"n":"Recharge spray Bien Air Automatique japon - 250ml","p":2.72,"u":"10,88 €/L","img":"https://fd15-photos.leclercdrive.fr/image.ashx?id=2974963&use=l&cat=p&typeid=i","cat":311629},{"id":53606,"n":"Salade Mexicaine Côté Snack Au thon - 250g","p":2.29,"u":"9,16 €/KG","img":"https://fd15-photos.leclercdrive.fr/image.ashx?id=2884255&use=l&cat=p&typeid=i","cat":284437},{"id":53607,"n":"Salade Piémontaise Côté Snack Thon - 250g","p":2.29,"u":"9,16 €/KG","img":"https://fd15-photos.leclercdrive.fr/image.ashx?id=2868319&use=l&cat=p&typeid=i","cat":284437},{"id":53662,"n":"Jambon Torchon Fleury Michon -25% de sel x2 - 80g","p":2.29,"u":"14,31 €/KG","img":"https://fd15-photos.leclercdrive.fr/image.ashx?id=2923636&use=l&cat=p&typeid=i","cat":316009},{"id":53663,"n":"Dés d'épaule Fleury Michon - 2x75g","p":2.35,"u":"15,67 €/KG","img":"https://fd15-photos.leclercdrive.fr/image.ashx?id=2650429&use=l&cat=p&typeid=i","cat":316011},{"id":53669,"n":"Assortiment Justin Bridou  4 charcuteries - 260g","p":7.8,"u":"30,00 €/KG","img":"https://fd15-photos.leclercdrive.fr/image.ashx?id=2770783&use=l&cat=p&typeid=i","cat":316007},{"id":53783,"n":"Lait de coco Suzi Wan 200ml","p":2.89,"u":"14,45 €/L","img":"https://fd15-photos.leclercdrive.fr/image.ashx?id=3002177&use=l&cat=p&typeid=i","cat":288992},{"id":53816,"n":"Chocolats Ferrero Collection Assortiments x32- 359g","p":17.5,"u":"48,75 €/KG","img":"https://fd15-photos.leclercdrive.fr/image.ashx?id=2940507&use=l&cat=p&typeid=i","cat":327595},{"id":53820,"n":"Madeleines Armor Délices x13 - 430g","p":6.75,"u":"15,70 €/KG","img":"https://fd15-photos.leclercdrive.fr/image.ashx?id=2788688&use=l&cat=p&typeid=i","cat":284492},{"id":53838,"n":"Emmental râpé Président sel réduit 30% - 150g","p":3.2,"u":"21,33 €/KG","img":"https://fd15-photos.leclercdrive.fr/image.ashx?id=2489461&use=l&cat=p&typeid=i","cat":314035},{"id":53839,"n":"Râpé 3 saveurs Président 200g","p":4.29,"u":"21,45 €/KG","img":"https://fd15-photos.leclercdrive.fr/image.ashx?id=2786006&use=l&cat=p&typeid=i","cat":314035},{"id":53899,"n":"Eau minérale gazeuse Perrier  Naturelle - 6x1L","p":8.15,"u":"1,36 €/L","img":"https://fd15-photos.leclercdrive.fr/image.ashx?id=2454463&use=l&cat=p&typeid=i","cat":284536},{"id":53902,"n":"Eau minérale gazeuse Perrier  Fines bulles - 6x1L","p":6.49,"u":"1,08 €/L","img":"https://fd15-photos.leclercdrive.fr/image.ashx?id=2830924&use=l&cat=p&typeid=i","cat":284536},{"id":53904,"n":"Barre de chocolat Toblerone Noir - 360g","p":7.14,"u":"19,83 €/KG","img":"https://fd15-photos.leclercdrive.fr/image.ashx?id=2428687&use=l&cat=p&typeid=i","cat":327595},{"id":53911,"n":"Crevettes  Eco+ Cocktail - 121g","p":4.9,"u":"40,50 €/KG","img":"https://fd15-photos.leclercdrive.fr/image.ashx?id=1710173&use=l&cat=p&typeid=i","cat":305147},{"id":53986,"n":"Marrons glacés en coffret Artisan Provençal x12 - 240g","p":21.32,"u":"88,83 €/KG","img":"https://fd15-photos.leclercdrive.fr/image.ashx?id=1985636&use=l&cat=p&typeid=i","cat":327603},{"id":54112,"n":"Absolut Vodka 40%vol - 1L","p":28.9,"u":"28,90 €/L","img":"https://fd15-photos.leclercdrive.fr/image.ashx?id=2550261&use=l&cat=p&typeid=i","cat":284550},{"id":54120,"n":"Vin effervescent d'Allemagne Fraise  Sans alcool - 75cl","p":7.2,"u":"9,60 €/L","img":"https://fd15-photos.leclercdrive.fr/image.ashx?id=2762540&use=l&cat=p&typeid=i","cat":289460},{"id":54162,"n":"Fromage blanc 0%mg  Soignon Au lait de chèvre - 4x100g","p":4.25,"u":"10,63 €/KG","img":"https://fd15-photos.leclercdrive.fr/image.ashx?id=2518253&use=l&cat=p&typeid=i","cat":314998},{"id":54171,"n":"Sauce Béarnaise Férial 120g","p":2.5,"u":"20,83 €/KG","img":"https://fd15-photos.leclercdrive.fr/image.ashx?id=2636239&use=l&cat=p&typeid=i","cat":284382},{"id":54172,"n":"Sauce aux 3 poivres  120g","p":2.5,"u":"20,83 €/KG","img":"https://fd15-photos.leclercdrive.fr/image.ashx?id=2636242&use=l&cat=p&typeid=i","cat":284382},{"id":54173,"n":"Sauce Forestière Férial 120g","p":2.5,"u":"20,83 €/KG","img":"https://fd15-photos.leclercdrive.fr/image.ashx?id=2636248&use=l&cat=p&typeid=i","cat":284382},{"id":54175,"n":"Pâte brisée sans gluten Chaque Jour Sans Gluten - 230g","p":2.45,"u":"10,65 €/KG","img":"https://fd15-photos.leclercdrive.fr/image.ashx?id=2896027&use=l&cat=p&typeid=i","cat":333681},{"id":54176,"n":"Pâte feuilletée sans gluten Chaque Jour Sans Gluten - 280g","p":2.72,"u":"9,71 €/KG","img":"https://fd15-photos.leclercdrive.fr/image.ashx?id=2896024&use=l&cat=p&typeid=i","cat":333681},{"id":54177,"n":"AOP Champagne Bio Canard Duchêne - Extra Brut - 75cl","p":43.75,"u":"58,33 €/L","img":"https://fd15-photos.leclercdrive.fr/image.ashx?id=2753611&use=l&cat=p&typeid=i","cat":284542},{"id":54184,"n":"Pétillant AOC Jaillance Clairette Bio, 7%vol - 75cl","p":11.89,"u":"15,85 €/L","img":"https://fd15-photos.leclercdrive.fr/image.ashx?id=2867455&use=l&cat=p&typeid=i","cat":284544},{"id":54248,"n":"Mister Cocktail sans alcool Cerise - 75cl","p":6.98,"u":"9,31 €/L","img":"https://fd15-photos.leclercdrive.fr/image.ashx?id=2962221&use=l&cat=p&typeid=i","cat":284549},{"id":54272,"n":"Beurre Tendre Président Demi-sel - 80% MG - 125g","p":2.45,"u":"19,60 €/KG","img":"https://fd15-photos.leclercdrive.fr/image.ashx?id=2653495&use=l&cat=p&typeid=i","cat":284379},{"id":54296,"n":"Recharge mini spray Bien Air Marine - 15ml","p":2.52,"u":"168,00 €/L","img":"https://fd15-photos.leclercdrive.fr/image.ashx?id=2467646&use=l&cat=p&typeid=i","cat":311629},{"id":54297,"n":"Désodorisant Bien Air Mèches actives, lavande - 375ml","p":2.35,"u":"6,27 €/L","img":"https://fd15-photos.leclercdrive.fr/image.ashx?id=2934721&use=l&cat=p&typeid=i","cat":311628},{"id":54298,"n":"Désodorisant Bien Air Mèche active muguet - 375ml","p":1.66,"u":"4,43 €/L","img":"https://fd15-photos.leclercdrive.fr/image.ashx?id=2777803&use=l&cat=p&typeid=i","cat":311628},{"id":54299,"n":"Désodorisant Bien Air Mèche active Fruit rouge 375ml","p":2.37,"u":"6,32 €/L","img":"https://fd15-photos.leclercdrive.fr/image.ashx?id=2777806&use=l&cat=p&typeid=i","cat":311628},{"id":54300,"n":"Désodorisant Bien Air Mèche active agrume 375ml","p":2.49,"u":"6,64 €/L","img":"https://fd15-photos.leclercdrive.fr/image.ashx?id=2777809&use=l&cat=p&typeid=i","cat":311628},{"id":54301,"n":"Recharge mini spray Bien Air Agrume - 15ml","p":2.44,"u":"162,67 €/L","img":"https://fd15-photos.leclercdrive.fr/image.ashx?id=2467652&use=l&cat=p&typeid=i","cat":311629},{"id":54314,"n":"Pur Jus de tomates NRT Du Lot-et-Garonne - 1L","p":3.38,"u":"3,38 €/L","img":"https://fd15-photos.leclercdrive.fr/image.ashx?id=2590505&use=l&cat=p&typeid=i","cat":284523},{"id":54316,"n":"AOC Coteaux du Layon vin blanc Les Caractères - 75cl","p":10.33,"u":"13,77 €/L","img":"https://fd15-photos.leclercdrive.fr/image.ashx?id=2656341&use=l&cat=p&typeid=i","cat":289557},{"id":54344,"n":"Tablette chocolat Côte d'Or Chocolat lait/Amandes - 180g","p":6.07,"u":"33,72 €/KG","img":"https://fd15-photos.leclercdrive.fr/image.ashx?id=3009143&use=l&cat=p&typeid=i","cat":284497},{"id":54372,"n":"Spécialité au soja Nat&Vie Caramel - 4x100g","p":2.69,"u":"6,73 €/P","img":"https://fd15-photos.leclercdrive.fr/image.ashx?id=2901467&use=l&cat=p&typeid=i","cat":316071},{"id":54385,"n":"Coupelles Ananas DDV Sirop léger - 4x70g","p":3.59,"u":"12,82 €/KG","img":"https://fd15-photos.leclercdrive.fr/image.ashx?id=2100793&use=l&cat=p&typeid=i","cat":284507},{"id":54387,"n":"Pains Hot Dog Epi d'Or x4 - 250g","p":2.25,"u":"9,00 €/KG","img":"https://fd15-photos.leclercdrive.fr/image.ashx?id=2147414&use=l&cat=p&typeid=i","cat":284985},{"id":54393,"n":"Spécialité de saucisse St Azay Sèche - 200g","p":4.55,"u":"22,75 €/KG","img":"https://fd15-photos.leclercdrive.fr/image.ashx?id=2982622&use=l&cat=p&typeid=i","cat":316006},{"id":54394,"n":"Spécialité au soja Nat&Vie Citron fruits mixés - 4x100g","p":2.25,"u":"5,63 €/KG","img":"https://fd15-photos.leclercdrive.fr/image.ashx?id=2901464&use=l&cat=p&typeid=i","cat":316071},{"id":54396,"n":"Salade Catalane Côté Snack Thon à la catalane - 250g","p":2.29,"u":"9,16 €/KG","img":"https://fd15-photos.leclercdrive.fr/image.ashx?id=2910589&use=l&cat=p&typeid=i","cat":284437},{"id":54404,"n":"Sauce Tomacouli Panzani - 3X200G","p":2.61,"u":"4,35 €/KG","img":"https://fd15-photos.leclercdrive.fr/image.ashx?id=2744623&use=l&cat=p&typeid=i","cat":288384},{"id":54405,"n":"Sauce Tomacouli Panzani - 700G","p":2.65,"u":"3,79 €/KG","img":"https://fd15-photos.leclercdrive.fr/image.ashx?id=2744632&use=l&cat=p&typeid=i","cat":288384},{"id":54417,"n":"Barre chocolat lait P'tit Déli x5 - 130g","p":1.95,"u":"15,00 €/KG","img":"https://fd15-photos.leclercdrive.fr/image.ashx?id=2568936&use=l&cat=p&typeid=i","cat":284488},{"id":54418,"n":"Bâtonnet à mâche Dentalife Grand chien x12 - 426g","p":7.25,"u":"17,02 €/KG","img":"https://fd15-photos.leclercdrive.fr/image.ashx?id=2897342&use=l&cat=p&typeid=i","cat":294527},{"id":54420,"n":"Gel à raser Carré Homme Pour barbe difficile - 200ml","p":3.39,"u":"16,95 €/L","img":"https://fd15-photos.leclercdrive.fr/image.ashx?id=2704723&use=l&cat=p&typeid=i","cat":284617},{"id":54422,"n":"Spray automatique Bien Air + recharge - 250ml","p":10.25,"u":"41,00 €/L","img":"https://fd15-photos.leclercdrive.fr/image.ashx?id=2330493&use=l&cat=p&typeid=i","cat":311629},{"id":54423,"n":"Gel à raser Carré Homme Fraicheur - 200ml","p":3.05,"u":"15,25 €/L","img":"https://fd15-photos.leclercdrive.fr/image.ashx?id=2704726&use=l&cat=p&typeid=i","cat":284617},{"id":54425,"n":"Batônnets Surimi Pêche Océan MSC - x48 - 800g","p":9.89,"u":"12,36 €/KG","img":"https://fd15-photos.leclercdrive.fr/image.ashx?id=2953245&use=l&cat=p&typeid=i","cat":285189},{"id":54429,"n":"Jambon cru fumé forêt noire  Saint Azay - 6 tranches - 100g","p":2.15,"u":"21,50 €/KG","img":"https://fd15-photos.leclercdrive.fr/image.ashx?id=1975243&use=l&cat=p&typeid=i","cat":316007},{"id":54430,"n":"Salade Italienne Côté Snack Au thon - 250g","p":2.29,"u":"9,16 €/KG","img":"https://fd15-photos.leclercdrive.fr/image.ashx?id=2436675&use=l&cat=p&typeid=i","cat":284437},{"id":54447,"n":"Mister Cocktail sans alcool Fruits passion - 75cl","p":7.55,"u":"10,07 €/L","img":"https://fd15-photos.leclercdrive.fr/image.ashx?id=3003161&use=l&cat=p&typeid=i","cat":284549},{"id":54471,"n":"Madeleines longues Le Ster Marbrées choco - 250g","p":2.89,"u":"11,56 €/KG","img":"https://fd15-photos.leclercdrive.fr/image.ashx?id=2962548&use=l&cat=p&typeid=i","cat":284492},{"id":54473,"n":"Madeleines longues Le Ster Nature  - 250g","p":2.65,"u":"10,60 €/KG","img":"https://fd15-photos.leclercdrive.fr/image.ashx?id=2962545&use=l&cat=p&typeid=i","cat":284492},{"id":54482,"n":"Gâteaux Mini roulés Lulu LU Fraise - 150g","p":3.35,"u":"22,33 €/KG","img":"https://fd15-photos.leclercdrive.fr/image.ashx?id=2182876&use=l&cat=p&typeid=i","cat":284495},{"id":54484,"n":"Lait croissance Mots D'Enfants  1L","p":2.07,"u":"2,07 €/L","img":"https://fd15-photos.leclercdrive.fr/image.ashx?id=2657211&use=l&cat=p&typeid=i","cat":284728},{"id":54492,"n":"Tortillas chips Bio village Bio Nature - 150g","p":2.65,"u":"17,67 €/KG","img":"https://fd15-photos.leclercdrive.fr/image.ashx?id=2538385&use=l&cat=p&typeid=i","cat":287899},{"id":54494,"n":"Biscuits Petit Ecolier LU Chocolat au lait - 2x150g","p":5.2,"u":"17,33 €/KG","img":"https://fd15-photos.leclercdrive.fr/image.ashx?id=3009122&use=l&cat=p&typeid=i","cat":284488},{"id":54495,"n":"Biscuits fourrés Prince Chocolat - 250g","p":2.79,"u":"11,16 €/KG","img":"https://fd15-photos.leclercdrive.fr/image.ashx?id=2306726&use=l&cat=p&typeid=i","cat":284488},{"id":54496,"n":"Gâteaux fourrés Milka Chocolat - 175g","p":4.15,"u":"23,71 €/KG","img":"https://fd15-photos.leclercdrive.fr/image.ashx?id=3005338&use=l&cat=p&typeid=i","cat":284495},{"id":54512,"n":"Galettes épinards fromage Végé - 2x100g","p":2.6,"u":"13,00 €/KG","img":"https://fd15-photos.leclercdrive.fr/image.ashx?id=2865260&use=l&cat=p&typeid=i","cat":316036},{"id":54518,"n":"Couscous royale Côté Table 800g","p":7.69,"u":"9,61 €/KG","img":"https://fd15-photos.leclercdrive.fr/image.ashx?id=2607945&use=l&cat=p&typeid=i","cat":333666},{"id":54520,"n":"Pâte a pizza Tablier Blanc Rectangle - 385g","p":2.1,"u":"5,45 €/KG","img":"https://fd15-photos.leclercdrive.fr/image.ashx?id=2635925&use=l&cat=p&typeid=i","cat":333681},{"id":54523,"n":"Nuggets végétales Végé - 200g","p":4.05,"u":"20,25 €/KG","img":"https://fd15-photos.leclercdrive.fr/image.ashx?id=2865263&use=l&cat=p&typeid=i","cat":316036},{"id":54524,"n":"Galettes petits légumes Végé - 2x100g","p":3.84,"u":"19,20 €/KG","img":"https://fd15-photos.leclercdrive.fr/image.ashx?id=2852121&use=l&cat=p&typeid=i","cat":316036},{"id":54540,"n":"AOC Crémant Limoux Aguila Brut - 75cl","p":13.05,"u":"17,40 €/L","img":"https://fd15-photos.leclercdrive.fr/image.ashx?id=2792243&use=l&cat=p&typeid=i","cat":284544},{"id":54549,"n":"Camembert Le Rustique  Spécial Affiné - 260g","p":3.43,"u":"13,19 €/KG","img":"https://fd15-photos.leclercdrive.fr/image.ashx?id=2792327&use=l&cat=p&typeid=i","cat":314033},{"id":54612,"n":"Corn Flakes bio Bio Village Nature - 375g","p":2.3,"u":"6,13 €/KG","img":"https://fd15-photos.leclercdrive.fr/image.ashx?id=2835226&use=l&cat=p&typeid=i","cat":309513},{"id":54655,"n":"Sauce truffe noire Maître Coq 120g","p":7.9,"u":"65,83 €/KG","img":"https://fd15-photos.leclercdrive.fr/image.ashx?id=2540523&use=l&cat=p&typeid=i","cat":327293},{"id":54656,"n":"Sauce morilles Maître Coq 120g","p":7.88,"u":"65,67 €/KG","img":"https://fd15-photos.leclercdrive.fr/image.ashx?id=2164711&use=l&cat=p&typeid=i","cat":327293},{"id":54658,"n":"Sauce foie gras Maître Coq 120g","p":7.9,"u":"65,83 €/KG","img":"https://fd15-photos.leclercdrive.fr/image.ashx?id=2164714&use=l&cat=p&typeid=i","cat":327293},{"id":54665,"n":"Rôti de chapon farci Maître Coq Morille - 700g","p":32.9,"u":"47,00 €/KG","img":"https://fd15-photos.leclercdrive.fr/image.ashx?id=2831888&use=l&cat=p&typeid=i","cat":327289},{"id":54799,"n":"Drap de bain Tissaia Gris - 90x150cm","p":19.9,"img":"https://fd15-photos.leclercdrive.fr/image.ashx?id=2207766&use=l&cat=p&typeid=i","cat":286694},{"id":54853,"n":"Mini choux Tokapi  Saumon/aneth - 60g","p":1.85,"u":"30,83 €/KG","img":"https://fd15-photos.leclercdrive.fr/image.ashx?id=2063338&use=l&cat=p&typeid=i","cat":297000},{"id":54856,"n":"Mini choux Tokapi  Bleu-/noix60g","p":1.8,"u":"30,00 €/KG","img":"https://fd15-photos.leclercdrive.fr/image.ashx?id=2068019&use=l&cat=p&typeid=i","cat":297000},{"id":54857,"n":"Polenta Turini  500g","p":1.59,"u":"3,18 €/KG","img":"https://fd15-photos.leclercdrive.fr/image.ashx?id=2682792&use=l&cat=p&typeid=i","cat":284431},{"id":54860,"n":"Mix apéritif Bio Village  Bio -  120g","p":4.59,"u":"38,25 €/KG","img":"https://fd15-photos.leclercdrive.fr/image.ashx?id=1944243&use=l&cat=p&typeid=i","cat":284448},{"id":54865,"n":"Tablette chocolat Villars Chocolat au Lait Suisse - 100g","p":2.59,"pp":1.81,"u":"18,10 €/KG","img":"https://fd15-photos.leclercdrive.fr/image.ashx?id=2464276&use=l&cat=p&typeid=i","cat":284497},{"id":54944,"n":"Cône Nestlé Extrême  Café intense - 6x71g","p":6.69,"u":"15,70 €/KG","img":"https://fd15-photos.leclercdrive.fr/image.ashx?id=3000435&use=l&cat=p&typeid=i","cat":284264},{"id":54956,"n":"Macarons Autour Du Dessert Assortiment - x12","p":6.4,"img":"https://fd15-photos.leclercdrive.fr/image.ashx?id=2987485&use=l&cat=p&typeid=i","cat":284267},{"id":54957,"n":"Cône Extrême Nestle Vanille Fraise - 6x71g","p":6.69,"u":"15,70 €/KG","img":"https://fd15-photos.leclercdrive.fr/image.ashx?id=2353113&use=l&cat=p&typeid=i","cat":284264},{"id":54958,"n":"Cône Extrême Nestle Menthe chocolat - 6x71g","p":5.54,"u":"13,00 €/KG","img":"https://fd15-photos.leclercdrive.fr/image.ashx?id=2737048&use=l&cat=p&typeid=i","cat":284264},{"id":54959,"n":"Cône Extrême Intense Nestle Pistache Chocolat - 6x71g","p":6.69,"u":"15,70 €/KG","img":"https://fd15-photos.leclercdrive.fr/image.ashx?id=2353116&use=l&cat=p&typeid=i","cat":284264},{"id":55000,"n":"Protège-slips Vania Protect Aloe Vera - Large - x36","p":4.15,"u":"0,12 €/P","img":"https://fd15-photos.leclercdrive.fr/image.ashx?id=2735206&use=l&cat=p&typeid=i","cat":284625},{"id":55085,"n":"Fine chapelure de pain Tipiak  500g","p":3.5,"u":"7,00 €/KG","img":"https://fd15-photos.leclercdrive.fr/image.ashx?id=2648277&use=l&cat=p&typeid=i","cat":288382},{"id":55097,"n":"Fil interdentaire Efiseptyl Antibactérien 40m","p":2.9,"img":"https://fd15-photos.leclercdrive.fr/image.ashx?id=2923477&use=l&cat=p&typeid=i","cat":285159},{"id":55102,"n":"Dentifrice expert Bionaïa Menthe Bio - 75ml","p":2.12,"u":"28,27 €/L","img":"https://fd15-photos.leclercdrive.fr/image.ashx?id=2529540&use=l&cat=p&typeid=i","cat":284612},{"id":55104,"n":"Recharge brosse à dents Dentamyl - Double zone - x2","p":5.47,"u":"2,74 €/P","img":"https://fd15-photos.leclercdrive.fr/image.ashx?id=1195313&use=l&cat=p&typeid=i","cat":297133},{"id":55109,"n":"Recharge brosse à dents Dentamyl Sensitive x2","p":5.46,"u":"2,73 €/P","img":"https://fd15-photos.leclercdrive.fr/image.ashx?id=2790991&use=l&cat=p&typeid=i","cat":297133},{"id":55111,"n":"AOC Côtes du Rhône rouge Celliers des Dauphins - 75cl","p":7.15,"u":"9,53 €/L","img":"https://fd15-photos.leclercdrive.fr/image.ashx?id=2830009&use=l&cat=p&typeid=i","cat":289556},{"id":55115,"n":"Lingettes Mots d'Enfants Pockets - x20","p":1.23,"u":"0,06 €/P","img":"https://fd15-photos.leclercdrive.fr/image.ashx?id=2856549&use=l&cat=p&typeid=i","cat":284738},{"id":55144,"n":"Emincés de poulet Fleury Michon Rôti sans nitrite 2x75g","p":2.99,"u":"19,93 €/KG","img":"https://fd15-photos.leclercdrive.fr/image.ashx?id=2649804&use=l&cat=p&typeid=i","cat":316011},{"id":55145,"n":"Allumettes Fleury Michon Jambon cuit - 2x75g","p":2.99,"u":"19,93 €/KG","img":"https://fd15-photos.leclercdrive.fr/image.ashx?id=2651047&use=l&cat=p&typeid=i","cat":316011},{"id":55206,"n":"Plat bébé Blédina 12 mois Pâtes tomate jambon - 2x200g","p":3.35,"u":"8,38 €/KG","img":"https://fd15-photos.leclercdrive.fr/image.ashx?id=2975071&use=l&cat=p&typeid=i","cat":312237},{"id":55212,"n":"Fromage Chablis Germain 250g","p":5.45,"u":"21,80 €/KG","img":"https://fd15-photos.leclercdrive.fr/image.ashx?id=2814557&use=l&cat=p&typeid=i","cat":329558},{"id":55271,"n":"AOC Bordeaux vin rouge Bernard Cordelier - 75 cl","p":3.39,"u":"4,52 €/L","img":"https://fd15-photos.leclercdrive.fr/image.ashx?id=2750123&use=l&cat=p&typeid=i","cat":289556},{"id":55272,"n":"AOC Bergerac vin rouge Bernard Cordelier - 75 cl","p":3.98,"u":"5,31 €/L","img":"https://fd15-photos.leclercdrive.fr/image.ashx?id=2726682&use=l&cat=p&typeid=i","cat":289556},{"id":55276,"n":"Brosse adhésive  Mamison Textile 36 feuilles","p":3.2,"img":"https://fd15-photos.leclercdrive.fr/image.ashx?id=1063565&use=l&cat=p&typeid=i","cat":284669},{"id":55343,"n":"Biscuits à thé Delacre Tea Time Assortiment Boîte Métal - 1kg","p":25.95,"u":"25,95 €/KG","img":"https://fd15-photos.leclercdrive.fr/image.ashx?id=2867969&use=l&cat=p&typeid=i","cat":284490},{"id":55377,"n":"Bougie Bien Air Fruits rouges 30heures - x1","p":2.93,"img":"https://fd15-photos.leclercdrive.fr/image.ashx?id=2939073&use=l&cat=p&typeid=i","cat":284666},{"id":55381,"n":"Cacahuètes Tokapi  Grillées à sec - 120g","p":0.78,"u":"6,50 €/KG","img":"https://fd15-photos.leclercdrive.fr/image.ashx?id=2799778&use=l&cat=p&typeid=i","cat":284448},{"id":55415,"n":"Bougie Bien Air Anti-tabac 30h - x1","p":2.58,"img":"https://fd15-photos.leclercdrive.fr/image.ashx?id=2999613&use=l&cat=p&typeid=i","cat":284666},{"id":55416,"n":"Recharge adhésive Mamison  36 feuilles-  x2","p":3.38,"img":"https://fd15-photos.leclercdrive.fr/image.ashx?id=1066450&use=l&cat=p&typeid=i","cat":284669},{"id":55438,"n":"Confit de canard du Sud-Ouest Pomme de terre - NRT - 1065g","p":18.41,"u":"17,29 €/KG","img":"https://fd15-photos.leclercdrive.fr/image.ashx?id=2723252&use=l&cat=p&typeid=i","cat":284440},{"id":55439,"n":"Salade Niçoise Côté Snack Au thon - 250g","p":2.29,"u":"9,16 €/KG","img":"https://fd15-photos.leclercdrive.fr/image.ashx?id=2868316&use=l&cat=p&typeid=i","cat":284437},{"id":55442,"n":"Salade Parisienne Côté Snack Au thon - 250g","p":2.29,"u":"9,16 €/KG","img":"https://fd15-photos.leclercdrive.fr/image.ashx?id=2905919&use=l&cat=p&typeid=i","cat":284437},{"id":55468,"n":"Pain brioché Bon Matin Schar Sans gluten - 4x50g","p":4.29,"u":"21,45 €/KG","img":"https://fd15-photos.leclercdrive.fr/image.ashx?id=2067580&use=l&cat=p&typeid=i","cat":284478},{"id":55474,"n":"Mix Patisserie Schar Sans gluten - 1kg","p":7.45,"u":"7,45 €/KG","img":"https://fd15-photos.leclercdrive.fr/image.ashx?id=2439950&use=l&cat=p&typeid=i","cat":284504},{"id":55528,"n":"Vin d'Espagne rosé François D'Aubigné - 150 cl","p":3.8,"u":"2,53 €/L","img":"https://fd15-photos.leclercdrive.fr/image.ashx?id=2905204&use=l&cat=p&typeid=i","cat":289558},{"id":55529,"n":"Vin d'Espagne rouge François D'Aubigné - 150 cl","p":3.99,"u":"2,66 €/L","img":"https://fd15-photos.leclercdrive.fr/image.ashx?id=1977341&use=l&cat=p&typeid=i","cat":289556},{"id":55534,"n":"AOC Côtes de Bergerac vin blanc Bernard Cordelier - 75 cl","p":5.28,"u":"7,04 €/L","img":"https://fd15-photos.leclercdrive.fr/image.ashx?id=2886531&use=l&cat=p&typeid=i","cat":289557},{"id":55636,"n":"Cahier spirales Esquisse Rouge - 100 pages - 21x29.7cm","p":2.09,"img":"https://fd15-photos.leclercdrive.fr/image.ashx?id=1932924&use=l&cat=p&typeid=i","cat":284697},{"id":55637,"n":"Cahier spirales Esquisse Rouge - 100 pages - 21x29.7cm","p":2.61,"img":"https://fd15-photos.leclercdrive.fr/image.ashx?id=1932843&use=l&cat=p&typeid=i","cat":284697},{"id":55666,"n":"Etiquettes blanches Esquisse 24x35mm - x48","p":1.0,"img":"https://fd15-photos.leclercdrive.fr/image.ashx?id=2943259&use=l&cat=p&typeid=i","cat":334133},{"id":55689,"n":"Recharges Pilot FriXion Ball x6 - Bleu + Gomme","p":9.95,"img":"https://fd15-photos.leclercdrive.fr/image.ashx?id=2526746&use=l&cat=p&typeid=i","cat":284696},{"id":55690,"n":"Recharges Pilot FriXion Ball x6 - Noir + Gomme","p":10.45,"img":"https://fd15-photos.leclercdrive.fr/image.ashx?id=2546380&use=l&cat=p&typeid=i","cat":284696},{"id":55691,"n":"Recharges Pilot FriXion Ball x6 + Gomme","p":10.45,"img":"https://fd15-photos.leclercdrive.fr/image.ashx?id=2526752&use=l&cat=p&typeid=i","cat":284696},{"id":55700,"n":"Haricots Verts Cassegrain Extra Fins Ceuillis main 110g","p":2.5,"u":"22,73 €/KG","img":"https://fd15-photos.leclercdrive.fr/image.ashx?id=2913034&use=l&cat=p&typeid=i","cat":312606},{"id":55733,"n":"Intercalaires Esquisse x12 - Maxi 24x32mm","p":2.4,"u":"0,20 €/P","img":"https://fd15-photos.leclercdrive.fr/image.ashx?id=1928854&use=l&cat=p&typeid=i","cat":284745},{"id":55770,"n":"Déboucheur Ouragan Chrono 5min - 1L","p":4.4,"u":"4,40 €/L","img":"https://fd15-photos.leclercdrive.fr/image.ashx?id=2792552&use=l&cat=p&typeid=i","cat":284908},{"id":55786,"n":"Crêpe fourrée Whaou Chocolat / Noisette x8 - 256g","p":5.25,"u":"20,51 €/KG","img":"https://fd15-photos.leclercdrive.fr/image.ashx?id=2962857&use=l&cat=p&typeid=i","cat":284494},{"id":55816,"n":"Lingettes désinfectantes 2en1 x10 lingettes","p":1.69,"img":"https://fd15-photos.leclercdrive.fr/image.ashx?id=2832981&use=l&cat=p&typeid=i","cat":284630},{"id":55849,"n":"100% pur jus d'orange Jafaden Sans pulpe - 6x1.5L","p":23.95,"u":"2,66 €/L","img":"https://fd15-photos.leclercdrive.fr/image.ashx?id=2852955&use=l&cat=p&typeid=i","cat":284521},{"id":55949,"n":"Riz soja bio Céréal Bio  à l'espagnol repas express-220g","p":4.25,"u":"19,32 €/KG","img":"https://fd15-photos.leclercdrive.fr/image.ashx?id=2575093&use=l&cat=p&typeid=i","cat":287600},{"id":56144,"n":"Gomme Maped Zenoa Vert - avec étui","p":2.77,"img":"https://fd15-photos.leclercdrive.fr/image.ashx?id=1189284&use=l&cat=p&typeid=i","cat":334133},{"id":56146,"n":"Calculatrice bureau Esquisse Orange","p":6.83,"img":"https://fd15-photos.leclercdrive.fr/image.ashx?id=1196150&use=l&cat=p&typeid=i","cat":334133},{"id":56155,"n":"Jambon des Pyrénées NRT x4 - 100g","p":5.79,"u":"57,90 €/KG","img":"https://fd15-photos.leclercdrive.fr/image.ashx?id=2670452&use=l&cat=p&typeid=i","cat":316007},{"id":56156,"n":"Saucisson sec des Pyrénées NRT 250g","p":4.99,"u":"19,96 €/KG","img":"https://fd15-photos.leclercdrive.fr/image.ashx?id=2917178&use=l&cat=p&typeid=i","cat":316006},{"id":56157,"n":"Saucisse sèche des Pyrénées NRT 250g","p":4.99,"u":"19,96 €/KG","img":"https://fd15-photos.leclercdrive.fr/image.ashx?id=2917181&use=l&cat=p&typeid=i","cat":316006},{"id":56158,"n":"Jambon du Périgord NRT x4 - 100g","p":5.43,"u":"54,30 €/KG","img":"https://fd15-photos.leclercdrive.fr/image.ashx?id=2670455&use=l&cat=p&typeid=i","cat":316007},{"id":56160,"n":"Assortiment de charcuteries Savoyardes - NRT - 200g","p":8.5,"u":"42,50 €/KG","img":"https://fd15-photos.leclercdrive.fr/image.ashx?id=2753529&use=l&cat=p&typeid=i","cat":316007},{"id":56162,"n":"Lait concentré sucré Nestlé 1kg","p":5.84,"u":"5,84 €/KG","img":"https://fd15-photos.leclercdrive.fr/image.ashx?id=2906067&use=l&cat=p&typeid=i","cat":299162},{"id":56163,"n":"Lait concentré sucré Nestlé x6 sticks - 30g","p":2.64,"u":"88,00 €/KG","img":"https://fd15-photos.leclercdrive.fr/image.ashx?id=2306528&use=l&cat=p&typeid=i","cat":299162},{"id":56418,"n":"Vinaigre de cidre Bio Village Bio 75cl","p":2.55,"u":"3,40 €/L","img":"https://fd15-photos.leclercdrive.fr/image.ashx?id=1069902&use=l&cat=p&typeid=i","cat":298543},{"id":56435,"n":"Bouillon Kub Or Maggi  Déshydraté dégraissé - 128g","p":1.9,"u":"14,84 €/KG","img":"https://fd15-photos.leclercdrive.fr/image.ashx?id=2953977&use=l&cat=p&typeid=i","cat":288379},{"id":56444,"n":"Biscuits chocolat amande GERBLE  - 4x4, 200g","p":2.82,"u":"14,10 €/KG","img":"https://fd15-photos.leclercdrive.fr/image.ashx?id=2967004&use=l&cat=p&typeid=i","cat":318651},{"id":56457,"n":"Biscuit Sésame Vanille GERBLE  sans sucres - 132g","p":3.05,"u":"23,11 €/KG","img":"https://fd15-photos.leclercdrive.fr/image.ashx?id=2664013&use=l&cat=p&typeid=i","cat":318653},{"id":56511,"n":"Galettes sarrasin Bretagne NRT x6 - 300g","p":5.2,"u":"17,33 €/KG","img":"https://fd15-photos.leclercdrive.fr/image.ashx?id=2770268&use=l&cat=p&typeid=i","cat":333672},{"id":56517,"n":"Eau minérale naturelle Contrex 6x1.5L","p":6.95,"u":"0,77 €/L","img":"https://fd15-photos.leclercdrive.fr/image.ashx?id=2758773&use=l&cat=p&typeid=i","cat":284535},{"id":56547,"n":"Flocons d'avoine bio Bio Village - 500g","p":2.09,"u":"4,18 €/KG","img":"https://fd15-photos.leclercdrive.fr/image.ashx?id=2688243&use=l&cat=p&typeid=i","cat":309512},{"id":56558,"n":"Croquettes chat Tous mes amis Boeuf/poulet/légumes - 7.5kg","p":17.25,"u":"2,30 €/KG","img":"https://fd15-photos.leclercdrive.fr/image.ashx?id=2319118&use=l&cat=p&typeid=i","cat":284680},{"id":56571,"n":"Tomates entières pelées bio Bio Village - 240g","p":1.55,"u":"6,46 €/KG","img":"https://fd15-photos.leclercdrive.fr/image.ashx?id=2302982&use=l&cat=p&typeid=i","cat":312608},{"id":56574,"n":"Sel Fin de Table Rustica Boîte verseuse 500g","p":0.76,"u":"1,52 €/KG","img":"https://fd15-photos.leclercdrive.fr/image.ashx?id=2050681&use=l&cat=p&typeid=i","cat":284457},{"id":56609,"n":"Fromage à tartiner Madame Loïk Fouetté Nature - 320g","p":5.49,"u":"17,16 €/KG","img":"https://fd15-photos.leclercdrive.fr/image.ashx?id=2967798&use=l&cat=p&typeid=i","cat":314029},{"id":56610,"n":"Fromage à tartiner Madame Loïk Fouetté Nature - 180g","p":3.49,"u":"19,39 €/KG","img":"https://fd15-photos.leclercdrive.fr/image.ashx?id=2948015&use=l&cat=p&typeid=i","cat":314029},{"id":56682,"n":"Bière cuvée carmin Affligem 6x25cl","p":7.85,"u":"5,23 €/L","img":"https://fd15-photos.leclercdrive.fr/image.ashx?id=2795683&use=l&cat=p&typeid=i","cat":334878},{"id":56683,"n":"Pur jus d'ananas Bio Village  Bio - 1L","p":5.7,"u":"5,70 €/L","img":"https://fd15-photos.leclercdrive.fr/image.ashx?id=2520050&use=l&cat=p&typeid=i","cat":284916},{"id":56741,"n":"Fromage raclette Entremont  Sans croûte - 350g","p":6.5,"u":"18,57 €/KG","img":"https://fd15-photos.leclercdrive.fr/image.ashx?id=2980902&use=l&cat=p&typeid=i","cat":314037},{"id":56763,"n":"Vinaigre de vin Rustica  25cl","p":0.95,"u":"3,80 €/L","img":"https://fd15-photos.leclercdrive.fr/image.ashx?id=1072903&use=l&cat=p&typeid=i","cat":298543},{"id":56765,"n":"Vinaigre de cidre Rustica 25cl","p":1.07,"u":"4,28 €/L","img":"https://fd15-photos.leclercdrive.fr/image.ashx?id=1072906&use=l&cat=p&typeid=i","cat":298543},{"id":56767,"n":"Vinaigre balsamique Rustica De Modène - 25cl","p":1.55,"u":"6,20 €/L","img":"https://fd15-photos.leclercdrive.fr/image.ashx?id=2777812&use=l&cat=p&typeid=i","cat":298543},{"id":56770,"n":"Fleur de sel de Guérande IGP  NRT - 125g","p":2.79,"u":"22,32 €/KG","img":"https://fd15-photos.leclercdrive.fr/image.ashx?id=2644924&use=l&cat=p&typeid=i","cat":284457},{"id":56831,"n":"Nuggets de poulet Maître Coq Sachet - 1kg","p":7.89,"u":"7,89 €/KG","img":"https://fd15-photos.leclercdrive.fr/image.ashx?id=2936404&use=l&cat=p&typeid=i","cat":319780},{"id":56845,"n":"Bâtonnets de poisson Findus  Colin d'Alaska MSC x16 - 448g","p":5.99,"u":"13,37 €/KG","img":"https://fd15-photos.leclercdrive.fr/image.ashx?id=2650684&use=l&cat=p&typeid=i","cat":319788},{"id":56860,"n":"Flûtes Tokapi Chèvre/romarin -  - 100g","p":2.45,"u":"24,50 €/KG","img":"https://fd15-photos.leclercdrive.fr/image.ashx?id=2374055&use=l&cat=p&typeid=i","cat":297000},{"id":56861,"n":"Mini-flûtes Tokapi Tomate/olive/origan - 100g","p":1.99,"u":"19,90 €/KG","img":"https://fd15-photos.leclercdrive.fr/image.ashx?id=2374058&use=l&cat=p&typeid=i","cat":297000},{"id":56862,"n":"Couscous Comptoir du Grain  Fin - 1kg","p":2.41,"u":"2,41 €/KG","img":"https://fd15-photos.leclercdrive.fr/image.ashx?id=3012854&use=l&cat=p&typeid=i","cat":284429},{"id":56872,"n":"Tartiflette Côté Table  350g","p":3.18,"u":"9,09 €/KG","img":"https://fd15-photos.leclercdrive.fr/image.ashx?id=2520843&use=l&cat=p&typeid=i","cat":284953},{"id":56873,"n":"Hachis parmentier Côté Table 350g","p":3.55,"u":"10,14 €/KG","img":"https://fd15-photos.leclercdrive.fr/image.ashx?id=2393893&use=l&cat=p&typeid=i","cat":284953},{"id":56874,"n":"Lasagnes bolognaise Côté Table Barquette - 350g","p":3.29,"u":"9,40 €/KG","img":"https://fd15-photos.leclercdrive.fr/image.ashx?id=2476164&use=l&cat=p&typeid=i","cat":284953},{"id":56883,"n":"Recharge essential mist AirWick Jasmin étoile - 20ml","p":6.55,"u":"327,50 €/L","img":"https://fd15-photos.leclercdrive.fr/image.ashx?id=1596122&use=l&cat=p&typeid=i","cat":311629},{"id":56885,"n":"Gel coiffant Vitanove Effet invisible - 300ml","p":2.85,"u":"9,50 €/L","img":"https://fd15-photos.leclercdrive.fr/image.ashx?id=2879940&use=l&cat=p&typeid=i","cat":284609},{"id":56934,"n":"AOP Champagne Brut Deutz - 75cL","p":45.99,"u":"61,32 €/L","img":"https://fd15-photos.leclercdrive.fr/image.ashx?id=2409271&use=l&cat=p&typeid=i","cat":284542},{"id":56935,"n":"Pâte à tartiner Nutella 400g","p":5.12,"u":"12,80 €/KG","img":"https://fd15-photos.leclercdrive.fr/image.ashx?id=2935645&use=l&cat=p&typeid=i","cat":284481},{"id":56967,"n":"Biscuits déli Matin P'tit Deli Pepites chocolat -  600g","p":4.75,"u":"7,92 €/KG","img":"https://fd15-photos.leclercdrive.fr/image.ashx?id=2999514&use=l&cat=p&typeid=i","cat":284491},{"id":56968,"n":"Rhum ambré Trois Rivières 40% vol - 70cl","p":12.99,"u":"18,56 €/L","img":"https://fd15-photos.leclercdrive.fr/image.ashx?id=2973670&use=l&cat=p&typeid=i","cat":284550},{"id":56980,"n":"Laque Vitanove  Maximum - 400ml","p":4.69,"u":"11,73 €/L","img":"https://fd15-photos.leclercdrive.fr/image.ashx?id=2490043&use=l&cat=p&typeid=i","cat":284609},{"id":56983,"n":"Laque Vitanove Ultra protect - 400ml","p":4.59,"u":"11,48 €/L","img":"https://fd15-photos.leclercdrive.fr/image.ashx?id=2490046&use=l&cat=p&typeid=i","cat":284609},{"id":56991,"n":"Eau de javel Clair Citron - 3x250ml","p":2.22,"u":"2,96 €/L","img":"https://fd15-photos.leclercdrive.fr/image.ashx?id=2949203&use=l&cat=p&typeid=i","cat":284661},{"id":56992,"n":"Sauce roquefort Ferial  120g","p":2.5,"u":"20,83 €/KG","img":"https://fd15-photos.leclercdrive.fr/image.ashx?id=2636245&use=l&cat=p&typeid=i","cat":284382},{"id":56994,"n":"Pancakes Epi d'or x6 - 200g","p":3.25,"u":"16,25 €/KG","img":"https://fd15-photos.leclercdrive.fr/image.ashx?id=1905500&use=l&cat=p&typeid=i","cat":288858},{"id":56995,"n":"Jus de fruit Jafaden  Grenade - 1L","p":2.55,"u":"2,55 €/L","img":"https://fd15-photos.leclercdrive.fr/image.ashx?id=2591412&use=l&cat=p&typeid=i","cat":284915},{"id":57007,"n":"Fromage tartiflette Les Croisés 27%mg - 250g","p":2.99,"u":"11,96 €/KG","img":"https://fd15-photos.leclercdrive.fr/image.ashx?id=2793248&use=l&cat=p&typeid=i","cat":314037},{"id":57017,"n":"Friandises chat Catisfactions Poulet - 60g","p":1.85,"u":"30,83 €/KG","img":"https://fd15-photos.leclercdrive.fr/image.ashx?id=2914762&use=l&cat=p&typeid=i","cat":285285},{"id":57020,"n":"Ossau iraty NRT AOP  Fromage de brebis - 200g","p":4.85,"u":"24,25 €/KG","img":"https://fd15-photos.leclercdrive.fr/image.ashx?id=2342632&use=l&cat=p&typeid=i","cat":329184},{"id":57030,"n":"Fromage Morbier NRT AOP  250g","p":5.29,"u":"21,16 €/KG","img":"https://fd15-photos.leclercdrive.fr/image.ashx?id=2624034&use=l&cat=p&typeid=i","cat":329184},{"id":57040,"n":"Bière blanche 1664 Blanc 5° - 6x25cl","p":8.39,"u":"5,59 €/L","img":"https://fd15-photos.leclercdrive.fr/image.ashx?id=2886699&use=l&cat=p&typeid=i","cat":334878},{"id":57045,"n":"Bière blonde Kronenbourg 4,2° - 6x33cl canettes","p":6.59,"u":"3,33 €/L","img":"https://fd15-photos.leclercdrive.fr/image.ashx?id=2212581&use=l&cat=p&typeid=i","cat":334853},{"id":57080,"n":"Fromage frais nature Bio Bio village - 4x100g","p":1.85,"u":"4,63 €/KG","img":"https://fd15-photos.leclercdrive.fr/image.ashx?id=2839947&use=l&cat=p&typeid=i","cat":284409},{"id":57081,"n":"AOP Champagne Monopole  Heidsieck&Co Blue Top - 75 cl","p":33.1,"u":"44,13 €/L","img":"https://fd15-photos.leclercdrive.fr/image.ashx?id=2644933&use=l&cat=p&typeid=i","cat":284542},{"id":57115,"n":"Biscuits Petit Écolier Lu Chocolat au lait - 2x250g","p":8.15,"u":"16,30 €/KG","img":"https://fd15-photos.leclercdrive.fr/image.ashx?id=2937992&use=l&cat=p&typeid=i","cat":284488},{"id":57151,"n":"Mousse Délisse Chocolat au lait - 8x60g","p":3.49,"u":"7,27 €/KG","img":"https://fd15-photos.leclercdrive.fr/image.ashx?id=3009517&use=l&cat=p&typeid=i","cat":284417},{"id":57155,"n":"Yaourts à la Grecque Delisse Lit de miel - 4x150g","p":3.99,"u":"6,65 €/KG","img":"https://fd15-photos.leclercdrive.fr/image.ashx?id=2699702&use=l&cat=p&typeid=i","cat":314999},{"id":57156,"n":"Yaourts Delilight Délisse Nature, 0% MG - 4x125g","p":1.45,"u":"2,90 €/KG","img":"https://fd15-photos.leclercdrive.fr/image.ashx?id=2920193&use=l&cat=p&typeid=i","cat":315000},{"id":57162,"n":"Yaourt brassé fraise 4x125g","p":2.65,"u":"5,30 €/KG","img":"https://fd15-photos.leclercdrive.fr/image.ashx?id=2255358&use=l&cat=p&typeid=i","cat":284410},{"id":57163,"n":"Yaourts aux fruits quartiers 16x125g","p":6.49,"u":"3,25 €/KG","img":"https://fd15-photos.leclercdrive.fr/image.ashx?id=2482890&use=l&cat=p&typeid=i","cat":284410},{"id":57184,"n":"Yaourt Lait de brebis Délisse Vanille - 4x125g","p":2.84,"u":"5,68 €/P","img":"https://fd15-photos.leclercdrive.fr/image.ashx?id=1993589&use=l&cat=p&typeid=i","cat":314998},{"id":57189,"n":"Yaourt lait brebis Délisse Citron - 4x125g","p":3.62,"u":"7,24 €/KG","img":"https://fd15-photos.leclercdrive.fr/image.ashx?id=1889797&use=l&cat=p&typeid=i","cat":314998},{"id":57190,"n":"Yaourt brassé Bio Village Myrtille Bio - 4x115g","p":2.89,"u":"6,28 €/KG","img":"https://fd15-photos.leclercdrive.fr/image.ashx?id=2662175&use=l&cat=p&typeid=i","cat":284410},{"id":57191,"n":"Fromage blanc crème brassé NRT AOP - 800g","p":3.74,"u":"4,68 €/KG","img":"https://fd15-photos.leclercdrive.fr/image.ashx?id=1946910&use=l&cat=p&typeid=i","cat":284409},{"id":57245,"n":"Lingettes Vanish  anti-décoloration - x20","p":5.7,"u":"0,29 €/P","img":"https://fd15-photos.leclercdrive.fr/image.ashx?id=2303588&use=l&cat=p&typeid=i","cat":290450},{"id":57284,"n":"AOC Prosecco Riccadonna Extra Dry - 11° - 75cl","p":11.1,"u":"14,80 €/L","img":"https://fd15-photos.leclercdrive.fr/image.ashx?id=2666303&use=l&cat=p&typeid=i","cat":289461},{"id":57307,"n":"Pur jus Jafaden Orange, raisin, clémentine, pamplemousse - 1L","p":3.18,"u":"3,18 €/L","img":"https://fd15-photos.leclercdrive.fr/image.ashx?id=2869799&use=l&cat=p&typeid=i","cat":284917},{"id":57350,"n":"Nectar Bio Pressade Ananas - 1.5L","p":5.79,"u":"3,86 €/L","img":"https://fd15-photos.leclercdrive.fr/image.ashx?id=2732506&use=l&cat=p&typeid=i","cat":284916},{"id":57357,"n":"Déodorant Monsavon spray Alun, lait et coton - 2x200ml","p":7.29,"u":"18,23 €/L","img":"https://fd15-photos.leclercdrive.fr/image.ashx?id=2489440&use=l&cat=p&typeid=i","cat":284595},{"id":57364,"n":"Déodorant Monsavon Fleur Lotus Pierre d'alun, lait - 2x200ml","p":7.23,"u":"18,08 €/L","img":"https://fd15-photos.leclercdrive.fr/image.ashx?id=2489443&use=l&cat=p&typeid=i","cat":284595},{"id":57387,"n":"Crème Saint Agur  250g","p":4.89,"u":"19,56 €/KG","img":"https://fd15-photos.leclercdrive.fr/image.ashx?id=2414160&use=l&cat=p&typeid=i","cat":314029},{"id":57410,"n":"Croissants Croustipâte x4 - 240g","p":1.85,"u":"7,71 €/KG","img":"https://fd15-photos.leclercdrive.fr/image.ashx?id=2886100&use=l&cat=p&typeid=i","cat":333681},{"id":57435,"n":"Fromage blanc Bio Vrai Lait de brebis - 400g","p":3.99,"u":"9,98 €/KG","img":"https://fd15-photos.leclercdrive.fr/image.ashx?id=2517495&use=l&cat=p&typeid=i","cat":314998},{"id":57627,"n":"Bacon Bio Village 10 tranches bio 100g","p":5.31,"u":"53,10 €/KG","img":"https://fd15-photos.leclercdrive.fr/image.ashx?id=2974846&use=l&cat=p&typeid=i","cat":316007},{"id":57685,"n":"Pots bébé bio Babybio Légumes poulet - 6 mois - 400g","p":4.3,"u":"10,75 €/KG","img":"https://fd15-photos.leclercdrive.fr/image.ashx?id=2827422&use=l&cat=p&typeid=i","cat":312236},{"id":57688,"n":"Bols soir bébé bio Babybio Purée, courgette -8 mois-2x200g","p":3.89,"u":"9,73 €/KG","img":"https://fd15-photos.leclercdrive.fr/image.ashx?id=2859365&use=l&cat=p&typeid=i","cat":312239},{"id":57691,"n":"Gourde bébé Babybio Bio 6 mois Pomme/poire/pêche - 4x90g","p":4.6,"u":"12,78 €/KG","img":"https://fd15-photos.leclercdrive.fr/image.ashx?id=2733319&use=l&cat=p&typeid=i","cat":312393},{"id":57693,"n":"Crème dessert bébé bio Babybio  Semoule cacao -8 mois- 4x85g","p":5.19,"u":"15,26 €/KG","img":"https://fd15-photos.leclercdrive.fr/image.ashx?id=2834527&use=l&cat=p&typeid=i","cat":312393},{"id":57696,"n":"Pots bébé bio Babybio - 6 mois  Légumes pâtes boeuf - 2x200g","p":4.45,"u":"11,13 €/KG","img":"https://fd15-photos.leclercdrive.fr/image.ashx?id=2838301&use=l&cat=p&typeid=i","cat":312236},{"id":57705,"n":"Compote bébé Babybio Bio 4 mois Mirabelle Pomme - 2x130g","p":3.5,"u":"13,46 €/KG","img":"https://fd15-photos.leclercdrive.fr/image.ashx?id=2834518&use=l&cat=p&typeid=i","cat":312387},{"id":57712,"n":"Vin de l'Union Européenne rosé Caves Vernaux Champlure - 75 cl","p":4.57,"u":"6,09 €/L","img":"https://fd15-photos.leclercdrive.fr/image.ashx?id=2964950&use=l&cat=p&typeid=i","cat":289558},{"id":57742,"n":"Lait croissance Guigoz Gest 3e âge - dès 12 mois - 800g","p":17.57,"u":"21,96 €/KG","img":"https://fd15-photos.leclercdrive.fr/image.ashx?id=2895023&use=l&cat=p&typeid=i","cat":290219},{"id":57760,"n":"Assiette bébé soir bio Babybio Aubergine pâtes -15 mois- 260g","p":2.47,"u":"9,50 €/KG","img":"https://fd15-photos.leclercdrive.fr/image.ashx?id=2855912&use=l&cat=p&typeid=i","cat":312239},{"id":57763,"n":"Pâtes Serpentini Panzani 3 Minutes - 500g","p":1.89,"u":"3,78 €/KG","img":"https://fd15-photos.leclercdrive.fr/image.ashx?id=2896078&use=l&cat=p&typeid=i","cat":284427},{"id":57764,"n":"Pâtes Farfalle Panzani  3 Minutes - 500G","p":1.89,"u":"3,78 €/KG","img":"https://fd15-photos.leclercdrive.fr/image.ashx?id=2896090&use=l&cat=p&typeid=i","cat":284427},{"id":57772,"n":"Chocolat noir Lindt Création Menthe frappée - 150g","p":5.2,"u":"34,67 €/KG","img":"https://fd15-photos.leclercdrive.fr/image.ashx?id=2685817&use=l&cat=p&typeid=i","cat":284956},{"id":57775,"n":"Chocolat au lait Eco+ Noisette - 4x100g","p":4.61,"u":"11,53 €/KG","img":"https://fd15-photos.leclercdrive.fr/image.ashx?id=2775463&use=l&cat=p&typeid=i","cat":284497},{"id":57776,"n":"Chocolat au lait Eco+ Céréales - 4x100g","p":4.18,"u":"10,45 €/KG","img":"https://fd15-photos.leclercdrive.fr/image.ashx?id=2835187&use=l&cat=p&typeid=i","cat":284497},{"id":57779,"n":"Capsules café Plantation Espresso n°5 - x16 - 92g","p":5.79,"u":"62,93 €/KG","img":"https://fd15-photos.leclercdrive.fr/image.ashx?id=2649729&use=l&cat=p&typeid=i","cat":293239},{"id":57782,"n":"Capsules café Plantation Cappuccino - 2x8 - 166g","p":6.07,"u":"36,57 €/KG","img":"https://fd15-photos.leclercdrive.fr/image.ashx?id=2856558&use=l&cat=p&typeid=i","cat":293239},{"id":57783,"n":"Capsules café Plantation Espresso forte n°7 - x16 - 105g","p":5.59,"u":"53,24 €/KG","img":"https://fd15-photos.leclercdrive.fr/image.ashx?id=2649732&use=l&cat=p&typeid=i","cat":293239},{"id":57785,"n":"Capsules café Plantation Lungo n°6 - x16 - 99.2g","p":5.79,"u":"58,48 €/KG","img":"https://fd15-photos.leclercdrive.fr/image.ashx?id=2649735&use=l&cat=p&typeid=i","cat":293239},{"id":57786,"n":"Capsules café Plantation Gigante n°5 - x16 - 112g","p":6.07,"u":"54,20 €/KG","img":"https://fd15-photos.leclercdrive.fr/image.ashx?id=2649738&use=l&cat=p&typeid=i","cat":293239},{"id":57787,"n":"Céréales Jordans Country Crisp 4 Noix - 850g","p":6.71,"u":"7,89 €/KG","img":"https://fd15-photos.leclercdrive.fr/image.ashx?id=2860520&use=l&cat=p&typeid=i","cat":309512},{"id":57804,"n":"Tomato Ketchup Heinz - 570g","p":2.79,"u":"4,89 €/KG","img":"https://fd15-photos.leclercdrive.fr/image.ashx?id=2924944&use=l&cat=p&typeid=i","cat":284455},{"id":57812,"n":"Petits pots bébé P'TITE RECETTE Couscous 8M+ - 2x200g","p":3.49,"u":"8,73 €/KG","img":"https://fd15-photos.leclercdrive.fr/image.ashx?id=2525696&use=l&cat=p&typeid=i","cat":312236},{"id":57813,"n":"Petits pots bébé P'TITE RECETTE Poulet Basquais 15M+ - 2 x 200g","p":3.3,"u":"8,25 €/KG","img":"https://fd15-photos.leclercdrive.fr/image.ashx?id=2737042&use=l&cat=p&typeid=i","cat":312238},{"id":57814,"n":"Petits pots bébé P'TITE RECETTE Hachis Parmentier 8M+ - 2x200g","p":3.49,"u":"8,73 €/KG","img":"https://fd15-photos.leclercdrive.fr/image.ashx?id=2629689&use=l&cat=p&typeid=i","cat":312236},{"id":57816,"n":"Petits pots bébé P'TITE RECETTE Pot au feu 8M+ - 2x200g","p":3.49,"u":"8,73 €/KG","img":"https://fd15-photos.leclercdrive.fr/image.ashx?id=2518415&use=l&cat=p&typeid=i","cat":312236},{"id":57821,"n":"Petits pots bébé PTIT SOUPER pâtes courgettes 6M+ - 2x200g","p":3.02,"u":"7,55 €/KG","img":"https://fd15-photos.leclercdrive.fr/image.ashx?id=2526523&use=l&cat=p&typeid=i","cat":312239},{"id":57823,"n":"Petits pots bébé P'TIT SOUPER Carottes semoule 6M+ - 2x200g","p":3.32,"u":"8,30 €/KG","img":"https://fd15-photos.leclercdrive.fr/image.ashx?id=2527109&use=l&cat=p&typeid=i","cat":312239},{"id":57824,"n":"Petits pots bébé P'TIT SOUPER Risotto carottes 12M+ - 2x200g","p":3.32,"u":"8,30 €/KG","img":"https://fd15-photos.leclercdrive.fr/image.ashx?id=2526526&use=l&cat=p&typeid=i","cat":312239},{"id":57883,"n":"Petits pots bébé P'TITE RECETTE  riz dinde 12M+ - 2x200g","p":3.24,"u":"8,10 €/KG","img":"https://fd15-photos.leclercdrive.fr/image.ashx?id=2629686&use=l&cat=p&typeid=i","cat":312237},{"id":57901,"n":"Salakis sel réduit -25% Fromage de brebis - 180g","p":3.69,"u":"20,50 €/KG","img":"https://fd15-photos.leclercdrive.fr/image.ashx?id=2739767&use=l&cat=p&typeid=i","cat":314026},{"id":57953,"n":"Papier cuisson Albal x16 feuilles","p":2.99,"img":"https://fd15-photos.leclercdrive.fr/image.ashx?id=2551447&use=l&cat=p&typeid=i","cat":334134},{"id":57957,"n":"Serviette Tena Lady Discreet - Normal - x12","p":5.21,"u":"0,43 €/P","img":"https://fd15-photos.leclercdrive.fr/image.ashx?id=2597235&use=l&cat=p&typeid=i","cat":284628},{"id":57958,"n":"Eau de toilette Alix De Faure Nature de feu - 100ml","p":8.8,"u":"88,00 €/L","img":"https://fd15-photos.leclercdrive.fr/image.ashx?id=2741300&use=l&cat=p&typeid=i","cat":287740},{"id":57960,"n":"Eau de toilette Alix de Faure Seville - 100ml","p":9.18,"u":"91,80 €/L","img":"https://fd15-photos.leclercdrive.fr/image.ashx?id=2645260&use=l&cat=p&typeid=i","cat":291525},{"id":57961,"n":"Eau de toilette Alix de Faure Nature sport - 100ml","p":7.76,"u":"77,60 €/L","img":"https://fd15-photos.leclercdrive.fr/image.ashx?id=2251528&use=l&cat=p&typeid=i","cat":287740},{"id":57963,"n":"Eau de toilette Alix de Faure Budapest - 100ml","p":9.02,"u":"90,20 €/L","img":"https://fd15-photos.leclercdrive.fr/image.ashx?id=2645257&use=l&cat=p&typeid=i","cat":291525},{"id":57977,"n":"Gel nettoyant canalisations Destop Pin intense - 750ml","p":5.47,"u":"7,29 €/L","img":"https://fd15-photos.leclercdrive.fr/image.ashx?id=2730310&use=l&cat=p&typeid=i","cat":284908},{"id":57985,"n":"Gel à raser Williams Hydratant-  200ml","p":3.96,"u":"19,80 €/L","img":"https://fd15-photos.leclercdrive.fr/image.ashx?id=2655364&use=l&cat=p&typeid=i","cat":284617},{"id":58119,"n":"Madeleines longue pépites sucre Le Ster x20 - 250g","p":2.89,"u":"11,56 €/KG","img":"https://fd15-photos.leclercdrive.fr/image.ashx?id=2962566&use=l&cat=p&typeid=i","cat":284492},{"id":58122,"n":"Colin d'Alaska Findus Façon meuniere - x2 - 250g","p":5.59,"u":"22,36 €/KG","img":"https://fd15-photos.leclercdrive.fr/image.ashx?id=2654914&use=l&cat=p&typeid=i","cat":319788},{"id":58137,"n":"Moelleux chocolat Bio Village  Mini Bio - x6 - 200g","p":5.35,"u":"26,75 €/KG","img":"https://fd15-photos.leclercdrive.fr/image.ashx?id=1951160&use=l&cat=p&typeid=i","cat":294776},{"id":58138,"n":"Chocolat Noir Bio village Aux éclats d'amandes Bio - 100g","p":3.0,"u":"30,00 €/KG","img":"https://fd15-photos.leclercdrive.fr/image.ashx?id=2891896&use=l&cat=p&typeid=i","cat":284956},{"id":58141,"n":"Lentilles corail Bio Village Bio - 450g","p":2.8,"u":"6,22 €/KG","img":"https://fd15-photos.leclercdrive.fr/image.ashx?id=3002665&use=l&cat=p&typeid=i","cat":284430},{"id":58142,"n":"Confiture extra bio Bio Village Cassis - 370g","p":4.95,"u":"13,38 €/KG","img":"https://fd15-photos.leclercdrive.fr/image.ashx?id=2459587&use=l&cat=p&typeid=i","cat":284480},{"id":58148,"n":"Film étirable Alfapac Dérouleur - 35m","p":13.82,"u":"0,39 €/MT","img":"https://fd15-photos.leclercdrive.fr/image.ashx?id=2918274&use=l&cat=p&typeid=i","cat":334134},{"id":58201,"n":"Désodorisant Bien Air  Senteur muguet - 300ml","p":1.52,"u":"5,07 €/L","img":"https://fd15-photos.leclercdrive.fr/image.ashx?id=2607942&use=l&cat=p&typeid=i","cat":311626},{"id":58202,"n":"Désodorisant Bien Air Floral - 300ml","p":1.44,"u":"4,80 €/L","img":"https://fd15-photos.leclercdrive.fr/image.ashx?id=2614573&use=l&cat=p&typeid=i","cat":311626},{"id":58203,"n":"Désodorisant Bien Air  Fruits rouges - 300ml","p":1.89,"u":"6,30 €/L","img":"https://fd15-photos.leclercdrive.fr/image.ashx?id=2613723&use=l&cat=p&typeid=i","cat":311626},{"id":58205,"n":"Désodorisant Bien Air Vanille - 300ml","p":1.83,"u":"6,10 €/L","img":"https://fd15-photos.leclercdrive.fr/image.ashx?id=2613726&use=l&cat=p&typeid=i","cat":311626},{"id":58206,"n":"Désodorisant Bien Air Agrume, anti-tabac - 300ml","p":1.79,"u":"5,97 €/L","img":"https://fd15-photos.leclercdrive.fr/image.ashx?id=2613729&use=l&cat=p&typeid=i","cat":311626},{"id":58221,"n":"Feuilles de filo Tablier Blanc 250g","p":2.39,"u":"9,56 €/KG","img":"https://fd15-photos.leclercdrive.fr/image.ashx?id=1938591&use=l&cat=p&typeid=i","cat":333681},{"id":58232,"n":"Pâte feuilletée Tablier Blanc Rectangulaire - 230g","p":2.05,"u":"8,91 €/KG","img":"https://fd15-photos.leclercdrive.fr/image.ashx?id=2635931&use=l&cat=p&typeid=i","cat":333681},{"id":58365,"n":"Tartelettes Chocolat P'tit Déli Fourrées au lait - 225g","p":2.79,"u":"12,40 €/KG","img":"https://fd15-photos.leclercdrive.fr/image.ashx?id=2523715&use=l&cat=p&typeid=i","cat":284488},{"id":58435,"n":"Bouillon Cube Maggi Poule au pot - 150g","p":2.65,"u":"17,67 €/KG","img":"https://fd15-photos.leclercdrive.fr/image.ashx?id=2737054&use=l&cat=p&typeid=i","cat":288379},{"id":58444,"n":"Cacahuètes Benenuts-Twinuts Nature format familial - 260g","p":3.43,"u":"13,19 €/KG","img":"https://fd15-photos.leclercdrive.fr/image.ashx?id=2967744&use=l&cat=p&typeid=i","cat":284448},{"id":58449,"n":"Tomates pelées entières D'aucy 238g","p":1.5,"u":"6,30 €/KG","img":"https://fd15-photos.leclercdrive.fr/image.ashx?id=2503425&use=l&cat=p&typeid=i","cat":312608},{"id":58450,"n":"Tomates pelées entières D'aucy 476g","p":2.36,"u":"4,96 €/KG","img":"https://fd15-photos.leclercdrive.fr/image.ashx?id=2751996&use=l&cat=p&typeid=i","cat":312608},{"id":58451,"n":"Sachets repas chats Gourmet Mon Petit - Poisson - 6x50g","p":4.97,"u":"16,57 €/KG","img":"https://fd15-photos.leclercdrive.fr/image.ashx?id=2899686&use=l&cat=p&typeid=i","cat":285286},{"id":58457,"n":"Sachet repas chats Gourmet 12x85g","p":12.25,"u":"12,01 €/KG","img":"https://fd15-photos.leclercdrive.fr/image.ashx?id=2901124&use=l&cat=p&typeid=i","cat":285286},{"id":58459,"n":"Croquettes chat Purina One Adulte - Boeuf/Céréales - 1.5Kg","p":11.45,"u":"7,63 €/KG","img":"https://fd15-photos.leclercdrive.fr/image.ashx?id=2433548&use=l&cat=p&typeid=i","cat":284680},{"id":58460,"n":"Croquettes chat Purina One Boules de poils - Poulet -1.5Kg","p":19.52,"u":"13,01 €/KG","img":"https://fd15-photos.leclercdrive.fr/image.ashx?id=2868527&use=l&cat=p&typeid=i","cat":284680},{"id":58487,"n":"Croquettes chat Purina One Poulet - 11 ans et + - 1,5Kg","p":13.77,"u":"9,18 €/KG","img":"https://fd15-photos.leclercdrive.fr/image.ashx?id=2433575&use=l&cat=p&typeid=i","cat":284680},{"id":58488,"n":"Boîte chat Whiskas Sauce carte du boucher - 4x400g","p":8.89,"u":"5,56 €/KG","img":"https://fd15-photos.leclercdrive.fr/image.ashx?id=2619986&use=l&cat=p&typeid=i","cat":285601},{"id":58491,"n":"Briochettes Navettes La Fournée dorée x8 - 400g","p":5.25,"u":"13,13 €/KG","img":"https://fd15-photos.leclercdrive.fr/image.ashx?id=2842777&use=l&cat=p&typeid=i","cat":284478},{"id":58505,"n":"Bière blonde Heineken Sans alcool - 6x25cl","p":8.95,"u":"5,97 €/L","img":"https://fd15-photos.leclercdrive.fr/image.ashx?id=2948528&use=l&cat=p&typeid=i","cat":334877},{"id":58510,"n":"Jambon cru fumé Eco+ 14 tranches - 200g","p":3.2,"u":"16,00 €/KG","img":"https://fd15-photos.leclercdrive.fr/image.ashx?id=2779172&use=l&cat=p&typeid=i","cat":316007},{"id":58511,"n":"Salami Danois fumé Eco+ 20 tranches - 200g","p":1.55,"u":"7,75 €/KG","img":"https://fd15-photos.leclercdrive.fr/image.ashx?id=2573713&use=l&cat=p&typeid=i","cat":316007},{"id":58518,"n":"Tortellini à la viande Eco+ 500g","p":2.9,"u":"5,80 €/KG","img":"https://fd15-photos.leclercdrive.fr/image.ashx?id=2606795&use=l&cat=p&typeid=i","cat":333682},{"id":58522,"n":"Sandwich polaire Côté Snack Saumon fumé - 135g","p":4.49,"u":"33,26 €/KG","img":"https://fd15-photos.leclercdrive.fr/image.ashx?id=2296985&use=l&cat=p&typeid=i","cat":333658},{"id":58530,"n":"Pâte à tartiner L. Georgelin Bio Noisettes cacao  400g","p":5.94,"u":"14,85 €/KG","img":"https://fd15-photos.leclercdrive.fr/image.ashx?id=1580439&use=l&cat=p&typeid=i","cat":284481},{"id":58547,"n":"Duo de raisins moelleux Couleurs Vives - 250g","p":2.45,"u":"9,80 €/KG","img":"https://fd15-photos.leclercdrive.fr/image.ashx?id=2659262&use=l&cat=p&typeid=i","cat":284357},{"id":58548,"n":"Sachets repas chats Purina One Sauce boeuf poulet x4 - 340g","p":3.64,"u":"10,71 €/KG","img":"https://fd15-photos.leclercdrive.fr/image.ashx?id=2468239&use=l&cat=p&typeid=i","cat":285286},{"id":58570,"n":"Friandises chien Pedigree  Récompense bœuf volaille - 155g","p":2.75,"u":"17,74 €/KG","img":"https://fd15-photos.leclercdrive.fr/image.ashx?id=2924779&use=l&cat=p&typeid=i","cat":294527},{"id":58577,"n":"Dessert bébé lacté Blédina 6m Abricot - 6x55g","p":3.6,"u":"10,91 €/KG","img":"https://fd15-photos.leclercdrive.fr/image.ashx?id=2952448&use=l&cat=p&typeid=i","cat":312392},{"id":58578,"n":"Dessert bébé lacté Blédina 6m Fraise - 6x55g","p":3.6,"u":"10,91 €/KG","img":"https://fd15-photos.leclercdrive.fr/image.ashx?id=2952451&use=l&cat=p&typeid=i","cat":312392},{"id":58600,"n":"Assiette charcuterie Espagnole 150g","p":5.24,"u":"34,93 €/KG","img":"https://fd15-photos.leclercdrive.fr/image.ashx?id=2873270&use=l&cat=p&typeid=i","cat":316007},{"id":58602,"n":"Haricots verts Rochefontaine Extra fins, bio - 180g","p":3.19,"u":"17,72 €/KG","img":"https://fd15-photos.leclercdrive.fr/image.ashx?id=2343588&use=l&cat=p&typeid=i","cat":312606},{"id":58610,"n":"Brocolis cuits Notre Jardin 750g","p":2.75,"u":"3,67 €/KG","img":"https://fd15-photos.leclercdrive.fr/image.ashx?id=2873153&use=l&cat=p&typeid=i","cat":319805},{"id":58613,"n":"Haricots verts Gillet  Extra fins, bocal - 345g","p":5.37,"u":"15,57 €/KG","img":"https://fd15-photos.leclercdrive.fr/image.ashx?id=1867183&use=l&cat=p&typeid=i","cat":312606},{"id":58618,"n":"Tarte Côté Table Saumon Poireau - 400g","p":3.49,"u":"8,73 €/KG","img":"https://fd15-photos.leclercdrive.fr/image.ashx?id=2426776&use=l&cat=p&typeid=i","cat":284257},{"id":58620,"n":"Tarte aux poireaux Côté Table 8x100g","p":8.15,"u":"10,19 €/KG","img":"https://fd15-photos.leclercdrive.fr/image.ashx?id=2791824&use=l&cat=p&typeid=i","cat":284257},{"id":58625,"n":"Cœurs de palmiers Géant Vert - 220g","p":5.9,"u":"26,82 €/KG","img":"https://fd15-photos.leclercdrive.fr/image.ashx?id=2840560&use=l&cat=p&typeid=i","cat":312611},{"id":58626,"n":"Coeurs d'artichauts Géant Vert - 240g","p":5.9,"u":"24,58 €/KG","img":"https://fd15-photos.leclercdrive.fr/image.ashx?id=2840566&use=l&cat=p&typeid=i","cat":312611},{"id":58629,"n":"galettes de maïs bio bjorg Extra fines - 130g","p":2.7,"u":"20,77 €/KG","img":"https://fd15-photos.leclercdrive.fr/image.ashx?id=2978005&use=l&cat=p&typeid=i","cat":318651},{"id":58646,"n":"Fromage AOP Comté Jura Flore 9 mois - 200g","p":4.95,"u":"24,75 €/KG","img":"https://fd15-photos.leclercdrive.fr/image.ashx?id=2765243&use=l&cat=p&typeid=i","cat":314036},{"id":58648,"n":"Comté AOP  15 mois - 200g","p":8.24,"u":"41,20 €/KG","img":"https://fd15-photos.leclercdrive.fr/image.ashx?id=2692575&use=l&cat=p&typeid=i","cat":314034},{"id":58650,"n":"Pizza Merveillosa Turini 4 fromages - 340g","p":3.75,"u":"11,03 €/KG","img":"https://fd15-photos.leclercdrive.fr/image.ashx?id=2815244&use=l&cat=p&typeid=i","cat":284256},{"id":58651,"n":"Pizza bords fourrés au fromage  Turini 3 fromages - 450g","p":5.99,"u":"13,31 €/KG","img":"https://fd15-photos.leclercdrive.fr/image.ashx?id=2816582&use=l&cat=p&typeid=i","cat":284256},{"id":58652,"n":"Pizza à partager Turini 3 fromages - 500g","p":5.79,"u":"11,58 €/KG","img":"https://fd15-photos.leclercdrive.fr/image.ashx?id=2816588&use=l&cat=p&typeid=i","cat":284256},{"id":58655,"n":"Poêlée fermière Notre Jardin 750g","p":4.5,"u":"6,00 €/KG","img":"https://fd15-photos.leclercdrive.fr/image.ashx?id=2878597&use=l&cat=p&typeid=i","cat":319823},{"id":58681,"n":"Légumes potage potiron carottes Notre jardin - 1 kg","p":2.55,"u":"2,55 €/KG","img":"https://fd15-photos.leclercdrive.fr/image.ashx?id=2900136&use=l&cat=p&typeid=i","cat":319805},{"id":58685,"n":"Jambon Speck Saint Azay 100g","p":3.05,"u":"30,50 €/KG","img":"https://fd15-photos.leclercdrive.fr/image.ashx?id=2856739&use=l&cat=p&typeid=i","cat":316007},{"id":58686,"n":"Mini moelleux au chocolat Autour du Dessert - 8x24g","p":6.39,"u":"33,28 €/KG","img":"https://fd15-photos.leclercdrive.fr/image.ashx?id=2070045&use=l&cat=p&typeid=i","cat":284267},{"id":58689,"n":"Magret de canard Sud Ouest NRT Piment Espelette - 90g","p":4.99,"u":"55,44 €/KG","img":"https://fd15-photos.leclercdrive.fr/image.ashx?id=2974858&use=l&cat=p&typeid=i","cat":284339},{"id":58691,"n":"Mousse de foie TSR VPF  Tradilège - 150g","p":2.17,"u":"14,47 €/KG","img":"https://fd15-photos.leclercdrive.fr/image.ashx?id=2696292&use=l&cat=p&typeid=i","cat":316008},{"id":58693,"n":"Galettes de pommes de terre NRT à l'Alsacienne - 670g","p":3.82,"u":"5,70 €/KG","img":"https://fd15-photos.leclercdrive.fr/image.ashx?id=2699822&use=l&cat=p&typeid=i","cat":319792},{"id":58694,"n":"Glace Barre Glacée Mars  Chocolat & Caramel Salé  - 224g","p":4.66,"u":"20,80 €/KG","img":"https://fd15-photos.leclercdrive.fr/image.ashx?id=2419341&use=l&cat=p&typeid=i","cat":284264},{"id":58704,"n":"Haché à cuisiner Charal Pur Bœuf 15%MG - 400g","p":6.64,"u":"16,60 €/KG","img":"https://fd15-photos.leclercdrive.fr/image.ashx?id=2741934&use=l&cat=p&typeid=i","cat":319779},{"id":58716,"n":"Duo de Courgettes Notre Jardin Tomates - 900g","p":3.89,"u":"4,32 €/KG","img":"https://fd15-photos.leclercdrive.fr/image.ashx?id=2404290&use=l&cat=p&typeid=i","cat":319823},{"id":58740,"n":"Haché à cuisiner Charal Happy Family - 600g","p":10.59,"u":"17,65 €/KG","img":"https://fd15-photos.leclercdrive.fr/image.ashx?id=2977330&use=l&cat=p&typeid=i","cat":319779},{"id":58741,"n":"Fèves non pelées Notre Jardin 1kg","p":3.32,"u":"3,32 €/KG","img":"https://fd15-photos.leclercdrive.fr/image.ashx?id=2873147&use=l&cat=p&typeid=i","cat":319805},{"id":58789,"n":"Fromage de brebis Perail Lou Perac - 150g","p":4.69,"u":"31,27 €/KG","img":"https://fd15-photos.leclercdrive.fr/image.ashx?id=2956313&use=l&cat=p&typeid=i","cat":314031},{"id":58803,"n":"Duo mousse Canard Foie 2x50g","p":1.58,"u":"31,60 €/KG","img":"https://fd15-photos.leclercdrive.fr/image.ashx?id=2840482&use=l&cat=p&typeid=i","cat":316008},{"id":58944,"n":"Yaourts à boire Actimel Nature - 12x100g","p":6.29,"u":"5,24 €/KG","img":"https://fd15-photos.leclercdrive.fr/image.ashx?id=2996461&use=l&cat=p&typeid=i","cat":284415},{"id":58946,"n":"Yaourts à boire Actimel Multifruits - 8x100g","p":4.89,"u":"6,11 €/KG","img":"https://fd15-photos.leclercdrive.fr/image.ashx?id=2996464&use=l&cat=p&typeid=i","cat":284415},{"id":59025,"n":"Pur beurre cacahuète Jardin Bio Bio - 350g","p":5.7,"u":"16,29 €/KG","img":"https://fd15-photos.leclercdrive.fr/image.ashx?id=3000312&use=l&cat=p&typeid=i","cat":284481},{"id":59038,"n":"Café moulu L'Or Intense 100% Arabica - 2x250g","p":17.58,"u":"35,16 €/KG","img":"https://fd15-photos.leclercdrive.fr/image.ashx?id=2020062&use=l&cat=p&typeid=i","cat":284750},{"id":59041,"n":"Céréales Extra Kellogg's Chocolat au lait - 800g","p":8.86,"u":"11,08 €/KG","img":"https://fd15-photos.leclercdrive.fr/image.ashx?id=2694941&use=l&cat=p&typeid=i","cat":309512},{"id":59043,"n":"Lait en poudre Régilait Entier - 300g","p":3.98,"u":"13,27 €/KG","img":"https://fd15-photos.leclercdrive.fr/image.ashx?id=2110074&use=l&cat=p&typeid=i","cat":293236},{"id":59213,"n":"Dosettes Café Carte Noire  Arabica Classique n5 x60 - 420g","p":16.76,"u":"39,90 €/KG","img":"https://fd15-photos.leclercdrive.fr/image.ashx?id=2922191&use=l&cat=p&typeid=i","cat":293238},{"id":59235,"n":"Café dosettes Tassimo L'Or Café Long Classique x24","p":13.43,"u":"86,09 €/KG","img":"https://fd15-photos.leclercdrive.fr/image.ashx?id=2100356&use=l&cat=p&typeid=i","cat":293240},{"id":59249,"n":"Huile de coco Jardin Bio Bio - 200ml","p":6.75,"u":"33,75 €/L","img":"https://fd15-photos.leclercdrive.fr/image.ashx?id=2790135&use=l&cat=p&typeid=i","cat":284453},{"id":59252,"n":"Café dosettes Tassimo Maxwell House - caramel x8","p":7.59,"u":"28,32 €/KG","img":"https://fd15-photos.leclercdrive.fr/image.ashx?id=2100254&use=l&cat=p&typeid=i","cat":293240},{"id":59253,"n":"Café dosettes Tassimo L'Or Petit Déjeuner Classique x24","p":12.46,"u":"62,61 €/KG","img":"https://fd15-photos.leclercdrive.fr/image.ashx?id=2100365&use=l&cat=p&typeid=i","cat":293240},{"id":59277,"n":"Bonbons acidulés têtes brûlées Fraise/framboise-kitache-135g","p":2.1,"u":"15,56 €/KG","img":"https://fd15-photos.leclercdrive.fr/image.ashx?id=3008650&use=l&cat=p&typeid=i","cat":304250},{"id":59284,"n":"Maoam Mixx Haribo Sachet bonbons - 250g","p":2.48,"u":"9,92 €/KG","img":"https://fd15-photos.leclercdrive.fr/image.ashx?id=2876956&use=l&cat=p&typeid=i","cat":304250},{"id":59287,"n":"Cornichons Rustica 6 épices - 360g","p":3.15,"u":"8,75 €/KG","img":"https://fd15-photos.leclercdrive.fr/image.ashx?id=2916710&use=l&cat=p&typeid=i","cat":284458},{"id":59288,"n":"IGP Gros sel - Le Guérandais Sachet - 800g","p":2.05,"u":"2,56 €/KG","img":"https://fd15-photos.leclercdrive.fr/image.ashx?id=2458622&use=l&cat=p&typeid=i","cat":284457},{"id":59291,"n":"Sauce bolognaise Bio Village  Bio - 350g","p":3.1,"u":"8,86 €/KG","img":"https://fd15-photos.leclercdrive.fr/image.ashx?id=2753381&use=l&cat=p&typeid=i","cat":287599},{"id":59292,"n":"Œufs au plat Haribo Sachet bonbons - 300g","p":2.95,"u":"9,83 €/KG","img":"https://fd15-photos.leclercdrive.fr/image.ashx?id=2984892&use=l&cat=p&typeid=i","cat":304250},{"id":59293,"n":"Sauce provençale Bio Village  Bio - 350g","p":2.24,"u":"6,40 €/KG","img":"https://fd15-photos.leclercdrive.fr/image.ashx?id=2712995&use=l&cat=p&typeid=i","cat":287599},{"id":59296,"n":"Sauce tomate Bio Village  Basilic bio - 350g","p":1.61,"u":"4,60 €/KG","img":"https://fd15-photos.leclercdrive.fr/image.ashx?id=2696289&use=l&cat=p&typeid=i","cat":287599},{"id":59299,"n":"Bonbons KINDER Schoko-Bons Chocolat au lait - 225G","p":5.76,"u":"25,60 €/KG","img":"https://fd15-photos.leclercdrive.fr/image.ashx?id=2679633&use=l&cat=p&typeid=i","cat":304238},{"id":59305,"n":"Sauce American Burger Heinz - 230g","p":2.99,"u":"13,00 €/KG","img":"https://fd15-photos.leclercdrive.fr/image.ashx?id=2973354&use=l&cat=p&typeid=i","cat":318431},{"id":59307,"n":"Miami Pik Haribo Sachet bonbons acidulés - 200g","p":2.69,"u":"13,45 €/KG","img":"https://fd15-photos.leclercdrive.fr/image.ashx?id=2984895&use=l&cat=p&typeid=i","cat":304250},{"id":59314,"n":"Huile d'Olive Tramier  Vierge Extra Biologique 75cl","p":9.99,"u":"13,32 €/L","img":"https://fd15-photos.leclercdrive.fr/image.ashx?id=2803916&use=l&cat=p&typeid=i","cat":284453},{"id":59318,"n":"Caserecce Tradizioni d'Italia N°168 - 500g","p":2.42,"u":"4,84 €/KG","img":"https://fd15-photos.leclercdrive.fr/image.ashx?id=2657313&use=l&cat=p&typeid=i","cat":284427},{"id":59319,"n":"Penne rigate Tradizioni Italia N°133 - 500g","p":2.51,"u":"5,02 €/KG","img":"https://fd15-photos.leclercdrive.fr/image.ashx?id=2657316&use=l&cat=p&typeid=i","cat":284427},{"id":59324,"n":"Pipe rigate Tradizioni d'Italia N°179 - 500g","p":2.5,"u":"5,00 €/KG","img":"https://fd15-photos.leclercdrive.fr/image.ashx?id=2657319&use=l&cat=p&typeid=i","cat":284427},{"id":59327,"n":"Pâtes de fruits St Siffrein  4 saisons - 720g","p":5.4,"u":"7,50 €/KG","img":"https://fd15-photos.leclercdrive.fr/image.ashx?id=2504176&use=l&cat=p&typeid=i","cat":304249},{"id":59331,"n":"Barquette chien Cesar  Recette campagne sauce - 8x150g","p":12.79,"u":"10,66 €/KG","img":"https://fd15-photos.leclercdrive.fr/image.ashx?id=2796222&use=l&cat=p&typeid=i","cat":284673},{"id":59336,"n":"Barquette chien Cesar Terrine poulet - 300g","p":3.29,"u":"10,97 €/KG","img":"https://fd15-photos.leclercdrive.fr/image.ashx?id=2091323&use=l&cat=p&typeid=i","cat":284673},{"id":59339,"n":"Barquette chien sénior Cesar Terrine en gelée - 4x150g","p":8.15,"u":"13,58 €/KG","img":"https://fd15-photos.leclercdrive.fr/image.ashx?id=2091320&use=l&cat=p&typeid=i","cat":284673},{"id":59340,"n":"Barquette chien Cesar Terrine cœur légumes - 4x150g","p":7.2,"u":"12,00 €/KG","img":"https://fd15-photos.leclercdrive.fr/image.ashx?id=2091317&use=l&cat=p&typeid=i","cat":284673},{"id":59341,"n":"Barquette chien Cesar Terrine du jardin - 4x150g","p":5.99,"u":"9,98 €/KG","img":"https://fd15-photos.leclercdrive.fr/image.ashx?id=2091314&use=l&cat=p&typeid=i","cat":284673},{"id":59343,"n":"Pâtes Tradizioni d'Italia Linguine n°121 - 500g","p":2.13,"u":"4,26 €/KG","img":"https://fd15-photos.leclercdrive.fr/image.ashx?id=2657322&use=l&cat=p&typeid=i","cat":284427},{"id":59344,"n":"Barquette chien Cesar Terrine du jardin - 4x300g","p":12.05,"u":"10,04 €/KG","img":"https://fd15-photos.leclercdrive.fr/image.ashx?id=2091308&use=l&cat=p&typeid=i","cat":284673},{"id":59345,"n":"Rigatoni Tradizioni d'Italia N°124 - 500g","p":2.51,"u":"5,02 €/KG","img":"https://fd15-photos.leclercdrive.fr/image.ashx?id=2657325&use=l&cat=p&typeid=i","cat":284427},{"id":59348,"n":"Taralli pouille Huile d'olive - 400g","p":4.19,"u":"10,48 €/KG","img":"https://fd15-photos.leclercdrive.fr/image.ashx?id=2670524&use=l&cat=p&typeid=i","cat":297000},{"id":59426,"n":"Biscuits petit déjeuner Belvita Chocolat noisettes - 253g","p":4.29,"u":"16,96 €/KG","img":"https://fd15-photos.leclercdrive.fr/image.ashx?id=2346681&use=l&cat=p&typeid=i","cat":284491},{"id":59478,"n":"Biscuits double crème Oréo  3x157g","p":5.34,"u":"11,34 €/KG","img":"https://fd15-photos.leclercdrive.fr/image.ashx?id=2938016&use=l&cat=p&typeid=i","cat":284488},{"id":59499,"n":"Bière Chouffe Blonde 75cl","p":8.69,"u":"11,59 €/L","img":"https://fd15-photos.leclercdrive.fr/image.ashx?id=2959199&use=l&cat=p&typeid=i","cat":334872},{"id":59504,"n":"Bière St Feuillien blonde 33cl","p":3.99,"u":"12,09 €/L","img":"https://fd15-photos.leclercdrive.fr/image.ashx?id=2433482&use=l&cat=p&typeid=i","cat":334872},{"id":59539,"n":"Pêches Douceur du Verger Sirop léger - 230 g","p":1.84,"u":"8,00 €/KG","img":"https://fd15-photos.leclercdrive.fr/image.ashx?id=2093153&use=l&cat=p&typeid=i","cat":284507},{"id":59545,"n":"Pomme de terre Purée et potage - 2.5kg","p":3.29,"u":"1,32 €/KG","img":"https://fd15-photos.leclercdrive.fr/image.ashx?id=1633424&use=l&cat=p&typeid=i","cat":284352},{"id":59549,"n":"Salade: Batavia 1p","p":1.95,"img":"https://fd15-photos.leclercdrive.fr/image.ashx?id=1633718&use=l&cat=p&typeid=i","cat":284352},{"id":59563,"n":"Galette de maïs GERBLE Chocolat au lait - 124g","p":2.54,"u":"20,48 €/KG","img":"https://fd15-photos.leclercdrive.fr/image.ashx?id=2664034&use=l&cat=p&typeid=i","cat":318651},{"id":59565,"n":"Pâte à tartiner Nustikao 1kg","p":6.59,"u":"6,59 €/KG","img":"https://fd15-photos.leclercdrive.fr/image.ashx?id=3012860&use=l&cat=p&typeid=i","cat":284481},{"id":59618,"n":"Soupe Knorr Tomates/mozza - 1L","p":4.35,"u":"4,35 €/L","img":"https://fd15-photos.leclercdrive.fr/image.ashx?id=2408258&use=l&cat=p&typeid=i","cat":284462},{"id":59674,"n":"Compotes Pom'potes Materne  Pomme/poire/vanille - 4x90g","p":4.03,"u":"11,19 €/KG","img":"https://fd15-photos.leclercdrive.fr/image.ashx?id=3010894&use=l&cat=p&typeid=i","cat":284508},{"id":59678,"n":"Sardines Saupiquet  Entières au piment  - 120g","p":2.12,"u":"17,67 €/KG","img":"https://fd15-photos.leclercdrive.fr/image.ashx?id=2332216&use=l&cat=p&typeid=i","cat":305146},{"id":59687,"n":"Sardines Connetable Olive/citron - 135g","p":4.15,"u":"30,74 €/KG","img":"https://fd15-photos.leclercdrive.fr/image.ashx?id=2618951&use=l&cat=p&typeid=i","cat":305146},{"id":59695,"n":"Yaourt à la grecque YAOS Vanille - 4x125g","p":4.93,"u":"9,86 €/KG","img":"https://fd15-photos.leclercdrive.fr/image.ashx?id=3007972&use=l&cat=p&typeid=i","cat":314999},{"id":59713,"n":"Gros cornichons Rustica  Aigre doux - 850g","p":3.29,"u":"3,87 €/KG","img":"https://fd15-photos.leclercdrive.fr/image.ashx?id=2916707&use=l&cat=p&typeid=i","cat":284458},{"id":59714,"n":"Cacahuètes Tokapi  Grillées à sec - 200g","p":1.29,"u":"6,45 €/KG","img":"https://fd15-photos.leclercdrive.fr/image.ashx?id=2799781&use=l&cat=p&typeid=i","cat":284448},{"id":59717,"n":"Saucisse grillée Purée pomme de terre La Cuisine d'Océane 300g","p":4.45,"u":"14,83 €/KG","img":"https://fd15-photos.leclercdrive.fr/image.ashx?id=2962338&use=l&cat=p&typeid=i","cat":284953},{"id":59718,"n":"Saumon tagliatelles D'Aucy Micro-ondes - 300g","p":5.29,"u":"17,63 €/KG","img":"https://fd15-photos.leclercdrive.fr/image.ashx?id=2117168&use=l&cat=p&typeid=i","cat":284953},{"id":59725,"n":"Bâtonnets Surimi Saveur Coraya  x12 - 180g","p":2.6,"u":"14,44 €/KG","img":"https://fd15-photos.leclercdrive.fr/image.ashx?id=2962677&use=l&cat=p&typeid=i","cat":285189},{"id":59730,"n":"Blinis Cocktail Blini  x16 - 135g","p":2.89,"u":"21,41 €/KG","img":"https://fd15-photos.leclercdrive.fr/image.ashx?id=2971020&use=l&cat=p&typeid=i","cat":285191},{"id":59732,"n":"Bâtonnets surimi Fleury Michon -25% sel  x14 - 230g","p":5.19,"u":"519,00 €/L","img":"https://fd15-photos.leclercdrive.fr/image.ashx?id=2936941&use=l&cat=p&typeid=i","cat":285189},{"id":59740,"n":"Tarama Blini Aux oeufs de cabillaud - 250g","p":3.99,"u":"15,96 €/KG","img":"https://fd15-photos.leclercdrive.fr/image.ashx?id=2960873&use=l&cat=p&typeid=i","cat":315999},{"id":59779,"n":"Tablette chocolat Côte d'Or Chocolat noir/pistaches - 180g","p":5.54,"u":"30,78 €/KG","img":"https://fd15-photos.leclercdrive.fr/image.ashx?id=1885680&use=l&cat=p&typeid=i","cat":284497},{"id":59810,"n":"Chewing-gum 2FruityHollywood Fraise citron vert - 66g","p":4.69,"u":"71,06 €/KG","img":"https://fd15-photos.leclercdrive.fr/image.ashx?id=2670065&use=l&cat=p&typeid=i","cat":304251},{"id":60000,"n":"Biscuits Karelea Palmier - 100g","p":4.35,"u":"43,50 €/KG","img":"https://fd15-photos.leclercdrive.fr/image.ashx?id=2896357&use=l&cat=p&typeid=i","cat":284487},{"id":60029,"n":"Brioche Harrys Mini Tressée Nature au sucre perlé - 210g","p":3.65,"u":"17,38 €/KG","img":"https://fd15-photos.leclercdrive.fr/image.ashx?id=2667742&use=l&cat=p&typeid=i","cat":284478},{"id":60051,"n":"Gâteaux Lulu L'Ourson Fraise - 150g","p":3.15,"u":"21,00 €/KG","img":"https://fd15-photos.leclercdrive.fr/image.ashx?id=3008050&use=l&cat=p&typeid=i","cat":284495},{"id":60052,"n":"Gâteau Ourson LuLu Fourré Fraise - 2x150g","p":4.61,"u":"15,37 €/KG","img":"https://fd15-photos.leclercdrive.fr/image.ashx?id=2396545&use=l&cat=p&typeid=i","cat":284495},{"id":60131,"n":"Oeufs Bio Matines Plein Air - x12","p":6.9,"u":"0,58 €/P","img":"https://fd15-photos.leclercdrive.fr/image.ashx?id=2432289&use=l&cat=p&typeid=i","cat":284378},{"id":60132,"n":"Oeufs de nos Villages Bio  Plein Air Gros - x6","p":5.9,"u":"0,98 €/P","img":"https://fd15-photos.leclercdrive.fr/image.ashx?id=2594079&use=l&cat=p&typeid=i","cat":284378},{"id":60138,"n":"Bûche de chèvre Bio Soignon 180g","p":4.09,"u":"22,72 €/KG","img":"https://fd15-photos.leclercdrive.fr/image.ashx?id=2676741&use=l&cat=p&typeid=i","cat":314031},{"id":60150,"n":"Fromage l'Ortolan Bio Fromagerie Milleret - 250g","p":5.09,"u":"20,36 €/KG","img":"https://fd15-photos.leclercdrive.fr/image.ashx?id=2732866&use=l&cat=p&typeid=i","cat":314033},{"id":60165,"n":"Boisson végétale Alpro noisette - 1l","p":3.38,"u":"3,38 €/L","img":"https://fd15-photos.leclercdrive.fr/image.ashx?id=2849602&use=l&cat=p&typeid=i","cat":316067},{"id":60168,"n":"fromage blanc jockey Nature 3%MG - 8x100g","p":3.95,"u":"4,94 €/KG","img":"https://fd15-photos.leclercdrive.fr/image.ashx?id=2230369&use=l&cat=p&typeid=i","cat":284409},{"id":60171,"n":"boisson végétale lait d'amande grillée alpro -1l","p":3.38,"u":"3,38 €/L","img":"https://fd15-photos.leclercdrive.fr/image.ashx?id=2988671&use=l&cat=p&typeid=i","cat":316067},{"id":60174,"n":"Madeleine Bonne Maman  Chocolat au lait x10 - 300g","p":5.91,"u":"19,70 €/KG","img":"https://fd15-photos.leclercdrive.fr/image.ashx?id=2949940&use=l&cat=p&typeid=i","cat":284492},{"id":60175,"n":"Madeleines St Michel  Oeuf en plein air - 1kg","p":7.3,"u":"7,30 €/KG","img":"https://fd15-photos.leclercdrive.fr/image.ashx?id=2936194&use=l&cat=p&typeid=i","cat":284492},{"id":60186,"n":"Gaufres Bonne Maman  x6 - 300g","p":5.71,"u":"19,03 €/KG","img":"https://fd15-photos.leclercdrive.fr/image.ashx?id=1927452&use=l&cat=p&typeid=i","cat":294777},{"id":60192,"n":"Pancakes Le Ster  x8 - 280g","p":3.85,"u":"13,75 €/KG","img":"https://fd15-photos.leclercdrive.fr/image.ashx?id=2827215&use=l&cat=p&typeid=i","cat":284495},{"id":60198,"n":"Moelleux Ker Cadélac Tout chocolat - 500g","p":7.89,"u":"15,78 €/KG","img":"https://fd15-photos.leclercdrive.fr/image.ashx?id=2164837&use=l&cat=p&typeid=i","cat":294776},{"id":60204,"n":"Crêpes de landerneau Le Ster Le pâtissier x12 - 300g","p":4.25,"u":"14,17 €/KG","img":"https://fd15-photos.leclercdrive.fr/image.ashx?id=2962860&use=l&cat=p&typeid=i","cat":284494},{"id":60289,"n":"IGP Pays d'Oc rosé Syrah by Haussmann - 75cl","p":6.09,"u":"8,12 €/L","img":"https://fd15-photos.leclercdrive.fr/image.ashx?id=2478324&use=l&cat=p&typeid=i","cat":289558},{"id":60291,"n":"IGP Vin Rouge Pays d'Oc By Haussmann - 75cl","p":6.49,"u":"8,65 €/L","img":"https://fd15-photos.leclercdrive.fr/image.ashx?id=2107603&use=l&cat=p&typeid=i","cat":289556},{"id":60293,"n":"IGP Pays d'Oc Merlot Vin rouge By Haussmann - 75cl","p":5.99,"u":"7,99 €/L","img":"https://fd15-photos.leclercdrive.fr/image.ashx?id=2478321&use=l&cat=p&typeid=i","cat":289556},{"id":60313,"n":"Fromage frais Délisse  Vanille de Madagascar - 500g","p":3.69,"u":"7,38 €/KG","img":"https://fd15-photos.leclercdrive.fr/image.ashx?id=3012851&use=l&cat=p&typeid=i","cat":284409},{"id":60537,"n":"Purée surgelé  Bonduelle 4 saveurs  - 780g","p":5.25,"u":"6,73 €/KG","img":"https://fd15-photos.leclercdrive.fr/image.ashx?id=2996518&use=l&cat=p&typeid=i","cat":319805},{"id":60538,"n":"Purée Délice Bonduelle Duo douceur - 780g","p":3.69,"u":"4,73 €/KG","img":"https://fd15-photos.leclercdrive.fr/image.ashx?id=2996521&use=l&cat=p&typeid=i","cat":319805},{"id":60539,"n":"Purée delice Bonduelle  Courgette Céleri Brocoli - 780g","p":3.71,"u":"4,76 €/KG","img":"https://fd15-photos.leclercdrive.fr/image.ashx?id=2910043&use=l&cat=p&typeid=i","cat":319805},{"id":60637,"n":"Matière grasse St Hubert 41 à tartiner - 38% MG - 500g","p":3.91,"u":"7,82 €/KG","img":"https://fd15-photos.leclercdrive.fr/image.ashx?id=2734147&use=l&cat=p&typeid=i","cat":315229},{"id":60692,"n":"Bêtises de Cambrai NRT  200g","p":3.65,"u":"18,25 €/KG","img":"https://fd15-photos.leclercdrive.fr/image.ashx?id=2771414&use=l&cat=p&typeid=i","cat":304250},{"id":60694,"n":"Avoine Alpina Savoie Bio - 500g","p":2.7,"u":"5,40 €/KG","img":"https://fd15-photos.leclercdrive.fr/image.ashx?id=2844554&use=l&cat=p&typeid=i","cat":309512},{"id":60774,"n":"Bière blonde Leffe 6,6% - 6x25cl","p":11.4,"u":"7,60 €/L","img":"https://fd15-photos.leclercdrive.fr/image.ashx?id=2995421&use=l&cat=p&typeid=i","cat":334852},{"id":60778,"n":"Tranche Salakis Fromage de brebis - 200g","p":3.75,"u":"18,75 €/KG","img":"https://fd15-photos.leclercdrive.fr/image.ashx?id=2729710&use=l&cat=p&typeid=i","cat":314026},{"id":60892,"n":"Emmental râpé fondant Président 200g","p":2.98,"u":"14,90 €/KG","img":"https://fd15-photos.leclercdrive.fr/image.ashx?id=2488455&use=l&cat=p&typeid=i","cat":314035},{"id":60893,"n":"Brique fondante Président Fondante - 200g","p":3.49,"u":"17,45 €/KG","img":"https://fd15-photos.leclercdrive.fr/image.ashx?id=2652840&use=l&cat=p&typeid=i","cat":314033},{"id":60930,"n":"Thé Earl Grey Twinings x25 sachets - 50g","p":4.35,"u":"87,00 €/KG","img":"https://fd15-photos.leclercdrive.fr/image.ashx?id=2889817&use=l&cat=p&typeid=i","cat":293233},{"id":60957,"n":"Boisson énergisante Red Bull Goût Myrtille, 250ml","p":2.1,"u":"8,40 €/L","img":"https://fd15-photos.leclercdrive.fr/image.ashx?id=2174528&use=l&cat=p&typeid=i","cat":284533},{"id":60974,"n":"Pur jus Tropicana Orange Pure Premium Sans pulpe - 1L","p":5.99,"u":"5,99 €/L","img":"https://fd15-photos.leclercdrive.fr/image.ashx?id=2586186&use=l&cat=p&typeid=i","cat":284521},{"id":60983,"n":"Bonbons Anneaux de pêche Halal - Sans gluten - 80g","p":1.39,"u":"17,38 €/KG","img":"https://fd15-photos.leclercdrive.fr/image.ashx?id=1101299&use=l&cat=p&typeid=i","cat":304250},{"id":60986,"n":"Bonbons Fini Bananes Halal - Sans gluten - 80g","p":1.39,"u":"17,38 €/KG","img":"https://fd15-photos.leclercdrive.fr/image.ashx?id=1101293&use=l&cat=p&typeid=i","cat":304250},{"id":60992,"n":"Chewing Gum Halal Macédoine - sans gluten - 984g","p":1.39,"u":"1,41 €/KG","img":"https://fd15-photos.leclercdrive.fr/image.ashx?id=1101302&use=l&cat=p&typeid=i","cat":304250},{"id":60993,"n":"Chewing Gum Halal Melon - sans gluten - 984g","p":1.39,"u":"1,41 €/KG","img":"https://fd15-photos.leclercdrive.fr/image.ashx?id=1101305&use=l&cat=p&typeid=i","cat":304250},{"id":60996,"n":"Bonbons Cola acide Halal - 80g","p":1.39,"u":"17,38 €/KG","img":"https://fd15-photos.leclercdrive.fr/image.ashx?id=1101296&use=l&cat=p&typeid=i","cat":304250},{"id":60998,"n":"Bonbons Lucioles acides Halal - 80g","p":1.39,"u":"17,38 €/KG","img":"https://fd15-photos.leclercdrive.fr/image.ashx?id=1101290&use=l&cat=p&typeid=i","cat":304250},{"id":61010,"n":"Bonbons Tapis magiques Halal - 80g","p":1.39,"u":"17,38 €/KG","img":"https://fd15-photos.leclercdrive.fr/image.ashx?id=1100838&use=l&cat=p&typeid=i","cat":304250},{"id":61021,"n":"Risotto champignon poulet Marie 900g","p":8.99,"u":"9,99 €/KG","img":"https://fd15-photos.leclercdrive.fr/image.ashx?id=2996755&use=l&cat=p&typeid=i","cat":284254},{"id":61022,"n":"Tranches panés Findus Cabillaud MSC - x20 - 1.020kg","p":19.0,"u":"18,63 €/KG","img":"https://fd15-photos.leclercdrive.fr/image.ashx?id=2865860&use=l&cat=p&typeid=i","cat":319788},{"id":61167,"n":"Crème légère épaisse Bridélice 15%mg - 497g","p":2.97,"u":"5,98 €/KG","img":"https://fd15-photos.leclercdrive.fr/image.ashx?id=2996578&use=l&cat=p&typeid=i","cat":284381},{"id":61169,"n":"Petit suisse NESQUIK Chocolat 6x60g","p":2.84,"u":"7,89 €/KG","img":"https://fd15-photos.leclercdrive.fr/image.ashx?id=3007933&use=l&cat=p&typeid=i","cat":284414},{"id":61172,"n":"Yaourts à la Grecque Délisse Citron - 4x150g","p":4.15,"u":"6,92 €/KG","img":"https://fd15-photos.leclercdrive.fr/image.ashx?id=2699714&use=l&cat=p&typeid=i","cat":314999},{"id":61174,"n":"Œuf Coque Tout Frais Tout Français - x6","p":2.75,"u":"0,46 €/P","img":"https://fd15-photos.leclercdrive.fr/image.ashx?id=2988638&use=l&cat=p&typeid=i","cat":284378},{"id":61215,"n":"Chips Tuiles Pringles Emmental - 175g","p":3.87,"u":"22,11 €/KG","img":"https://fd15-photos.leclercdrive.fr/image.ashx?id=2830885&use=l&cat=p&typeid=i","cat":287899},{"id":61293,"n":"Boisson Jafaden Orange carotte citron - 1L","p":2.35,"u":"2,35 €/L","img":"https://fd15-photos.leclercdrive.fr/image.ashx?id=2956753&use=l&cat=p&typeid=i","cat":284917},{"id":61378,"n":"Salade pâtes Poulet Caesar  250g - Côté Snack","p":6.09,"u":"24,36 €/KG","img":"https://fd15-photos.leclercdrive.fr/image.ashx?id=2607939&use=l&cat=p&typeid=i","cat":333657},{"id":61594,"n":"Tomato Ketchup Heinz - 910g","p":4.2,"u":"4,62 €/KG","img":"https://fd15-photos.leclercdrive.fr/image.ashx?id=2923420&use=l&cat=p&typeid=i","cat":284455},{"id":61596,"n":"Sauce au poivre Rustica Pot - 245g","p":1.49,"u":"6,08 €/KG","img":"https://fd15-photos.leclercdrive.fr/image.ashx?id=2954373&use=l&cat=p&typeid=i","cat":318430},{"id":61597,"n":"Sauce bourguignonne Rustica Pot - 250g","p":1.4,"u":"5,60 €/KG","img":"https://fd15-photos.leclercdrive.fr/image.ashx?id=2954376&use=l&cat=p&typeid=i","cat":318430},{"id":61605,"n":"Sauce barbecue Rustica Flacon souple - 280g","p":1.75,"u":"6,25 €/KG","img":"https://fd15-photos.leclercdrive.fr/image.ashx?id=2559704&use=l&cat=p&typeid=i","cat":318431},{"id":61607,"n":"Sauce andalousie Rustica Flacon souple - 249g","p":1.7,"u":"6,83 €/KG","img":"https://fd15-photos.leclercdrive.fr/image.ashx?id=2459153&use=l&cat=p&typeid=i","cat":318431},{"id":61609,"n":"Sauce Aïoli Bénédicta - 260g","p":2.55,"u":"9,81 €/KG","img":"https://fd15-photos.leclercdrive.fr/image.ashx?id=2689934&use=l&cat=p&typeid=i","cat":318430},{"id":61613,"n":"Sauce Pommes frites  Amora 448g","p":3.35,"u":"7,48 €/KG","img":"https://fd15-photos.leclercdrive.fr/image.ashx?id=2738227&use=l&cat=p&typeid=i","cat":318431},{"id":61626,"n":"Cocktail Douceur du Verger 4 fruits - Sirop léger - 250 g","p":2.24,"u":"8,96 €/KG","img":"https://fd15-photos.leclercdrive.fr/image.ashx?id=2531301&use=l&cat=p&typeid=i","cat":284507},{"id":61628,"n":"Fruits au sirop St Mamet Pêches - 245g","p":3.99,"u":"16,29 €/KG","img":"https://fd15-photos.leclercdrive.fr/image.ashx?id=2628428&use=l&cat=p&typeid=i","cat":284507},{"id":61634,"n":"Poires Douceur du Verger Sirop léger - 455 g","p":2.98,"u":"6,55 €/KG","img":"https://fd15-photos.leclercdrive.fr/image.ashx?id=2531295&use=l&cat=p&typeid=i","cat":284507},{"id":61638,"n":"Lentilles Préparées Cassegrain Tendres et Fondantes 460g","p":4.25,"u":"9,24 €/KG","img":"https://fd15-photos.leclercdrive.fr/image.ashx?id=3011047&use=l&cat=p&typeid=i","cat":312609},{"id":61706,"n":"Beurre Grand Fermage Demi-sel - 80% MG - 500g","p":6.9,"u":"13,80 €/KG","img":"https://fd15-photos.leclercdrive.fr/image.ashx?id=2916171&use=l&cat=p&typeid=i","cat":284379},{"id":61801,"n":"Sac tri selectif 50L Poubel'sak x10","p":5.59,"img":"https://fd15-photos.leclercdrive.fr/image.ashx?id=1893433&use=l&cat=p&typeid=i","cat":285168},{"id":61802,"n":"Sac tri selectif 50L Poubel'sak Ttransparent - x10","p":5.67,"img":"https://fd15-photos.leclercdrive.fr/image.ashx?id=2513790&use=l&cat=p&typeid=i","cat":285168},{"id":61874,"n":"Gel shampooing douche Fa Men Perfect wave flacon - 250ml","p":2.47,"u":"9,88 €/L","img":"https://fd15-photos.leclercdrive.fr/image.ashx?id=2995091&use=l&cat=p&typeid=i","cat":284619},{"id":61935,"n":"IGP Pays d'Oc rosé Cabernet Franc 11.5% vol -75cl","p":5.99,"u":"7,99 €/L","img":"https://fd15-photos.leclercdrive.fr/image.ashx?id=2445133&use=l&cat=p&typeid=i","cat":289558},{"id":61968,"n":"AOP Petit Reblochon Le Pochat 240g","p":4.79,"u":"19,96 €/KG","img":"https://fd15-photos.leclercdrive.fr/image.ashx?id=2102764&use=l&cat=p&typeid=i","cat":314037},{"id":61976,"n":"Coeurs de palmiers Bio Village Bio - 250g","p":5.15,"u":"20,60 €/KG","img":"https://fd15-photos.leclercdrive.fr/image.ashx?id=2077463&use=l&cat=p&typeid=i","cat":312611},{"id":61983,"n":"Sachet repas Gourmet  Terrine coffret - 4x85g","p":3.31,"u":"9,74 €/KG","img":"https://fd15-photos.leclercdrive.fr/image.ashx?id=2901118&use=l&cat=p&typeid=i","cat":285286},{"id":61984,"n":"Sachet repas chat Gourmet  Perle duo de la mer - 4x85g","p":5.02,"u":"14,76 €/KG","img":"https://fd15-photos.leclercdrive.fr/image.ashx?id=2859866&use=l&cat=p&typeid=i","cat":285286},{"id":62004,"n":"Cornichons Maille  Mini classique - 370g","p":5.44,"u":"14,70 €/KG","img":"https://fd15-photos.leclercdrive.fr/image.ashx?id=2916567&use=l&cat=p&typeid=i","cat":284458},{"id":62007,"n":"Sardines Huile Olive PARMENTIER Vierge Extra - 135g","p":2.85,"u":"21,11 €/KG","img":"https://fd15-photos.leclercdrive.fr/image.ashx?id=3014410&use=l&cat=p&typeid=i","cat":305146},{"id":62043,"n":"Lentilles préparées D'aucy  265g","p":1.15,"u":"4,34 €/KG","img":"https://fd15-photos.leclercdrive.fr/image.ashx?id=2560600&use=l&cat=p&typeid=i","cat":312609},{"id":62050,"n":"Macédoine déjà égouttée D'aucy 265g","p":1.79,"u":"6,75 €/KG","img":"https://fd15-photos.leclercdrive.fr/image.ashx?id=2511601&use=l&cat=p&typeid=i","cat":312612},{"id":62053,"n":"Haricots Coco Cuisinés Cassegrain Tomate, Laurier 435g","p":2.94,"u":"11,76 €/KG","img":"https://fd15-photos.leclercdrive.fr/image.ashx?id=2952466&use=l&cat=p&typeid=i","cat":312606},{"id":62054,"n":"Courgettes Cuisinées Cassegrain à la Provençale 185g","p":3.99,"u":"21,57 €/KG","img":"https://fd15-photos.leclercdrive.fr/image.ashx?id=2913022&use=l&cat=p&typeid=i","cat":312612},{"id":62055,"n":"Aubergines Cuisinées Cassegrain à la Provençale 185g","p":3.99,"u":"21,57 €/KG","img":"https://fd15-photos.leclercdrive.fr/image.ashx?id=2913019&use=l&cat=p&typeid=i","cat":312612},{"id":62057,"n":"Champignons Eco+ Entiers - 230g","p":1.69,"u":"7,35 €/KG","img":"https://fd15-photos.leclercdrive.fr/image.ashx?id=2782999&use=l&cat=p&typeid=i","cat":312610},{"id":62067,"n":"Flageolets Préparés Cassegrain Extra Fins 130g","p":2.07,"u":"15,92 €/KG","img":"https://fd15-photos.leclercdrive.fr/image.ashx?id=2912980&use=l&cat=p&typeid=i","cat":312606},{"id":62083,"n":"Soda Schweppes Saveur Agrumes - 1L","p":2.55,"u":"2,55 €/L","img":"https://fd15-photos.leclercdrive.fr/image.ashx?id=2852414&use=l&cat=p&typeid=i","cat":284532},{"id":62095,"n":"Chips Tortilla Old El Paso Fajita - 185g","p":3.99,"u":"21,57 €/KG","img":"https://fd15-photos.leclercdrive.fr/image.ashx?id=2444522&use=l&cat=p&typeid=i","cat":288993},{"id":62101,"n":"Miel l'Apiculteur liquide   et savoureux - 500g","p":14.11,"u":"28,22 €/KG","img":"https://fd15-photos.leclercdrive.fr/image.ashx?id=3008077&use=l&cat=p&typeid=i","cat":287643},{"id":62112,"n":"Compotes Pom'Potes Gourdes  Pomme Nature - 12x90g","p":7.09,"u":"6,56 €/KG","img":"https://fd15-photos.leclercdrive.fr/image.ashx?id=3010927&use=l&cat=p&typeid=i","cat":284508},{"id":62120,"n":"Cookies Choco Sensation Milka Chocolat au lait - 312g","p":6.66,"u":"21,35 €/KG","img":"https://fd15-photos.leclercdrive.fr/image.ashx?id=3002279&use=l&cat=p&typeid=i","cat":325066},{"id":62128,"n":"Biscuits fourrés Prince Tout chocolat - 300g","p":3.6,"u":"12,00 €/KG","img":"https://fd15-photos.leclercdrive.fr/image.ashx?id=2528801&use=l&cat=p&typeid=i","cat":284488},{"id":62130,"n":"Cookies extra moelleux Granola Pépites de chocolat - 312g","p":6.07,"u":"19,46 €/KG","img":"https://fd15-photos.leclercdrive.fr/image.ashx?id=2306723&use=l&cat=p&typeid=i","cat":325066},{"id":62142,"n":"Biscottes Braisor Heudebert  Nature - 500g","p":5.99,"u":"11,98 €/KG","img":"https://fd15-photos.leclercdrive.fr/image.ashx?id=2680176&use=l&cat=p&typeid=i","cat":284479},{"id":62160,"n":"Crêpe fourrée Cracky Whaou Noisette/Céréales x8 - 256g","p":4.95,"u":"19,34 €/KG","img":"https://fd15-photos.leclercdrive.fr/image.ashx?id=2996905&use=l&cat=p&typeid=i","cat":284494},{"id":62161,"n":"Cake aux fruits Brossard 300g","p":3.7,"u":"12,33 €/KG","img":"https://fd15-photos.leclercdrive.fr/image.ashx?id=2964998&use=l&cat=p&typeid=i","cat":284493},{"id":62162,"n":"Donuts Curly 100g","p":2.28,"u":"22,80 €/KG","img":"https://fd15-photos.leclercdrive.fr/image.ashx?id=2446836&use=l&cat=p&typeid=i","cat":284449},{"id":62164,"n":"Madeleines Ker Cadélac Pépites sucre extra - 600g","p":7.79,"u":"12,98 €/KG","img":"https://fd15-photos.leclercdrive.fr/image.ashx?id=3008269&use=l&cat=p&typeid=i","cat":284492},{"id":62167,"n":"Flageolets verts Gillet Extra-fins - 420g","p":3.77,"u":"8,98 €/KG","img":"https://fd15-photos.leclercdrive.fr/image.ashx?id=1867189&use=l&cat=p&typeid=i","cat":312606},{"id":62169,"n":"Croquettes chiens Purina One Minis chiens - 1.5kg","p":9.55,"u":"6,37 €/KG","img":"https://fd15-photos.leclercdrive.fr/image.ashx?id=2899677&use=l&cat=p&typeid=i","cat":294526},{"id":62179,"n":"Betteraves D'Aucy 265g","p":1.99,"u":"7,51 €/KG","img":"https://fd15-photos.leclercdrive.fr/image.ashx?id=1971074&use=l&cat=p&typeid=i","cat":312606},{"id":62186,"n":"Flocon d'avoine Happy Bio 500g","p":2.74,"u":"5,48 €/KG","img":"https://fd15-photos.leclercdrive.fr/image.ashx?id=2224790&use=l&cat=p&typeid=i","cat":309512},{"id":62251,"n":"Soda au cola Pepsi Zéro sucres La bouteille de 1.5L","p":1.83,"u":"1,22 €/L","img":"https://fd15-photos.leclercdrive.fr/image.ashx?id=2683130&use=l&cat=p&typeid=i","cat":284530},{"id":62252,"n":"Soda 7UP Citron et citron vert - 1.5L","p":2.7,"u":"1,80 €/L","img":"https://fd15-photos.leclercdrive.fr/image.ashx?id=2748545&use=l&cat=p&typeid=i","cat":284531},{"id":62416,"n":"Citrons pressés Andros 1L","p":3.65,"u":"3,65 €/L","img":"https://fd15-photos.leclercdrive.fr/image.ashx?id=2882650&use=l&cat=p&typeid=i","cat":285435},{"id":62454,"n":"Boisson aux fruits Fruit shoot Multivitamine - 12x20cl","p":11.95,"u":"4,98 €/L","img":"https://fd15-photos.leclercdrive.fr/image.ashx?id=2915733&use=l&cat=p&typeid=i","cat":295018},{"id":62481,"n":"Coton disque Bio Bionaïa x70","p":1.5,"u":"0,02 €/P","img":"https://fd15-photos.leclercdrive.fr/image.ashx?id=2434942&use=l&cat=p&typeid=i","cat":285593},{"id":62482,"n":"Coton-tige Bio Bionaïa x200 bâtonnets ouatés","p":1.24,"u":"0,01 €/P","img":"https://fd15-photos.leclercdrive.fr/image.ashx?id=2598704&use=l&cat=p&typeid=i","cat":285593},{"id":62496,"n":"Biscuit bébé Blédina 12 mois Petit beurre - 133g","p":3.35,"u":"25,19 €/KG","img":"https://fd15-photos.leclercdrive.fr/image.ashx?id=2974288&use=l&cat=p&typeid=i","cat":312227},{"id":62497,"n":"Biscuit bébé Blédina 12 mois  Petit beurre pépites choco-133g","p":3.55,"u":"26,69 €/KG","img":"https://fd15-photos.leclercdrive.fr/image.ashx?id=2639344&use=l&cat=p&typeid=i","cat":312227},{"id":62509,"n":"Halal Pocket Oriental Viandes Dinde et Fromage - 2x130g","p":4.69,"u":"18,04 €/KG","img":"https://fd15-photos.leclercdrive.fr/image.ashx?id=2825808&use=l&cat=p&typeid=i","cat":284254},{"id":62555,"n":"Boissons aux fruits Fruit Shoot Tropical - 12x20cl","p":8.51,"u":"3,55 €/L","img":"https://fd15-photos.leclercdrive.fr/image.ashx?id=2915736&use=l&cat=p&typeid=i","cat":295018},{"id":62572,"n":"Lime soda Sprink's Citron zero - 1.5L","p":1.7,"u":"1,13 €/L","img":"https://fd15-photos.leclercdrive.fr/image.ashx?id=2913742&use=l&cat=p&typeid=i","cat":284531},{"id":62573,"n":"Tonic soda Sprink's Zero - 1.5L","p":1.2,"u":"0,80 €/L","img":"https://fd15-photos.leclercdrive.fr/image.ashx?id=2913745&use=l&cat=p&typeid=i","cat":284531},{"id":62574,"n":"Bière ambrée Grimbergen 6,5° - 6x25cl","p":10.55,"u":"7,03 €/L","img":"https://fd15-photos.leclercdrive.fr/image.ashx?id=2293483&use=l&cat=p&typeid=i","cat":334852},{"id":62575,"n":"Coton disque Inell Rond confort x70","p":0.88,"u":"0,01 €/P","img":"https://fd15-photos.leclercdrive.fr/image.ashx?id=2169171&use=l&cat=p&typeid=i","cat":285593},{"id":62576,"n":"Bière blanche Grimbergen 6° - 6x25cl","p":9.29,"u":"6,19 €/L","img":"https://fd15-photos.leclercdrive.fr/image.ashx?id=2294375&use=l&cat=p&typeid=i","cat":334878},{"id":62578,"n":"Bière brune Leffe 6,5% - 6x25cl","p":11.29,"u":"7,53 €/L","img":"https://fd15-photos.leclercdrive.fr/image.ashx?id=2548279&use=l&cat=p&typeid=i","cat":334852},{"id":62579,"n":"Bière blonde Leffe Triple 8,5% - 6x25cl","p":12.37,"u":"49,48 €/L","img":"https://fd15-photos.leclercdrive.fr/image.ashx?id=2548282&use=l&cat=p&typeid=i","cat":334852},{"id":62619,"n":"Biscuits nappés Pépito Chocolat au lait - 2x192g","p":4.35,"u":"11,33 €/KG","img":"https://fd15-photos.leclercdrive.fr/image.ashx?id=2989444&use=l&cat=p&typeid=i","cat":284488},{"id":62641,"n":"Délice de dinde Isla Délice  Halal 8 tranches - 240g","p":5.19,"u":"21,63 €/KG","img":"https://fd15-photos.leclercdrive.fr/image.ashx?id=2457134&use=l&cat=p&typeid=i","cat":316013},{"id":62677,"n":"Gel douche bio So Bio Etic Aloe vera sans sulfate 650ml","p":9.62,"u":"14,80 €/L","img":"https://fd15-photos.leclercdrive.fr/image.ashx?id=2850596&use=l&cat=p&typeid=i","cat":284594},{"id":62678,"n":"Crème douche bio So Bio Etic Lait d'anesse - 650ml","p":7.59,"u":"11,68 €/L","img":"https://fd15-photos.leclercdrive.fr/image.ashx?id=2862515&use=l&cat=p&typeid=i","cat":284594},{"id":62681,"n":"Eau de javel Clair Parfum citron - 2L","p":1.61,"u":"0,81 €/L","img":"https://fd15-photos.leclercdrive.fr/image.ashx?id=1654967&use=l&cat=p&typeid=i","cat":284661},{"id":62682,"n":"Javel en gel Clair  Citron vert - 750ml","p":1.48,"u":"1,97 €/L","img":"https://fd15-photos.leclercdrive.fr/image.ashx?id=2843881&use=l&cat=p&typeid=i","cat":284661},{"id":62687,"n":"Spray nasal Primoplast 100% eau de mer - 150ml","p":4.9,"u":"32,67 €/L","img":"https://fd15-photos.leclercdrive.fr/image.ashx?id=2856552&use=l&cat=p&typeid=i","cat":284630},{"id":62697,"n":"Nappe damassée Homeside Blanche - 8m","p":3.9,"img":"https://fd15-photos.leclercdrive.fr/image.ashx?id=1659708&use=l&cat=p&typeid=i","cat":334134},{"id":62722,"n":"Biscuits fourrés Prince Chocolat lait - 300g","p":3.5,"u":"11,67 €/KG","img":"https://fd15-photos.leclercdrive.fr/image.ashx?id=2349070&use=l&cat=p&typeid=i","cat":284488},{"id":62723,"n":"Biscuits fourrés Prince Multi céréales - 293g","p":2.59,"u":"8,84 €/KG","img":"https://fd15-photos.leclercdrive.fr/image.ashx?id=2350993&use=l&cat=p&typeid=i","cat":284488},{"id":62724,"n":"Biscuits Double Crème Oreo Vanille - 157g","p":2.29,"u":"14,59 €/KG","img":"https://fd15-photos.leclercdrive.fr/image.ashx?id=2160198&use=l&cat=p&typeid=i","cat":284488},{"id":62725,"n":"Saucisson sec Saint-Azay  Maxi format - 600g","p":9.99,"u":"16,65 €/KG","img":"https://fd15-photos.leclercdrive.fr/image.ashx?id=2943686&use=l&cat=p&typeid=i","cat":316006},{"id":62726,"n":"Compote bio Bio Village Bocal pomme - 625g","p":3.09,"u":"4,94 €/KG","img":"https://fd15-photos.leclercdrive.fr/image.ashx?id=1948042&use=l&cat=p&typeid=i","cat":284508},{"id":62731,"n":"Abricots Douceur du Verger Sirop léger - 475 g","p":3.25,"u":"6,84 €/KG","img":"https://fd15-photos.leclercdrive.fr/image.ashx?id=2618235&use=l&cat=p&typeid=i","cat":284507},{"id":62733,"n":"Biscuits Choco Moo Milka Chocolat - 200g","p":3.45,"u":"17,25 €/KG","img":"https://fd15-photos.leclercdrive.fr/image.ashx?id=2990994&use=l&cat=p&typeid=i","cat":284488},{"id":62740,"n":"Lait de coco Suzi Wan  Allégé - 200ml","p":2.3,"u":"11,50 €/L","img":"https://fd15-photos.leclercdrive.fr/image.ashx?id=2892922&use=l&cat=p&typeid=i","cat":288992},{"id":62741,"n":"Quinoa/boulgour Bio Village  Bio - 400g","p":4.05,"u":"10,13 €/KG","img":"https://fd15-photos.leclercdrive.fr/image.ashx?id=2518556&use=l&cat=p&typeid=i","cat":284429},{"id":62742,"n":"Gressins sésames bio Bio Village - 125g","p":2.25,"u":"18,00 €/KG","img":"https://fd15-photos.leclercdrive.fr/image.ashx?id=1944640&use=l&cat=p&typeid=i","cat":297000},{"id":62745,"n":"Palmiers bio Bio Village  Fromage - 100g","p":2.65,"u":"26,50 €/KG","img":"https://fd15-photos.leclercdrive.fr/image.ashx?id=2301574&use=l&cat=p&typeid=i","cat":297000},{"id":62749,"n":"Crackers Heudebert  Nature - 250g","p":3.69,"u":"14,76 €/KG","img":"https://fd15-photos.leclercdrive.fr/image.ashx?id=2670785&use=l&cat=p&typeid=i","cat":284479},{"id":62753,"n":"Noix de cajou Bio Village  Bio Grillées - 100g","p":4.49,"u":"44,90 €/KG","img":"https://fd15-photos.leclercdrive.fr/image.ashx?id=2664590&use=l&cat=p&typeid=i","cat":284448},{"id":62860,"n":"Moelleux Gerblé sans sucres Chocolat - 196g","p":4.99,"u":"25,46 €/KG","img":"https://fd15-photos.leclercdrive.fr/image.ashx?id=2812702&use=l&cat=p&typeid=i","cat":318653},{"id":62875,"n":"Confiture fraise Gerblé Sans sucres ajoutés - 320g","p":4.09,"u":"12,78 €/KG","img":"https://fd15-photos.leclercdrive.fr/image.ashx?id=2676678&use=l&cat=p&typeid=i","cat":318653},{"id":62937,"n":"Thon mariné Petit Navire Tomate séchée - 2x110g","p":6.16,"u":"28,00 €/KG","img":"https://fd15-photos.leclercdrive.fr/image.ashx?id=2522560&use=l&cat=p&typeid=i","cat":303867},{"id":63187,"n":"Préparation pour panna cotta  Bridélice UHT - 50cl","p":3.91,"u":"7,82 €/L","img":"https://fd15-photos.leclercdrive.fr/image.ashx?id=2639477&use=l&cat=p&typeid=i","cat":284382},{"id":63248,"n":"Biscuits fourrés Prince Maxi Chocolat - 2X250g","p":6.2,"u":"12,40 €/KG","img":"https://fd15-photos.leclercdrive.fr/image.ashx?id=2347308&use=l&cat=p&typeid=i","cat":284488},{"id":63284,"n":"AOP Champagne Canard Duchêne Charles VII Brut - 75cl","p":44.95,"u":"59,93 €/L","img":"https://fd15-photos.leclercdrive.fr/image.ashx?id=2174390&use=l&cat=p&typeid=i","cat":284542},{"id":63287,"n":"AOP Crémant de Bordeaux Malesan brut - 75cl","p":13.05,"u":"17,40 €/L","img":"https://fd15-photos.leclercdrive.fr/image.ashx?id=2497193&use=l&cat=p&typeid=i","cat":284545},{"id":63308,"n":"Flammekueche Kauffer's Au saumon - 2x270g","p":13.69,"u":"25,35 €/KG","img":"https://fd15-photos.leclercdrive.fr/image.ashx?id=2504686&use=l&cat=p&typeid=i","cat":284257},{"id":63320,"n":"Rhum Vieux Agricole AOC  Martinique 40%vol - 70cl","p":17.35,"u":"24,79 €/L","img":"https://fd15-photos.leclercdrive.fr/image.ashx?id=2731075&use=l&cat=p&typeid=i","cat":284550},{"id":63426,"n":"Rivesaltes Dauré 16%vol  75cl","p":13.69,"u":"18,25 €/L","img":"https://fd15-photos.leclercdrive.fr/image.ashx?id=1740239&use=l&cat=p&typeid=i","cat":284913},{"id":63427,"n":"Diffuseur voiture Aura Linge frais - 6ml","p":6.08,"img":"https://fd15-photos.leclercdrive.fr/image.ashx?id=2088579&use=l&cat=p&typeid=i","cat":298252},{"id":63428,"n":"Diffuseur voiture Aura Fruits des bois - 6ml","p":6.08,"img":"https://fd15-photos.leclercdrive.fr/image.ashx?id=2089616&use=l&cat=p&typeid=i","cat":298252},{"id":63431,"n":"Diffuseur voiture Aura Coco - 6ml","p":6.08,"img":"https://fd15-photos.leclercdrive.fr/image.ashx?id=2416480&use=l&cat=p&typeid=i","cat":298252},{"id":63435,"n":"Yaourt brassé lait de chèvre Soignon Citron - 4x125g","p":4.29,"u":"8,58 €/KG","img":"https://fd15-photos.leclercdrive.fr/image.ashx?id=2518274&use=l&cat=p&typeid=i","cat":314998},{"id":63496,"n":"Fromage crottin Rians Cendré - 2x60g","p":4.55,"u":"37,92 €/KG","img":"https://fd15-photos.leclercdrive.fr/image.ashx?id=2578103&use=l&cat=p&typeid=i","cat":314031},{"id":63500,"n":"Mimolette Bio Isigny Ste Mère Demi Vieille - 200g","p":4.49,"u":"22,45 €/KG","img":"https://fd15-photos.leclercdrive.fr/image.ashx?id=2680083&use=l&cat=p&typeid=i","cat":314034},{"id":63501,"n":"Fromage de brebis Bio Vrai Lait brebis 50%mg - 100g","p":2.79,"img":"https://fd15-photos.leclercdrive.fr/image.ashx?id=2438699&use=l&cat=p&typeid=i","cat":314031},{"id":63512,"n":"Yaourt brebis Bio Bio Village Lit myrtille - 2x125g","p":2.34,"u":"9,36 €/KG","img":"https://fd15-photos.leclercdrive.fr/image.ashx?id=2841977&use=l&cat=p&typeid=i","cat":284410},{"id":63521,"n":"Penne au saumon Marie Crème d'épinard - 280g","p":4.15,"u":"14,82 €/KG","img":"https://fd15-photos.leclercdrive.fr/image.ashx?id=2317519&use=l&cat=p&typeid=i","cat":333665},{"id":63528,"n":"Boisson énergisante Crazy Tiger Canette - 50cl","p":1.79,"u":"3,58 €/L","img":"https://fd15-photos.leclercdrive.fr/image.ashx?id=2859641&use=l&cat=p&typeid=i","cat":284533},{"id":63540,"n":"Sauce barbecue Rustica 280g","p":1.99,"u":"7,11 €/KG","img":"https://fd15-photos.leclercdrive.fr/image.ashx?id=2954370&use=l&cat=p&typeid=i","cat":318431},{"id":63541,"n":"Sauce barbecue Rustica 560g","p":2.59,"u":"4,63 €/KG","img":"https://fd15-photos.leclercdrive.fr/image.ashx?id=2092948&use=l&cat=p&typeid=i","cat":318431},{"id":63569,"n":"Diffuseur sticks Aura Coco des îles - 30ml","p":6.09,"u":"203,00 €/L","img":"https://fd15-photos.leclercdrive.fr/image.ashx?id=1873327&use=l&cat=p&typeid=i","cat":311627},{"id":63595,"n":"Cheesecake Gü Speculoos - 160g","p":4.35,"u":"27,19 €/KG","img":"https://fd15-photos.leclercdrive.fr/image.ashx?id=2851276&use=l&cat=p&typeid=i","cat":284419},{"id":63608,"n":"Chèvre fouetté Soignon Nature - 140g","p":4.05,"u":"28,93 €/KG","img":"https://fd15-photos.leclercdrive.fr/image.ashx?id=2516602&use=l&cat=p&typeid=i","cat":314029},{"id":63639,"n":"Biscuits Oréo Duo Vanille - 2x220g","p":5.2,"u":"11,82 €/KG","img":"https://fd15-photos.leclercdrive.fr/image.ashx?id=2207475&use=l&cat=p&typeid=i","cat":284488},{"id":63648,"n":"Biscuits cacaotés Oréo Fourrés goût Vanille - 3x154g","p":5.13,"u":"11,10 €/KG","img":"https://fd15-photos.leclercdrive.fr/image.ashx?id=2192949&use=l&cat=p&typeid=i","cat":284488},{"id":63674,"n":"3 poivres Ducros Moulin - 34g","p":4.15,"u":"122,06 €/KG","img":"https://fd15-photos.leclercdrive.fr/image.ashx?id=2559460&use=l&cat=p&typeid=i","cat":284457},{"id":63675,"n":"Multi Déco Vahiné 125g","p":5.1,"u":"40,80 €/KG","img":"https://fd15-photos.leclercdrive.fr/image.ashx?id=2939358&use=l&cat=p&typeid=i","cat":284504},{"id":63676,"n":"Poivre blanc moulu Ducros 36g","p":3.14,"u":"87,22 €/KG","img":"https://fd15-photos.leclercdrive.fr/image.ashx?id=2203745&use=l&cat=p&typeid=i","cat":284457},{"id":63685,"n":"4 épices moulues Ducros 37g","p":2.15,"u":"58,11 €/KG","img":"https://fd15-photos.leclercdrive.fr/image.ashx?id=2983213&use=l&cat=p&typeid=i","cat":298297},{"id":63722,"n":"Liqueur Herbes Jagermeister 35° - 70cl","p":31.67,"u":"45,24 €/L","img":"https://fd15-photos.leclercdrive.fr/image.ashx?id=2474740&use=l&cat=p&typeid=i","cat":286032},{"id":63756,"n":"Pur jus Tropicana Orange Pure Premium Avec pulpe - 1L","p":4.65,"u":"4,65 €/L","img":"https://fd15-photos.leclercdrive.fr/image.ashx?id=2605668&use=l&cat=p&typeid=i","cat":284521},{"id":63759,"n":"Pur Jus Jafaden Mutlifruits - 2L","p":5.59,"u":"2,80 €/L","img":"https://fd15-photos.leclercdrive.fr/image.ashx?id=2762955&use=l&cat=p&typeid=i","cat":284917},{"id":63776,"n":"Sirop Moulin de Valdonne Fraise des bois - 70cl","p":5.99,"u":"8,56 €/L","img":"https://fd15-photos.leclercdrive.fr/image.ashx?id=2170589&use=l&cat=p&typeid=i","cat":295020},{"id":63795,"n":"Soda Schweppes Indian Tonic - 6x33cl","p":6.45,"u":"3,26 €/L","img":"https://fd15-photos.leclercdrive.fr/image.ashx?id=2852423&use=l&cat=p&typeid=i","cat":284531},{"id":63828,"n":"Concentré à diluer Pulco Citron Vert Menthe - 70cl","p":5.09,"u":"7,27 €/L","img":"https://fd15-photos.leclercdrive.fr/image.ashx?id=2687791&use=l&cat=p&typeid=i","cat":295020},{"id":63837,"n":"Champignons Eco+ Pieds et morceaux - 230g","p":1.29,"u":"5,61 €/KG","img":"https://fd15-photos.leclercdrive.fr/image.ashx?id=1720296&use=l&cat=p&typeid=i","cat":312610},{"id":63892,"n":"Capsules café L'Or Espresso Forza N°9 x10","p":5.69,"u":"109,42 €/KG","img":"https://fd15-photos.leclercdrive.fr/image.ashx?id=2393753&use=l&cat=p&typeid=i","cat":284749},{"id":63987,"n":"Mini bâtonnets Trium Vanille fruits x8 - 300g","p":4.25,"u":"14,17 €/KG","img":"https://fd15-photos.leclercdrive.fr/image.ashx?id=2911696&use=l&cat=p&typeid=i","cat":284265},{"id":63989,"n":"Mascarpone Bio Village Bio - 250g","p":4.13,"u":"16,52 €/KG","img":"https://fd15-photos.leclercdrive.fr/image.ashx?id=1947561&use=l&cat=p&typeid=i","cat":314026},{"id":63993,"n":"Crème glacée Eskiss  Douceur de vanille - 500g","p":3.45,"u":"6,90 €/KG","img":"https://fd15-photos.leclercdrive.fr/image.ashx?id=2982634&use=l&cat=p&typeid=i","cat":284263},{"id":63996,"n":"Glace gourmande Eskiss  Coco passion - 488g","p":3.79,"u":"7,77 €/KG","img":"https://fd15-photos.leclercdrive.fr/image.ashx?id=3002623&use=l&cat=p&typeid=i","cat":284263},{"id":63997,"n":"Glace gourmande Eskiss  Citron framboise - 515g","p":3.03,"u":"5,88 €/KG","img":"https://fd15-photos.leclercdrive.fr/image.ashx?id=2982637&use=l&cat=p&typeid=i","cat":284263},{"id":63998,"n":"Nectar d'abricot Pays d'Oc NRT 1L","p":3.43,"u":"3,43 €/L","img":"https://fd15-photos.leclercdrive.fr/image.ashx?id=2590496&use=l&cat=p&typeid=i","cat":284915},{"id":63999,"n":"Nectar de Goyave NRT De Martinique - 1L","p":3.65,"u":"3,65 €/L","img":"https://fd15-photos.leclercdrive.fr/image.ashx?id=2988147&use=l&cat=p&typeid=i","cat":284916},{"id":64000,"n":"Nectar de poire Williams NRT Du Roussillon - 1L","p":3.45,"u":"3,45 €/L","img":"https://fd15-photos.leclercdrive.fr/image.ashx?id=2590502&use=l&cat=p&typeid=i","cat":284915},{"id":64020,"n":"Soda pomme cerise Sprink's 1.5L","p":2.25,"u":"1,50 €/L","img":"https://fd15-photos.leclercdrive.fr/image.ashx?id=2913754&use=l&cat=p&typeid=i","cat":284532},{"id":64023,"n":"Soda cerise Sprink's 1.5L","p":2.09,"u":"1,39 €/L","img":"https://fd15-photos.leclercdrive.fr/image.ashx?id=2913751&use=l&cat=p&typeid=i","cat":284532},{"id":64029,"n":"Boisson au thé vert Fresh Tea Menthe - 1.5L","p":2.39,"u":"1,59 €/L","img":"https://fd15-photos.leclercdrive.fr/image.ashx?id=2622269&use=l&cat=p&typeid=i","cat":295019},{"id":64048,"n":"Bière aromatisée Skoll Vodka et agrumes canette - 50cl","p":2.45,"u":"4,90 €/L","img":"https://fd15-photos.leclercdrive.fr/image.ashx?id=2164195&use=l&cat=p&typeid=i","cat":334853},{"id":64057,"n":"Bière Desperados Red 12x33cl","p":25.2,"u":"6,36 €/L","img":"https://fd15-photos.leclercdrive.fr/image.ashx?id=2651074&use=l&cat=p&typeid=i","cat":334878},{"id":64061,"n":"Petits feuilletés Atelier Blini Coffret de nos régions - 485g","p":8.99,"u":"18,54 €/KG","img":"https://fd15-photos.leclercdrive.fr/image.ashx?id=1596371&use=l&cat=p&typeid=i","cat":319774},{"id":64069,"n":"Petits fours Atelier Blini  Coffret - 415g","p":7.99,"u":"19,25 €/KG","img":"https://fd15-photos.leclercdrive.fr/image.ashx?id=1560322&use=l&cat=p&typeid=i","cat":319774},{"id":64109,"n":"Fromage blanc Délisse 3.2%mg 12x100g","p":4.45,"u":"3,71 €/KG","img":"https://fd15-photos.leclercdrive.fr/image.ashx?id=3012848&use=l&cat=p&typeid=i","cat":284409},{"id":64191,"n":"Tomates cerises allongées Panier du Primeur - 250g","p":2.85,"u":"11,40 €/KG","img":"https://fd15-photos.leclercdrive.fr/image.ashx?id=2988099&use=l&cat=p&typeid=i","cat":284352},{"id":64278,"n":"Matière grasse St Hubert 41 Demi-sel - 38%MG - 500g","p":4.47,"u":"8,94 €/KG","img":"https://fd15-photos.leclercdrive.fr/image.ashx?id=2734150&use=l&cat=p&typeid=i","cat":315229},{"id":64411,"n":"Mayonnaise American Style Heinz  - 215g","p":2.5,"u":"11,63 €/KG","img":"https://fd15-photos.leclercdrive.fr/image.ashx?id=2926185&use=l&cat=p&typeid=i","cat":298295},{"id":64497,"n":"Apéritif à base de vin Martini Bianco 14,4° - 50cl","p":8.3,"u":"16,60 €/L","img":"https://fd15-photos.leclercdrive.fr/image.ashx?id=2736439&use=l&cat=p&typeid=i","cat":284913},{"id":64627,"n":"Coquilles Saint Jacques Tipiak Normandes - x4 - 360g","p":12.55,"u":"8,72 €/KG","img":"https://fd15-photos.leclercdrive.fr/image.ashx?id=2560825&use=l&cat=p&typeid=i","cat":319775},{"id":64630,"n":"Coquilles Saint Jacques Tipiak Fond de poireaux - 4x90g","p":12.25,"u":"34,03 €/KG","img":"https://fd15-photos.leclercdrive.fr/image.ashx?id=2560978&use=l&cat=p&typeid=i","cat":319775},{"id":64680,"n":"Soupe liquide Liebig Potiron Kiri Brique - 2x30cl","p":3.05,"u":"5,08 €/L","img":"https://fd15-photos.leclercdrive.fr/image.ashx?id=2892136&use=l&cat=p&typeid=i","cat":284462},{"id":64685,"n":"Soupe liquide Liebig  Potiron - 2x30cl","p":3.1,"u":"5,17 €/L","img":"https://fd15-photos.leclercdrive.fr/image.ashx?id=2369915&use=l&cat=p&typeid=i","cat":284462},{"id":64686,"n":"Soupe liquide brique Liebig  Velouté légumes soleil - 2x30cl","p":3.32,"u":"5,53 €/L","img":"https://fd15-photos.leclercdrive.fr/image.ashx?id=2203382&use=l&cat=p&typeid=i","cat":284462},{"id":64692,"n":"Chocolat Pâtissier Nestlé Dessert - Noir corsé - 200g","p":3.9,"u":"19,50 €/KG","img":"https://fd15-photos.leclercdrive.fr/image.ashx?id=2889895&use=l&cat=p&typeid=i","cat":285562},{"id":64897,"n":"Tortellini à poêler Lustucru Jambon emmental - 300g","p":3.85,"u":"12,83 €/KG","img":"https://fd15-photos.leclercdrive.fr/image.ashx?id=2792393&use=l&cat=p&typeid=i","cat":333682},{"id":64913,"n":"Yaourt à boire Actimel nature et fraise - 8x100g","p":4.89,"u":"6,11 €/KG","img":"https://fd15-photos.leclercdrive.fr/image.ashx?id=2996467&use=l&cat=p&typeid=i","cat":284415},{"id":65013,"n":"AIRWICK Spray Désodorisant  Pure Rafraichissant - 250ml","p":6.99,"u":"27,96 €/L","img":"https://fd15-photos.leclercdrive.fr/image.ashx?id=2962011&use=l&cat=p&typeid=i","cat":311626},{"id":65033,"n":"Dosettes Café Carte Noire  Arabica Corsé n°7 - x60 - 420g","p":17.24,"u":"41,05 €/KG","img":"https://fd15-photos.leclercdrive.fr/image.ashx?id=2922176&use=l&cat=p&typeid=i","cat":293238},{"id":65044,"n":"Biscuits petit déjeuner Belvita Miel & pépites chocolat - 435g","p":4.68,"u":"10,76 €/KG","img":"https://fd15-photos.leclercdrive.fr/image.ashx?id=2989441&use=l&cat=p&typeid=i","cat":284491},{"id":65048,"n":"Barres céréales Grany Fraises framboises - 108g","p":3.29,"u":"30,46 €/KG","img":"https://fd15-photos.leclercdrive.fr/image.ashx?id=2834350&use=l&cat=p&typeid=i","cat":285869},{"id":65061,"n":"Eau aromatisée Volvic zest  citron vert citron - 1,5L","p":2.16,"u":"1,44 €/L","img":"https://fd15-photos.leclercdrive.fr/image.ashx?id=2730259&use=l&cat=p&typeid=i","cat":284537},{"id":65336,"n":"Café dosettes Tassimo L'Or Espresso Splendente x16","p":7.59,"u":"67,77 €/KG","img":"https://fd15-photos.leclercdrive.fr/image.ashx?id=2853404&use=l&cat=p&typeid=i","cat":293240},{"id":65337,"n":"Epices pour fajitas Old El Paso doux - 30g","p":2.09,"u":"69,67 €/KG","img":"https://fd15-photos.leclercdrive.fr/image.ashx?id=2737702&use=l&cat=p&typeid=i","cat":288993},{"id":65341,"n":"Bonbons LUTTI Koala Guimauve Chocolat - 185g","p":3.08,"u":"16,65 €/KG","img":"https://fd15-photos.leclercdrive.fr/image.ashx?id=2806147&use=l&cat=p&typeid=i","cat":304250},{"id":65342,"n":"Bonbons LUTTI Surffizz Piquants Fruits - 200g","p":2.94,"u":"14,70 €/KG","img":"https://fd15-photos.leclercdrive.fr/image.ashx?id=2806144&use=l&cat=p&typeid=i","cat":304250},{"id":65364,"n":"Champagne Nicolas Feuillatte Brut Grande réserve - 1.5L","p":59.95,"u":"39,97 €/L","img":"https://fd15-photos.leclercdrive.fr/image.ashx?id=2537992&use=l&cat=p&typeid=i","cat":284542},{"id":65904,"n":"Liniment Mots d'Enfants 500ml","p":6.3,"u":"12,60 €/L","img":"https://fd15-photos.leclercdrive.fr/image.ashx?id=2290721&use=l&cat=p&typeid=i","cat":284741},{"id":65926,"n":"Guacamole Extra l'Atelier Blini 175g","p":6.99,"u":"39,94 €/KG","img":"https://fd15-photos.leclercdrive.fr/image.ashx?id=2852504&use=l&cat=p&typeid=i","cat":315999},{"id":65930,"n":"Fromage Ovale Bio Village Bio - 25%mg - 180g","p":2.99,"u":"16,61 €/KG","img":"https://fd15-photos.leclercdrive.fr/image.ashx?id=2660580&use=l&cat=p&typeid=i","cat":314033},{"id":65950,"n":"Gel toilette intime Doulys 200ml","p":1.55,"u":"7,75 €/L","img":"https://fd15-photos.leclercdrive.fr/image.ashx?id=1703245&use=l&cat=p&typeid=i","cat":284627},{"id":65970,"n":"Crème légère fluide Bridélice 12%MG - 3x20cl","p":4.25,"u":"7,08 €/L","img":"https://fd15-photos.leclercdrive.fr/image.ashx?id=2904736&use=l&cat=p&typeid=i","cat":284381},{"id":65972,"n":"Poires Douceur du Verger Sirop léger - 225 g","p":1.79,"u":"7,96 €/KG","img":"https://fd15-photos.leclercdrive.fr/image.ashx?id=2531292&use=l&cat=p&typeid=i","cat":284507},{"id":65973,"n":"Abricots Douceur du Verger Sirop léger - 235 g","p":1.81,"u":"7,70 €/KG","img":"https://fd15-photos.leclercdrive.fr/image.ashx?id=2622891&use=l&cat=p&typeid=i","cat":284507},{"id":65977,"n":"Bière aromatisée Mûre Myrtille  4,5°- 6x25cl","p":8.54,"u":"5,69 €/L","img":"https://fd15-photos.leclercdrive.fr/image.ashx?id=2164213&use=l&cat=p&typeid=i","cat":334878},{"id":66245,"n":"Bougies d'anniversaire Vahiné Roses - blister de 16 bougies","p":2.0,"u":"0,13 €/P","img":"https://fd15-photos.leclercdrive.fr/image.ashx?id=1209488&use=l&cat=p&typeid=i","cat":284504},{"id":66282,"n":"Bresaola Saint-Azay 7 tranches - 70g","p":3.4,"u":"48,57 €/KG","img":"https://fd15-photos.leclercdrive.fr/image.ashx?id=2946460&use=l&cat=p&typeid=i","cat":316007},{"id":66289,"n":"Barre Chocolat Noisettes Nuts x6 barres - 252g","p":3.95,"u":"15,67 €/KG","img":"https://fd15-photos.leclercdrive.fr/image.ashx?id=2991006&use=l&cat=p&typeid=i","cat":284498},{"id":66356,"n":"Café Soluble Nescafé  Cappuccino Classique - 280g","p":7.55,"u":"26,96 €/KG","img":"https://fd15-photos.leclercdrive.fr/image.ashx?id=2918044&use=l&cat=p&typeid=i","cat":284843},{"id":66359,"n":"Café moulu Jacques Vabre Colombie 100% Arabica - 250g","p":6.55,"u":"26,20 €/KG","img":"https://fd15-photos.leclercdrive.fr/image.ashx?id=2570754&use=l&cat=p&typeid=i","cat":284750},{"id":66366,"n":"Déodorant compressé Sanex  Zéro % Extra control - 100ml","p":5.25,"u":"52,50 €/L","img":"https://fd15-photos.leclercdrive.fr/image.ashx?id=2664274&use=l&cat=p&typeid=i","cat":284618},{"id":66379,"n":"Citrons  1kg","p":5.99,"u":"5,99 €/KG","img":"https://fd15-photos.leclercdrive.fr/image.ashx?id=1628650&use=l&cat=p&typeid=i","cat":284356},{"id":66385,"n":"Démaquillant yeux Inell Waterproof bi-phase - 150ml","p":3.55,"u":"23,67 €/L","img":"https://fd15-photos.leclercdrive.fr/image.ashx?id=1962713&use=l&cat=p&typeid=i","cat":284603},{"id":66417,"n":"Biscuits Mikado LU Chocolat au lait - 300g","p":9.45,"u":"31,50 €/KG","img":"https://fd15-photos.leclercdrive.fr/image.ashx?id=2347284&use=l&cat=p&typeid=i","cat":284488},{"id":66418,"n":"Biscuits Oreo Vanille - 220g","p":3.55,"u":"16,14 €/KG","img":"https://fd15-photos.leclercdrive.fr/image.ashx?id=2324285&use=l&cat=p&typeid=i","cat":284488},{"id":66527,"n":"Fromage Le Vieux Pané Finement typé - 200g","p":4.25,"u":"21,25 €/KG","img":"https://fd15-photos.leclercdrive.fr/image.ashx?id=2770380&use=l&cat=p&typeid=i","cat":329558},{"id":66555,"n":"Café moulu Bio Village Bio Ethiopie - 250g","p":6.89,"u":"27,56 €/KG","img":"https://fd15-photos.leclercdrive.fr/image.ashx?id=2468876&use=l&cat=p&typeid=i","cat":284750},{"id":66570,"n":"Glace Extrême Nestle Vanille chocolat - 544g","p":8.25,"u":"825,00 €/L","img":"https://fd15-photos.leclercdrive.fr/image.ashx?id=2375403&use=l&cat=p&typeid=i","cat":284264},{"id":66603,"n":"Nectar Douceur Cidou Multifruits - 1.75L","p":3.85,"u":"2,20 €/L","img":"https://fd15-photos.leclercdrive.fr/image.ashx?id=2342502&use=l&cat=p&typeid=i","cat":284917},{"id":66652,"n":"Doonuts marbrés St Michel 180g","p":3.4,"u":"18,89 €/KG","img":"https://fd15-photos.leclercdrive.fr/image.ashx?id=2962299&use=l&cat=p&typeid=i","cat":284495},{"id":66666,"n":"Cacahuètes Benenuts-Twinuts Bacon format familial - 260g","p":3.52,"u":"13,54 €/KG","img":"https://fd15-photos.leclercdrive.fr/image.ashx?id=2967747&use=l&cat=p&typeid=i","cat":284448},{"id":66746,"n":"Tomme de brebis Lou Pérac Fromage de brebis - 200g","p":5.25,"u":"26,25 €/KG","img":"https://fd15-photos.leclercdrive.fr/image.ashx?id=2758840&use=l&cat=p&typeid=i","cat":329184},{"id":66747,"n":"Ma Crème anglaise Bridélice UHT - 50cl","p":3.53,"u":"7,06 €/L","img":"https://fd15-photos.leclercdrive.fr/image.ashx?id=2643086&use=l&cat=p&typeid=i","cat":284382},{"id":66751,"n":"Boisson à l'amande Végé 1L Végé - 200g","p":2.25,"u":"2,25 €/L","img":"https://fd15-photos.leclercdrive.fr/image.ashx?id=2874699&use=l&cat=p&typeid=i","cat":316067},{"id":66752,"n":"Boisson au riz Végé 1L Végé - 200g","p":2.19,"u":"2,19 €/L","img":"https://fd15-photos.leclercdrive.fr/image.ashx?id=2896030&use=l&cat=p&typeid=i","cat":316067},{"id":66754,"n":"Boisson a l'avoine Végé 1L Végé - 200g","p":2.89,"u":"2,89 €/L","img":"https://fd15-photos.leclercdrive.fr/image.ashx?id=2869501&use=l&cat=p&typeid=i","cat":316067},{"id":66755,"n":"Boisson à la noisette Végé 1L Végé - 200g","p":2.89,"u":"2,89 €/L","img":"https://fd15-photos.leclercdrive.fr/image.ashx?id=2869504&use=l&cat=p&typeid=i","cat":316067},{"id":66757,"n":"Soja cuisine Bio Bio Village Végétal - 25cl","p":1.22,"u":"4,88 €/L","img":"https://fd15-photos.leclercdrive.fr/image.ashx?id=2791060&use=l&cat=p&typeid=i","cat":316069},{"id":66761,"n":"Mini gratins Côté Table Légumes du soleil - 400g","p":4.43,"u":"11,08 €/KG","img":"https://fd15-photos.leclercdrive.fr/image.ashx?id=2059098&use=l&cat=p&typeid=i","cat":319802},{"id":66764,"n":"Olives Couleur Vives A l'oriental - 150g","p":3.39,"u":"22,60 €/KG","img":"https://fd15-photos.leclercdrive.fr/image.ashx?id=2601289&use=l&cat=p&typeid=i","cat":316002},{"id":66767,"n":"Olives Couleurs Vives A la provençal - 150g","p":3.63,"u":"24,20 €/KG","img":"https://fd15-photos.leclercdrive.fr/image.ashx?id=2601292&use=l&cat=p&typeid=i","cat":316002},{"id":66772,"n":"Gésiers de volaille Provençale - 300g","p":3.69,"u":"12,30 €/KG","img":"https://fd15-photos.leclercdrive.fr/image.ashx?id=2814872&use=l&cat=p&typeid=i","cat":284715},{"id":66785,"n":"Biscuits Nat&Vie Soja/figue 200g","p":2.19,"u":"10,95 €/KG","img":"https://fd15-photos.leclercdrive.fr/image.ashx?id=2460619&use=l&cat=p&typeid=i","cat":318651},{"id":66787,"n":"Biscuits Nat&Vie  Chocolat - 200g","p":1.89,"u":"9,45 €/KG","img":"https://fd15-photos.leclercdrive.fr/image.ashx?id=2460616&use=l&cat=p&typeid=i","cat":318651},{"id":66793,"n":"Biscuits Nat&Vie Sésame - 200g","p":2.19,"u":"10,95 €/KG","img":"https://fd15-photos.leclercdrive.fr/image.ashx?id=2390428&use=l&cat=p&typeid=i","cat":318651},{"id":66803,"n":"Biscuits Nutella B-ready Cacao noisettes - 330g","p":7.2,"u":"21,82 €/KG","img":"https://fd15-photos.leclercdrive.fr/image.ashx?id=2770599&use=l&cat=p&typeid=i","cat":284488},{"id":66804,"n":"Biscuits Nutella B-ready Cacao Noisettes - 220g","p":4.45,"u":"20,23 €/KG","img":"https://fd15-photos.leclercdrive.fr/image.ashx?id=2630784&use=l&cat=p&typeid=i","cat":284488},{"id":66808,"n":"Miel de France Côté Miel  Crémeux - 500g","p":6.95,"u":"13,90 €/KG","img":"https://fd15-photos.leclercdrive.fr/image.ashx?id=2314680&use=l&cat=p&typeid=i","cat":287643},{"id":66834,"n":"Gel coiffant Vitanove Fixation extrême - 250ml","p":1.99,"u":"7,96 €/L","img":"https://fd15-photos.leclercdrive.fr/image.ashx?id=2294342&use=l&cat=p&typeid=i","cat":284609},{"id":66837,"n":"Gel coiffant Vitanove  Fixation extra forte - 250ml","p":1.9,"u":"7,60 €/L","img":"https://fd15-photos.leclercdrive.fr/image.ashx?id=2836325&use=l&cat=p&typeid=i","cat":284609},{"id":66841,"n":"Déodorant bille Manava Grenade - 50ml","p":1.3,"u":"26,00 €/L","img":"https://fd15-photos.leclercdrive.fr/image.ashx?id=2481234&use=l&cat=p&typeid=i","cat":284595},{"id":66844,"n":"Bandes de cire froide Siliss Jambes - x20","p":3.89,"u":"0,19 €/P","img":"https://fd15-photos.leclercdrive.fr/image.ashx?id=2699705&use=l&cat=p&typeid=i","cat":325351},{"id":66849,"n":"Dessert bébé lacté Blédina 6m Banane - 6x55g","p":3.6,"u":"10,91 €/KG","img":"https://fd15-photos.leclercdrive.fr/image.ashx?id=2952454&use=l&cat=p&typeid=i","cat":312392},{"id":66965,"n":"Matière grasse Primevere Oméga 3 - 55% - 500g","p":4.01,"u":"8,02 €/KG","img":"https://fd15-photos.leclercdrive.fr/image.ashx?id=2939328&use=l&cat=p&typeid=i","cat":315229},{"id":66967,"n":"Matière grasse Primevere 63%MG - oméga 3 - 500g","p":4.36,"u":"8,72 €/KG","img":"https://fd15-photos.leclercdrive.fr/image.ashx?id=2936044&use=l&cat=p&typeid=i","cat":315229},{"id":66968,"n":"Beurre tendre Président Doux - 82% MG - 250g","p":3.99,"u":"15,96 €/KG","img":"https://fd15-photos.leclercdrive.fr/image.ashx?id=2811944&use=l&cat=p&typeid=i","cat":284379},{"id":66969,"n":"Pommes de terre Notre Jardin En lamelle - 500g","p":1.52,"u":"3,04 €/KG","img":"https://fd15-photos.leclercdrive.fr/image.ashx?id=2670335&use=l&cat=p&typeid=i","cat":284352},{"id":66977,"n":"Quenelles Bio Bio Village 320g","p":2.99,"u":"9,34 €/KG","img":"https://fd15-photos.leclercdrive.fr/image.ashx?id=2867290&use=l&cat=p&typeid=i","cat":333682},{"id":66978,"n":"Poire bio Bio Village Barquette x4","p":8.65,"u":"2,16 €/P","img":"https://fd15-photos.leclercdrive.fr/image.ashx?id=2552002&use=l&cat=p&typeid=i","cat":284356},{"id":66982,"n":"Truite eau douce Ronde des Mers x4 tranches - 100g","p":7.95,"u":"79,50 €/KG","img":"https://fd15-photos.leclercdrive.fr/image.ashx?id=2839924&use=l&cat=p&typeid=i","cat":285188},{"id":66989,"n":"Yaourt bifidus Activia céréales noix - 4x120g","p":3.22,"u":"6,71 €/KG","img":"https://fd15-photos.leclercdrive.fr/image.ashx?id=2901623&use=l&cat=p&typeid=i","cat":315000},{"id":66990,"n":"Yaourt bifidus Activia céréales muesli - 4x120g","p":3.13,"u":"6,52 €/KG","img":"https://fd15-photos.leclercdrive.fr/image.ashx?id=2901620&use=l&cat=p&typeid=i","cat":315000},{"id":67026,"n":"AOP Médoc Vin rouge Allées de Vernous - 75cl","p":11.05,"u":"14,73 €/L","img":"https://fd15-photos.leclercdrive.fr/image.ashx?id=2107597&use=l&cat=p&typeid=i","cat":289556},{"id":67042,"n":"Vin du Chili rouge Cabernet Sauvignon Gato Negro 75cl","p":7.38,"u":"9,84 €/L","img":"https://fd15-photos.leclercdrive.fr/image.ashx?id=2846168&use=l&cat=p&typeid=i","cat":289556},{"id":67071,"n":"Fromage Maroilles Fauquet  Quart AOP - 210g","p":3.95,"u":"18,81 €/KG","img":"https://fd15-photos.leclercdrive.fr/image.ashx?id=2834509&use=l&cat=p&typeid=i","cat":329558},{"id":67140,"n":"Mix cerise Daco Bello 300g","p":7.25,"u":"24,17 €/KG","img":"https://fd15-photos.leclercdrive.fr/image.ashx?id=2307835&use=l&cat=p&typeid=i","cat":284357},{"id":67142,"n":"Duo amandes Daco Bello  Grillées non salées - 175g","p":5.29,"u":"30,23 €/KG","img":"https://fd15-photos.leclercdrive.fr/image.ashx?id=2298538&use=l&cat=p&typeid=i","cat":284357},{"id":67143,"n":"Quatro de graines Daco Bello Grillées - Non salées - 175g","p":6.5,"u":"37,14 €/KG","img":"https://fd15-photos.leclercdrive.fr/image.ashx?id=2298544&use=l&cat=p&typeid=i","cat":284357},{"id":67155,"n":"Tablette de chocolat noir Lindt Orange intense - 2x100g","p":5.59,"u":"27,95 €/KG","img":"https://fd15-photos.leclercdrive.fr/image.ashx?id=2153273&use=l&cat=p&typeid=i","cat":284956},{"id":67300,"n":"Raisin de table rosé  1kg","p":3.19,"u":"3,19 €/KG","img":"https://fd15-photos.leclercdrive.fr/image.ashx?id=1636719&use=l&cat=p&typeid=i","cat":284356},{"id":67378,"n":"Sirop Eco+ Grenadine - 1L","p":3.59,"u":"3,59 €/L","img":"https://fd15-photos.leclercdrive.fr/image.ashx?id=2901419&use=l&cat=p&typeid=i","cat":295020},{"id":67392,"n":"Boisson aux fruits gazeuses Pulpe orange - 1,5L","p":1.95,"u":"1,30 €/L","img":"https://fd15-photos.leclercdrive.fr/image.ashx?id=2754198&use=l&cat=p&typeid=i","cat":284532},{"id":67393,"n":"Beurre gastronomique Président Doux - 82% MG - 250g","p":3.79,"u":"15,16 €/KG","img":"https://fd15-photos.leclercdrive.fr/image.ashx?id=3011104&use=l&cat=p&typeid=i","cat":284379},{"id":67459,"n":"Haricots blancs Eco+ 530g","p":1.26,"u":"2,38 €/KG","img":"https://fd15-photos.leclercdrive.fr/image.ashx?id=2729248&use=l&cat=p&typeid=i","cat":312606},{"id":67460,"n":"Champignons Pieds morceaux - 460g","p":2.45,"u":"5,33 €/KG","img":"https://fd15-photos.leclercdrive.fr/image.ashx?id=2783005&use=l&cat=p&typeid=i","cat":312610},{"id":67522,"n":"Chili con carne Côté Table Au piment de Cayenne - 400g","p":1.95,"u":"4,88 €/KG","img":"https://fd15-photos.leclercdrive.fr/image.ashx?id=2977174&use=l&cat=p&typeid=i","cat":325094},{"id":67568,"n":"Curry moulu Rustica 42g","p":0.95,"u":"22,62 €/KG","img":"https://fd15-photos.leclercdrive.fr/image.ashx?id=2772975&use=l&cat=p&typeid=i","cat":298297},{"id":67569,"n":"Oignon semoule Rustica Déshydraté - 30g","p":1.69,"u":"56,33 €/KG","img":"https://fd15-photos.leclercdrive.fr/image.ashx?id=2772978&use=l&cat=p&typeid=i","cat":298297},{"id":67570,"n":"Poivre noir moulu Rustica Indonésie - 38g","p":1.09,"u":"28,68 €/KG","img":"https://fd15-photos.leclercdrive.fr/image.ashx?id=2797793&use=l&cat=p&typeid=i","cat":284457},{"id":67571,"n":"Poivre noir Rustica Moulin - 28g","p":1.49,"u":"53,21 €/KG","img":"https://fd15-photos.leclercdrive.fr/image.ashx?id=2932674&use=l&cat=p&typeid=i","cat":284457},{"id":67572,"n":"Ciboulette Rustica 4g","p":0.69,"u":"172,50 €/KG","img":"https://fd15-photos.leclercdrive.fr/image.ashx?id=2772990&use=l&cat=p&typeid=i","cat":298297},{"id":67573,"n":"Cumin moulu Rustica 32g","p":1.29,"u":"40,31 €/KG","img":"https://fd15-photos.leclercdrive.fr/image.ashx?id=2772963&use=l&cat=p&typeid=i","cat":298297},{"id":67620,"n":"Persil Rustica 5g","p":0.58,"u":"116,00 €/KG","img":"https://fd15-photos.leclercdrive.fr/image.ashx?id=2772969&use=l&cat=p&typeid=i","cat":298297},{"id":67621,"n":"Paprika doux moulu Rustica  40g","p":0.95,"u":"23,75 €/KG","img":"https://fd15-photos.leclercdrive.fr/image.ashx?id=2772966&use=l&cat=p&typeid=i","cat":298297},{"id":67622,"n":"Thym Rustica 14g","p":0.66,"u":"47,14 €/KG","img":"https://fd15-photos.leclercdrive.fr/image.ashx?id=2797784&use=l&cat=p&typeid=i","cat":298297},{"id":67651,"n":"Poivre Noir moulu Bio Village Bio  - 38g","p":2.25,"u":"59,21 €/KG","img":"https://fd15-photos.leclercdrive.fr/image.ashx?id=2706538&use=l&cat=p&typeid=i","cat":284457},{"id":67652,"n":"Poivre gris moulu Flacon - 36g","p":1.79,"u":"49,72 €/KG","img":"https://fd15-photos.leclercdrive.fr/image.ashx?id=2797778&use=l&cat=p&typeid=i","cat":284457},{"id":67653,"n":"Gingembre moulu Rustica 27g","p":1.89,"u":"70,00 €/KG","img":"https://fd15-photos.leclercdrive.fr/image.ashx?id=2797796&use=l&cat=p&typeid=i","cat":298297},{"id":67654,"n":"Ail semoule Bio Village Bio 56g","p":2.2,"u":"39,29 €/KG","img":"https://fd15-photos.leclercdrive.fr/image.ashx?id=2991461&use=l&cat=p&typeid=i","cat":298297},{"id":67667,"n":"Purée de tomate Panzani Tomacouli nature - 500g","p":1.75,"u":"3,50 €/KG","img":"https://fd15-photos.leclercdrive.fr/image.ashx?id=2979623&use=l&cat=p&typeid=i","cat":288384},{"id":67677,"n":"Clous de girofle Rustica 23g","p":1.65,"u":"71,74 €/KG","img":"https://fd15-photos.leclercdrive.fr/image.ashx?id=2797787&use=l&cat=p&typeid=i","cat":298297},{"id":67678,"n":"Curcuma moulu Rustica 37g","p":1.29,"u":"34,86 €/KG","img":"https://fd15-photos.leclercdrive.fr/image.ashx?id=2772981&use=l&cat=p&typeid=i","cat":298297},{"id":67681,"n":"Herbes de Provence Rustica 18g","p":0.75,"u":"41,67 €/KG","img":"https://fd15-photos.leclercdrive.fr/image.ashx?id=2772972&use=l&cat=p&typeid=i","cat":298297},{"id":67682,"n":"Noix de Muscade Rustica Moulue - 32g","p":2.19,"u":"68,44 €/KG","img":"https://fd15-photos.leclercdrive.fr/image.ashx?id=2772996&use=l&cat=p&typeid=i","cat":298297},{"id":67683,"n":"Persillade Rustica 95g","p":2.99,"u":"31,47 €/KG","img":"https://fd15-photos.leclercdrive.fr/image.ashx?id=2932668&use=l&cat=p&typeid=i","cat":298297},{"id":67693,"n":"Piment de Cayenne Rustica 38g","p":1.59,"u":"41,84 €/KG","img":"https://fd15-photos.leclercdrive.fr/image.ashx?id=2932671&use=l&cat=p&typeid=i","cat":298297},{"id":67712,"n":"Yaourts nature Délisse Au lait chèvre - 4x125g","p":2.62,"u":"5,24 €/KG","img":"https://fd15-photos.leclercdrive.fr/image.ashx?id=1847192&use=l&cat=p&typeid=i","cat":314998},{"id":67713,"n":"Yaourt vanille Délisse Lait chèvre - 4x125g","p":2.75,"u":"5,50 €/P","img":"https://fd15-photos.leclercdrive.fr/image.ashx?id=1847091&use=l&cat=p&typeid=i","cat":314998},{"id":67715,"n":"Liégeois Délisse Pistache - 4x100g","p":1.89,"u":"4,73 €/KG","img":"https://fd15-photos.leclercdrive.fr/image.ashx?id=2652514&use=l&cat=p&typeid=i","cat":285042},{"id":67807,"n":"Nettoyant spray Clair Javel - Cuisine - 750ml","p":1.99,"u":"2,65 €/L","img":"https://fd15-photos.leclercdrive.fr/image.ashx?id=1935847&use=l&cat=p&typeid=i","cat":325357},{"id":67858,"n":"Fromage à tartiner Madame Loïk Fouetté Figue Noix - 150g","p":2.79,"u":"18,60 €/KG","img":"https://fd15-photos.leclercdrive.fr/image.ashx?id=2986512&use=l&cat=p&typeid=i","cat":314029},{"id":67875,"n":"The Pik Box Haribo Boîte bonbons acidulés - 550g","p":8.35,"u":"15,18 €/KG","img":"https://fd15-photos.leclercdrive.fr/image.ashx?id=2805219&use=l&cat=p&typeid=i","cat":304250},{"id":67885,"n":"Crème fraîche épaisse Président Entière 30%mg - 45cl","p":3.45,"u":"7,67 €/L","img":"https://fd15-photos.leclercdrive.fr/image.ashx?id=2971948&use=l&cat=p&typeid=i","cat":284381},{"id":67888,"n":"Vin rouge Argentine Clos de los siete - 75cl","p":22.85,"u":"30,47 €/L","img":"https://fd15-photos.leclercdrive.fr/image.ashx?id=2896804&use=l&cat=p&typeid=i","cat":289556},{"id":67896,"n":"Gel Douche Le Petit Marseillais  Pin et criste marine - 250ml","p":2.75,"u":"11,00 €/L","img":"https://fd15-photos.leclercdrive.fr/image.ashx?id=2676452&use=l&cat=p&typeid=i","cat":284594},{"id":67915,"n":"Baby carottes Florette 250g","p":6.35,"u":"25,40 €/KG","img":"https://fd15-photos.leclercdrive.fr/image.ashx?id=2786492&use=l&cat=p&typeid=i","cat":284352},{"id":67923,"n":"Savon liquide Savon Le Naturel Recharge Universelle - 1l","p":8.27,"u":"8,27 €/L","img":"https://fd15-photos.leclercdrive.fr/image.ashx?id=2474716&use=l&cat=p&typeid=i","cat":284597},{"id":67937,"n":"Whisky William Lawson's Finest Blend 40° - 1.5L","p":36.15,"u":"24,10 €/L","img":"https://fd15-photos.leclercdrive.fr/image.ashx?id=2301034&use=l&cat=p&typeid=i","cat":284547},{"id":67939,"n":"Vodka Smirnoff Ice 4%vol - 6x27,5cl","p":12.6,"u":"7,64 €/L","img":"https://fd15-photos.leclercdrive.fr/image.ashx?id=2094050&use=l&cat=p&typeid=i","cat":284550},{"id":68087,"n":"Ananas Douceur du Verger Tranches brisées -  340g","p":2.45,"u":"7,21 €/KG","img":"https://fd15-photos.leclercdrive.fr/image.ashx?id=2485086&use=l&cat=p&typeid=i","cat":284507},{"id":68088,"n":"Cannelle Rustica 39g","p":1.29,"u":"33,08 €/KG","img":"https://fd15-photos.leclercdrive.fr/image.ashx?id=2772960&use=l&cat=p&typeid=i","cat":298297},{"id":68090,"n":"Champignons Bio Village Bio Emincés - 170g","p":2.25,"u":"13,24 €/KG","img":"https://fd15-photos.leclercdrive.fr/image.ashx?id=2613294&use=l&cat=p&typeid=i","cat":312610},{"id":68093,"n":"Champignons Paris Notre Jardin Entiers - 2x115g","p":2.45,"u":"10,65 €/KG","img":"https://fd15-photos.leclercdrive.fr/image.ashx?id=2623589&use=l&cat=p&typeid=i","cat":312610},{"id":68094,"n":"Poivre blanc Rustica Moulu - 36g","p":1.69,"u":"46,94 €/KG","img":"https://fd15-photos.leclercdrive.fr/image.ashx?id=2772987&use=l&cat=p&typeid=i","cat":284457},{"id":68095,"n":"Yaourt à la grecque YAOS Nature lit de fraises 4x125g","p":4.98,"u":"9,96 €/KG","img":"https://fd15-photos.leclercdrive.fr/image.ashx?id=2729734&use=l&cat=p&typeid=i","cat":314999},{"id":68097,"n":"Yaourt à la grecque YAOS Citron - 4x125g","p":5.05,"u":"10,10 €/KG","img":"https://fd15-photos.leclercdrive.fr/image.ashx?id=2578672&use=l&cat=p&typeid=i","cat":314999},{"id":68158,"n":"Lardons fumés 1kg","p":9.7,"u":"9,70 €/KG","img":"https://fd15-photos.leclercdrive.fr/image.ashx?id=1227792&use=l&cat=p&typeid=i","cat":316011},{"id":68159,"n":"Lardons natures VPF 1kg","p":9.9,"u":"9,90 €/KG","img":"https://fd15-photos.leclercdrive.fr/image.ashx?id=1227789&use=l&cat=p&typeid=i","cat":316011},{"id":68215,"n":"Biscuits Kango LU Chocolat - 225g","p":3.95,"u":"17,56 €/KG","img":"https://fd15-photos.leclercdrive.fr/image.ashx?id=2941508&use=l&cat=p&typeid=i","cat":284488},{"id":68217,"n":"Biscuits Croc Sablé Pépito  Chocolat - 294g","p":1.99,"u":"6,77 €/KG","img":"https://fd15-photos.leclercdrive.fr/image.ashx?id=2347254&use=l&cat=p&typeid=i","cat":284488},{"id":68219,"n":"Biscuit Petit déjeuner Belvita Moelleux Choco Noisettes - 250g","p":4.95,"u":"19,80 €/KG","img":"https://fd15-photos.leclercdrive.fr/image.ashx?id=3005332&use=l&cat=p&typeid=i","cat":284491},{"id":68275,"n":"Déodorant Carré homme Musc séduction - 100ml","p":1.53,"u":"15,30 €/L","img":"https://fd15-photos.leclercdrive.fr/image.ashx?id=2440745&use=l&cat=p&typeid=i","cat":284618},{"id":68276,"n":"Déodorant Carré Homme Marine Ice boost - 100ml","p":1.6,"u":"16,00 €/L","img":"https://fd15-photos.leclercdrive.fr/image.ashx?id=2440748&use=l&cat=p&typeid=i","cat":284618},{"id":68277,"n":"Déodorant Carré Homme Anti-transpirant - 100ml","p":1.63,"u":"16,30 €/L","img":"https://fd15-photos.leclercdrive.fr/image.ashx?id=2618232&use=l&cat=p&typeid=i","cat":284618},{"id":68278,"n":"Recharge gel lavant Manava Hypoallergénique - 250ml","p":0.88,"u":"3,52 €/L","img":"https://fd15-photos.leclercdrive.fr/image.ashx?id=2333802&use=l&cat=p&typeid=i","cat":284597},{"id":68355,"n":"Compote pomme poire Bio Bio Village - 4x100g","p":2.65,"u":"6,63 €/KG","img":"https://fd15-photos.leclercdrive.fr/image.ashx?id=2454638&use=l&cat=p&typeid=i","cat":284416},{"id":68399,"n":"Poisson pané Double délice   Findus x8 - 600g","p":8.85,"u":"14,75 €/KG","img":"https://fd15-photos.leclercdrive.fr/image.ashx?id=2679594&use=l&cat=p&typeid=i","cat":319788},{"id":68432,"n":"Gel WC Syphon Activ'Effect Fraîcheur pin - 750ml","p":1.41,"u":"1,88 €/L","img":"https://fd15-photos.leclercdrive.fr/image.ashx?id=2388382&use=l&cat=p&typeid=i","cat":284662},{"id":68433,"n":"Destructeur d'odeurs Bien air Escapade forêt - 250ml","p":3.85,"u":"15,40 €/L","img":"https://fd15-photos.leclercdrive.fr/image.ashx?id=2593465&use=l&cat=p&typeid=i","cat":311626},{"id":68434,"n":"Destructeur d'odeurs Bien air Printemps Japon - 250ml","p":3.6,"u":"14,40 €/L","img":"https://fd15-photos.leclercdrive.fr/image.ashx?id=2593468&use=l&cat=p&typeid=i","cat":311626},{"id":68445,"n":"Recharge crème lavante Manava Framboise pivoine - 250ml","p":0.77,"u":"3,08 €/L","img":"https://fd15-photos.leclercdrive.fr/image.ashx?id=2935510&use=l&cat=p&typeid=i","cat":284597},{"id":68449,"n":"Perles désodorisantes Bien Air Japon","p":2.4,"img":"https://fd15-photos.leclercdrive.fr/image.ashx?id=2568798&use=l&cat=p&typeid=i","cat":311628},{"id":68450,"n":"Lingettes Clair Dépoussiérantes - x40","p":3.07,"u":"0,08 €/P","img":"https://fd15-photos.leclercdrive.fr/image.ashx?id=2863039&use=l&cat=p&typeid=i","cat":325364},{"id":68451,"n":"Lingettes Inell Rafraichissantes - x10","p":1.69,"u":"0,17 €/P","img":"https://fd15-photos.leclercdrive.fr/image.ashx?id=2658132&use=l&cat=p&typeid=i","cat":284603},{"id":68452,"n":"Lingettes hygiène intime Doulys Individuelles - x16","p":2.1,"u":"0,13 €/P","img":"https://fd15-photos.leclercdrive.fr/image.ashx?id=2671825&use=l&cat=p&typeid=i","cat":284627},{"id":68453,"n":"Gel lavant Manava Hypoallergénique - 300ml","p":1.56,"u":"5,20 €/L","img":"https://fd15-photos.leclercdrive.fr/image.ashx?id=2935528&use=l&cat=p&typeid=i","cat":284597},{"id":68454,"n":"Savon noir Clair Mou - 1kg","p":3.65,"u":"3,65 €/KG","img":"https://fd15-photos.leclercdrive.fr/image.ashx?id=2874383&use=l&cat=p&typeid=i","cat":284907},{"id":68455,"n":"Gel nettoyant Syphon Entretien menthe - 1L","p":4.51,"u":"4,51 €/L","img":"https://fd15-photos.leclercdrive.fr/image.ashx?id=2943659&use=l&cat=p&typeid=i","cat":284908},{"id":68457,"n":"Nettoyant Clair Parquets modernes - 1L","p":3.32,"u":"3,32 €/L","img":"https://fd15-photos.leclercdrive.fr/image.ashx?id=2652909&use=l&cat=p&typeid=i","cat":284907},{"id":68459,"n":"Nettoyant Clair Parquets classiques - 1L","p":3.14,"u":"3,14 €/L","img":"https://fd15-photos.leclercdrive.fr/image.ashx?id=2652912&use=l&cat=p&typeid=i","cat":284907},{"id":68475,"n":"Culotte Chorys Médium nuit - x12","p":9.95,"u":"0,83 €/P","img":"https://fd15-photos.leclercdrive.fr/image.ashx?id=2716009&use=l&cat=p&typeid=i","cat":284628},{"id":68476,"n":"Culotte Chorys Absorption plus large nuit x10","p":9.48,"u":"0,95 €/P","img":"https://fd15-photos.leclercdrive.fr/image.ashx?id=2704490&use=l&cat=p&typeid=i","cat":284628},{"id":68479,"n":"Couches de bain Mots d'Enfants Baby Swim - Taille S - x12","p":6.88,"img":"https://fd15-photos.leclercdrive.fr/image.ashx?id=2907219&use=l&cat=p&typeid=i","cat":290634},{"id":68482,"n":"Couches de bain Mots d'Enfants Baby Swim - Taille M - x11","p":6.28,"u":"0,57 €/P","img":"https://fd15-photos.leclercdrive.fr/image.ashx?id=2907222&use=l&cat=p&typeid=i","cat":290634},{"id":68486,"n":"Tampon Nett  Digital normal boite - x24","p":3.57,"u":"0,15 €/P","img":"https://fd15-photos.leclercdrive.fr/image.ashx?id=2359657&use=l&cat=p&typeid=i","cat":284626},{"id":68487,"n":"Tampons Nett Procomfort Digitaux - Super - x24","p":3.57,"u":"0,15 €/P","img":"https://fd15-photos.leclercdrive.fr/image.ashx?id=2502625&use=l&cat=p&typeid=i","cat":284626},{"id":68504,"n":"AOC Jurançon  Domaine Laguilhon - 75cl","p":15.2,"u":"20,27 €/L","img":"https://fd15-photos.leclercdrive.fr/image.ashx?id=2855223&use=l&cat=p&typeid=i","cat":289557},{"id":68691,"n":"Pommes Red  1kg","p":3.2,"u":"3,20 €/KG","img":"https://fd15-photos.leclercdrive.fr/image.ashx?id=1635207&use=l&cat=p&typeid=i","cat":284356},{"id":68737,"n":"Crème de coco légère Bio Bjorg  20cl","p":3.25,"u":"16,25 €/L","img":"https://fd15-photos.leclercdrive.fr/image.ashx?id=2936386&use=l&cat=p&typeid=i","cat":288992},{"id":68738,"n":"Soja cuisine - semi-épaisse Bio Bjorg - 25cl","p":1.49,"u":"5,96 €/L","img":"https://fd15-photos.leclercdrive.fr/image.ashx?id=2906196&use=l&cat=p&typeid=i","cat":316069},{"id":68824,"n":"Coton maxi carré Inell Aloé Vera - x50","p":1.38,"u":"0,03 €/P","img":"https://fd15-photos.leclercdrive.fr/image.ashx?id=1959190&use=l&cat=p&typeid=i","cat":284636},{"id":68840,"n":"Chocolat noir Bio Village Bio - Noisettes entières - 200g","p":4.73,"u":"23,65 €/KG","img":"https://fd15-photos.leclercdrive.fr/image.ashx?id=2646026&use=l&cat=p&typeid=i","cat":284956},{"id":68862,"n":"Pâte à tartiner Nustikao 600g","p":4.65,"u":"7,75 €/KG","img":"https://fd15-photos.leclercdrive.fr/image.ashx?id=2856555&use=l&cat=p&typeid=i","cat":284481},{"id":68863,"n":"Compote Douceur du Verger Gourdes Pomme - 12x90g","p":5.44,"u":"5,04 €/KG","img":"https://fd15-photos.leclercdrive.fr/image.ashx?id=2843794&use=l&cat=p&typeid=i","cat":284508},{"id":68864,"n":"Compote Douceur du Verger Bocal pomme poire - 710g","p":2.11,"u":"2,97 €/KG","img":"https://fd15-photos.leclercdrive.fr/image.ashx?id=2663539&use=l&cat=p&typeid=i","cat":284508},{"id":68865,"n":"Compote Douceur du Verger Bocal pomme vanille - 710g","p":2.35,"u":"3,31 €/KG","img":"https://fd15-photos.leclercdrive.fr/image.ashx?id=2663542&use=l&cat=p&typeid=i","cat":284508},{"id":68866,"n":"Compote Douceur du Verger Bocal pomme - 710g","p":1.88,"u":"2,65 €/KG","img":"https://fd15-photos.leclercdrive.fr/image.ashx?id=2663536&use=l&cat=p&typeid=i","cat":284508},{"id":68868,"n":"Riz long Bio Village Bio semi complet - 500g","p":2.56,"u":"5,12 €/KG","img":"https://fd15-photos.leclercdrive.fr/image.ashx?id=2441513&use=l&cat=p&typeid=i","cat":284428},{"id":68870,"n":"Pistaches Bio Village Grillées salées bio - 100g","p":3.4,"u":"34,00 €/KG","img":"https://fd15-photos.leclercdrive.fr/image.ashx?id=2615789&use=l&cat=p&typeid=i","cat":284448},{"id":68881,"n":"Litchis Douceur du Verger Sirop léger - 250g","p":3.59,"u":"14,36 €/KG","img":"https://fd15-photos.leclercdrive.fr/image.ashx?id=2485089&use=l&cat=p&typeid=i","cat":284507},{"id":68898,"n":"Mangues Douceur du Verger Sirop - 235g","p":1.59,"u":"6,77 €/KG","img":"https://fd15-photos.leclercdrive.fr/image.ashx?id=2093775&use=l&cat=p&typeid=i","cat":284507},{"id":68902,"n":"Crackers Tokapi 100g","p":0.89,"u":"8,90 €/KG","img":"https://fd15-photos.leclercdrive.fr/image.ashx?id=2661073&use=l&cat=p&typeid=i","cat":297000},{"id":68913,"n":"Purificateur d'air Sanytol Désinfectant - 300ml","p":5.2,"u":"17,33 €/L","img":"https://fd15-photos.leclercdrive.fr/image.ashx?id=2901659&use=l&cat=p&typeid=i","cat":311626},{"id":68914,"n":"Riz Basmati Comptoir du grain Variété Traditionelle - 1kg","p":5.3,"u":"5,30 €/KG","img":"https://fd15-photos.leclercdrive.fr/image.ashx?id=2583271&use=l&cat=p&typeid=i","cat":284428},{"id":68921,"n":"Boisson lactée Tous mes amis pour chats stérilisé - 3x200ml","p":2.93,"u":"4,88 €/L","img":"https://fd15-photos.leclercdrive.fr/image.ashx?id=2313476&use=l&cat=p&typeid=i","cat":285285},{"id":68935,"n":"Soupe Régal Soupe Poule pot vermicelles - 1L","p":2.72,"u":"2,72 €/L","img":"https://fd15-photos.leclercdrive.fr/image.ashx?id=2607581&use=l&cat=p&typeid=i","cat":284462},{"id":68981,"n":"Couscous Chaque jour sans gluten - de maïs - 375g","p":4.25,"u":"11,33 €/KG","img":"https://fd15-photos.leclercdrive.fr/image.ashx?id=2764143&use=l&cat=p&typeid=i","cat":284429},{"id":68986,"n":"Lait d'amande Bio Village Sans sucre bio - 1L","p":2.58,"u":"2,58 €/L","img":"https://fd15-photos.leclercdrive.fr/image.ashx?id=2499109&use=l&cat=p&typeid=i","cat":316067},{"id":68996,"n":"Crackers bio Bio Village Emmental courge - 200g","p":4.55,"u":"22,75 €/KG","img":"https://fd15-photos.leclercdrive.fr/image.ashx?id=2310507&use=l&cat=p&typeid=i","cat":297000},{"id":69003,"n":"Galettes maïs Bio Village Chocolat noir bio - 100g","p":2.19,"u":"21,90 €/KG","img":"https://fd15-photos.leclercdrive.fr/image.ashx?id=2559399&use=l&cat=p&typeid=i","cat":318651},{"id":69004,"n":"Moutarde Bio Village A l'ancienne bio - 200g","p":2.09,"u":"10,45 €/KG","img":"https://fd15-photos.leclercdrive.fr/image.ashx?id=2607966&use=l&cat=p&typeid=i","cat":288850},{"id":69006,"n":"Tomates séchées Rustica Bocal - 280g","p":2.85,"u":"10,18 €/KG","img":"https://fd15-photos.leclercdrive.fr/image.ashx?id=2539457&use=l&cat=p&typeid=i","cat":284458},{"id":69011,"n":"Petit beurre Sans Gluten 130g","p":2.55,"u":"19,62 €/KG","img":"https://fd15-photos.leclercdrive.fr/image.ashx?id=2460622&use=l&cat=p&typeid=i","cat":318654},{"id":69014,"n":"Mayonnaise Rustica Moutarde de dijon - 710g","p":3.5,"u":"4,93 €/KG","img":"https://fd15-photos.leclercdrive.fr/image.ashx?id=2420391&use=l&cat=p&typeid=i","cat":298295},{"id":69016,"n":"Sauce au Bleu Bénédicta Gamme Gourmet - 260g","p":3.1,"u":"11,92 €/KG","img":"https://fd15-photos.leclercdrive.fr/image.ashx?id=2616177&use=l&cat=p&typeid=i","cat":318430},{"id":69057,"n":"Yaourts nature Bio Village Bio - 4x125g","p":2.99,"u":"5,98 €/KG","img":"https://fd15-photos.leclercdrive.fr/image.ashx?id=2822775&use=l&cat=p&typeid=i","cat":284409},{"id":69058,"n":"Yaourt Bio Village Bio Vanille - 4x125g","p":2.99,"u":"5,98 €/KG","img":"https://fd15-photos.leclercdrive.fr/image.ashx?id=2822778&use=l&cat=p&typeid=i","cat":286006},{"id":69068,"n":"Crème dessert Délisse Saveur Brownie - 4x125g","p":1.99,"u":"3,98 €/KG","img":"https://fd15-photos.leclercdrive.fr/image.ashx?id=2441411&use=l&cat=p&typeid=i","cat":285041},{"id":69087,"n":"Boisson épeautre Bio Bjorg 2x1L","p":6.29,"u":"3,15 €/L","img":"https://fd15-photos.leclercdrive.fr/image.ashx?id=2147993&use=l&cat=p&typeid=i","cat":316067},{"id":69107,"n":"Muesli croustillant nature bio  Terres et Céréales - 1kg","p":7.12,"u":"7,12 €/KG","img":"https://fd15-photos.leclercdrive.fr/image.ashx?id=2802446&use=l&cat=p&typeid=i","cat":309512},{"id":69108,"n":"Muesli duo pépites de chocolats  bio Terres et Céréales -1kg","p":8.65,"u":"8,65 €/KG","img":"https://fd15-photos.leclercdrive.fr/image.ashx?id=2802452&use=l&cat=p&typeid=i","cat":309512},{"id":69120,"n":"Eau de toilette Alix de Faure Vanille - 110ml","p":6.13,"u":"55,73 €/L","img":"https://fd15-photos.leclercdrive.fr/image.ashx?id=1291575&use=l&cat=p&typeid=i","cat":291525},{"id":69128,"n":"Chocolat Excellence Abtey Chardons Ball - 220g","p":7.9,"u":"35,91 €/KG","img":"https://fd15-photos.leclercdrive.fr/image.ashx?id=2367178&use=l&cat=p&typeid=i","cat":327595},{"id":69141,"n":"Papier cuisson Elembal Rouleau 8m","p":2.15,"u":"0,27 €/MT","img":"https://fd15-photos.leclercdrive.fr/image.ashx?id=2169168&use=l&cat=p&typeid=i","cat":334134},{"id":69145,"n":"Crème lavante Manava Framboise pivoine - 300ml","p":1.39,"u":"4,63 €/L","img":"https://fd15-photos.leclercdrive.fr/image.ashx?id=2935507&use=l&cat=p&typeid=i","cat":284597},{"id":69147,"n":"Café dosettes Tassimo L'Or Café Long Classique x16","p":7.59,"u":"72,98 €/KG","img":"https://fd15-photos.leclercdrive.fr/image.ashx?id=2160312&use=l&cat=p&typeid=i","cat":293240},{"id":69148,"n":"Café dosettes Tassimo L'Or Café Long Intense x16","p":7.59,"u":"59,30 €/KG","img":"https://fd15-photos.leclercdrive.fr/image.ashx?id=2290599&use=l&cat=p&typeid=i","cat":293240},{"id":69150,"n":"Nettoyant multi surfaces Clair Citron - 1.5L","p":2.45,"u":"1,63 €/L","img":"https://fd15-photos.leclercdrive.fr/image.ashx?id=2534211&use=l&cat=p&typeid=i","cat":284907},{"id":69151,"n":"Nettoyant multi surfaces Clair Pins - 1.5L","p":2.45,"u":"1,63 €/L","img":"https://fd15-photos.leclercdrive.fr/image.ashx?id=2369164&use=l&cat=p&typeid=i","cat":284907},{"id":69152,"n":"Nettoyant multi surfaces Clair Fleurs - 1.5L","p":2.45,"u":"1,63 €/L","img":"https://fd15-photos.leclercdrive.fr/image.ashx?id=2381556&use=l&cat=p&typeid=i","cat":284907},{"id":69153,"n":"Nettoyant multi surfaces Clair Fraîcheur pure - 1.5L","p":2.45,"u":"1,63 €/L","img":"https://fd15-photos.leclercdrive.fr/image.ashx?id=2373263&use=l&cat=p&typeid=i","cat":284907},{"id":69154,"n":"Nettoyant multi surfaces Clair Savon de Marseille - 1.5L","p":2.45,"u":"1,63 €/L","img":"https://fd15-photos.leclercdrive.fr/image.ashx?id=2081708&use=l&cat=p&typeid=i","cat":284907},{"id":69155,"n":"Nettoyant multi surfaces Clair Savon noir - 1.5L","p":2.25,"u":"1,50 €/L","img":"https://fd15-photos.leclercdrive.fr/image.ashx?id=2849584&use=l&cat=p&typeid=i","cat":284907},{"id":69159,"n":"Poelée cuisinée légumes Bio Bio village - 600g","p":2.42,"u":"4,03 €/KG","img":"https://fd15-photos.leclercdrive.fr/image.ashx?id=2898074&use=l&cat=p&typeid=i","cat":319823},{"id":69163,"n":"Purée 100% brocolis Bio Bio Village - 450g","p":2.0,"u":"4,44 €/KG","img":"https://fd15-photos.leclercdrive.fr/image.ashx?id=2878750&use=l&cat=p&typeid=i","cat":319805},{"id":69164,"n":"Pizza chèvre feu de bois Bio  Bio Village - 360g","p":4.49,"u":"12,47 €/KG","img":"https://fd15-photos.leclercdrive.fr/image.ashx?id=1911810&use=l&cat=p&typeid=i","cat":284256},{"id":69213,"n":"Frites à peau McCain Côté Resto - 650g","p":2.96,"u":"4,55 €/KG","img":"https://fd15-photos.leclercdrive.fr/image.ashx?id=2927047&use=l&cat=p&typeid=i","cat":319791},{"id":69215,"n":"Pains wrap Epi d'Or Nature x6 - 383g","p":2.69,"u":"7,02 €/KG","img":"https://fd15-photos.leclercdrive.fr/image.ashx?id=2425488&use=l&cat=p&typeid=i","cat":284985},{"id":69218,"n":"Mini toasts Epi d'or Carré - 120g","p":2.52,"u":"21,00 €/KG","img":"https://fd15-photos.leclercdrive.fr/image.ashx?id=2564339&use=l&cat=p&typeid=i","cat":285454},{"id":69227,"n":"Huile vierge Bio Village Coco bio - 200ml","p":4.19,"u":"20,95 €/L","img":"https://fd15-photos.leclercdrive.fr/image.ashx?id=1974311&use=l&cat=p&typeid=i","cat":284453},{"id":69233,"n":"Capsules café L'Or Espresso Ristretto N°11 x10","p":5.69,"u":"109,42 €/KG","img":"https://fd15-photos.leclercdrive.fr/image.ashx?id=2260869&use=l&cat=p&typeid=i","cat":284749},{"id":69240,"n":"Vinaigre en gel Uni Vert 750ml","p":3.64,"u":"4,85 €/L","img":"https://fd15-photos.leclercdrive.fr/image.ashx?id=2494151&use=l&cat=p&typeid=i","cat":325357},{"id":69273,"n":"Eau de toilette Alix de Faure Fruits rouges - 110ml","p":6.65,"u":"60,45 €/L","img":"https://fd15-photos.leclercdrive.fr/image.ashx?id=2675762&use=l&cat=p&typeid=i","cat":291525},{"id":69274,"n":"Eau de toilette Alix de Faure Patchouli - 110ml","p":4.99,"u":"45,36 €/L","img":"https://fd15-photos.leclercdrive.fr/image.ashx?id=2675765&use=l&cat=p&typeid=i","cat":291525},{"id":69280,"n":"Couches bébé Mots d'enfants Midi T3 4/9kg - x50 changes","p":10.76,"u":"0,22 €/P","img":"https://fd15-photos.leclercdrive.fr/image.ashx?id=2699717&use=l&cat=p&typeid=i","cat":284737},{"id":69281,"n":"Couches bébé Mots d'enfants Ultra confort T4 7/18kg - x44","p":9.79,"u":"0,22 €/P","img":"https://fd15-photos.leclercdrive.fr/image.ashx?id=2699720&use=l&cat=p&typeid=i","cat":284737},{"id":69282,"n":"Couches bébé Mots d'enfants Ultra confort T4+  9/20kg - x41","p":9.36,"u":"0,23 €/P","img":"https://fd15-photos.leclercdrive.fr/image.ashx?id=2699723&use=l&cat=p&typeid=i","cat":284737},{"id":69283,"n":"Couches bébé Mots d'enfants Ultra confort T5 11/25kg - x39","p":9.77,"u":"0,25 €/P","img":"https://fd15-photos.leclercdrive.fr/image.ashx?id=2699726&use=l&cat=p&typeid=i","cat":284737},{"id":69284,"n":"Couches bébé Mots d'enfants Ultra confort T6  16/23kg - x33","p":11.82,"u":"0,36 €/P","img":"https://fd15-photos.leclercdrive.fr/image.ashx?id=2699729&use=l&cat=p&typeid=i","cat":284737},{"id":69285,"n":"Couches bébé Mots d'enfants T4 Ultra confort 7/18kg - x144","p":30.02,"u":"0,21 €/P","img":"https://fd15-photos.leclercdrive.fr/image.ashx?id=2689429&use=l&cat=p&typeid=i","cat":284737},{"id":69315,"n":"Sirop saveur mojito Frucci 75cl","p":4.95,"u":"6,60 €/L","img":"https://fd15-photos.leclercdrive.fr/image.ashx?id=2898032&use=l&cat=p&typeid=i","cat":295020},{"id":69316,"n":"Pur jus Jafaden Orange mangue citron - 1L","p":3.85,"u":"3,85 €/L","img":"https://fd15-photos.leclercdrive.fr/image.ashx?id=2956759&use=l&cat=p&typeid=i","cat":284917},{"id":69317,"n":"Eau minérale naturelle Vittel 6x1.5L","p":9.55,"u":"1,06 €/L","img":"https://fd15-photos.leclercdrive.fr/image.ashx?id=3000441&use=l&cat=p&typeid=i","cat":284535},{"id":69318,"n":"Pur jus Jafaden Orange pêche abricot - 1L","p":4.05,"u":"4,05 €/L","img":"https://fd15-photos.leclercdrive.fr/image.ashx?id=2595537&use=l&cat=p&typeid=i","cat":284917},{"id":69319,"n":"Pur jus Jafaden Pomme goyave citron - 1L","p":3.49,"u":"3,49 €/L","img":"https://fd15-photos.leclercdrive.fr/image.ashx?id=2956765&use=l&cat=p&typeid=i","cat":284917},{"id":69383,"n":"Fromage à Raclette RichesMonts  Duo Classique & Fumée - 420G","p":8.9,"u":"21,19 €/KG","img":"https://fd15-photos.leclercdrive.fr/image.ashx?id=2953815&use=l&cat=p&typeid=i","cat":314037},{"id":69385,"n":"Fromage à Raclette RichesMonts  Duo Classique 3 Poivres - 420G","p":8.9,"u":"21,19 €/KG","img":"https://fd15-photos.leclercdrive.fr/image.ashx?id=2953818&use=l&cat=p&typeid=i","cat":314037},{"id":69396,"n":"Fromage à Raclette RichesMonts  Sans croûte 18 Tranches - 420g","p":7.07,"u":"16,83 €/KG","img":"https://fd15-photos.leclercdrive.fr/image.ashx?id=2960765&use=l&cat=p&typeid=i","cat":314037},{"id":69430,"n":"Poulet Basquaise NRT 750g","p":8.15,"u":"10,87 €/KG","img":"https://fd15-photos.leclercdrive.fr/image.ashx?id=2723255&use=l&cat=p&typeid=i","cat":284441},{"id":69432,"n":"Trio de terrines Label Rouge Nos Régions Ont Du Talent -270g","p":6.1,"u":"22,59 €/KG","img":"https://fd15-photos.leclercdrive.fr/image.ashx?id=2560521&use=l&cat=p&typeid=i","cat":305149},{"id":69442,"n":"Madeleines NRT Caramel - 330g","p":4.21,"u":"12,76 €/KG","img":"https://fd15-photos.leclercdrive.fr/image.ashx?id=2607885&use=l&cat=p&typeid=i","cat":284492},{"id":69445,"n":"Pralinés extra NRT 200g","p":5.55,"u":"27,75 €/KG","img":"https://fd15-photos.leclercdrive.fr/image.ashx?id=2443194&use=l&cat=p&typeid=i","cat":284504},{"id":69679,"n":"Yaourt à la grecque YAOS Nature lit de myrtilles 4x125g","p":5.2,"u":"10,40 €/KG","img":"https://fd15-photos.leclercdrive.fr/image.ashx?id=2614933&use=l&cat=p&typeid=i","cat":314999},{"id":69680,"n":"Yaourt à la grecque YAOS Nature lit de pêches 4x125g","p":3.99,"u":"7,98 €/KG","img":"https://fd15-photos.leclercdrive.fr/image.ashx?id=2539533&use=l&cat=p&typeid=i","cat":314999},{"id":69690,"n":"Mascarpone 41.5% mg Galbani 500g","p":8.19,"u":"16,38 €/KG","img":"https://fd15-photos.leclercdrive.fr/image.ashx?id=2832470&use=l&cat=p&typeid=i","cat":314026},{"id":69694,"n":"Mini Président 5 portions - 150g","p":5.81,"u":"38,73 €/KG","img":"https://fd15-photos.leclercdrive.fr/image.ashx?id=2628752&use=l&cat=p&typeid=i","cat":314030},{"id":69717,"n":"Biftecks hachés Bio Charal Pur bœuf 12%MG 8x100g - 800g","p":16.05,"u":"20,06 €/KG","img":"https://fd15-photos.leclercdrive.fr/image.ashx?id=2741967&use=l&cat=p&typeid=i","cat":319778},{"id":69739,"n":"Mini feuilletés Côté Table Apéritifs - x30 - 360g","p":6.19,"u":"17,19 €/KG","img":"https://fd15-photos.leclercdrive.fr/image.ashx?id=2212509&use=l&cat=p&typeid=i","cat":319774},{"id":69740,"n":"Mini-feuilletés Côté Table Apéritifs - x80 - 740g","p":9.4,"u":"12,70 €/KG","img":"https://fd15-photos.leclercdrive.fr/image.ashx?id=2238045&use=l&cat=p&typeid=i","cat":319774},{"id":69741,"n":"Mini-feuilletés Côté Table Apéritifs - x40 - 350g","p":4.95,"u":"14,14 €/KG","img":"https://fd15-photos.leclercdrive.fr/image.ashx?id=2632873&use=l&cat=p&typeid=i","cat":319774},{"id":69806,"n":"Pavé de boeuf Tendre & Plus A l'échalote marinés x2 - 260g","p":12.93,"u":"49,73 €/KG","img":"https://fd15-photos.leclercdrive.fr/image.ashx?id=2235383&use=l&cat=p&typeid=i","cat":284328},{"id":69910,"n":"Origan Rustica 11g","p":0.68,"u":"61,82 €/KG","img":"https://fd15-photos.leclercdrive.fr/image.ashx?id=1232057&use=l&cat=p&typeid=i","cat":298297},{"id":70114,"n":"Biscuits p'tit dèj BN Extra céréales complètes - 200g","p":3.99,"u":"19,95 €/KG","img":"https://fd15-photos.leclercdrive.fr/image.ashx?id=2603471&use=l&cat=p&typeid=i","cat":284491},{"id":70117,"n":"Biscuits Mc Vitie's Original - 400g","p":2.64,"u":"6,60 €/KG","img":"https://fd15-photos.leclercdrive.fr/image.ashx?id=2310182&use=l&cat=p&typeid=i","cat":284487},{"id":70118,"n":"Biscuits Mc Vitie's Chocolat au lait - 300g","p":2.67,"u":"8,90 €/KG","img":"https://fd15-photos.leclercdrive.fr/image.ashx?id=2589491&use=l&cat=p&typeid=i","cat":284488},{"id":70334,"n":"Kasteel rouge  8° 75cl","p":7.5,"u":"10,00 €/L","img":"https://fd15-photos.leclercdrive.fr/image.ashx?id=2981325&use=l&cat=p&typeid=i","cat":334872},{"id":70389,"n":"Café dosettes Tassimo L'Or Cappuccino x8","p":7.59,"u":"28,43 €/KG","img":"https://fd15-photos.leclercdrive.fr/image.ashx?id=2100305&use=l&cat=p&typeid=i","cat":293240},{"id":70438,"n":"Fines feuilles de chocolat noir After Eight - 200g","p":4.79,"u":"23,95 €/KG","img":"https://fd15-photos.leclercdrive.fr/image.ashx?id=2897345&use=l&cat=p&typeid=i","cat":327595},{"id":70447,"n":"Sachet Célébrations 196g","p":4.98,"u":"25,41 €/KG","img":"https://fd15-photos.leclercdrive.fr/image.ashx?id=2980058&use=l&cat=p&typeid=i","cat":284499},{"id":70460,"n":"Oeufs surprises Barbie Chocolat - x3 - 60g","p":3.48,"u":"58,00 €/KG","img":"https://fd15-photos.leclercdrive.fr/image.ashx?id=2826213&use=l&cat=p&typeid=i","cat":327789},{"id":70480,"n":"Chocolats Ferrero Collection Assortiments x24 - 269g","p":11.89,"u":"44,20 €/KG","img":"https://fd15-photos.leclercdrive.fr/image.ashx?id=2871181&use=l&cat=p&typeid=i","cat":327595},{"id":70558,"n":"Basilic bio Bio Village 11g","p":1.25,"u":"113,64 €/KG","img":"https://fd15-photos.leclercdrive.fr/image.ashx?id=2454632&use=l&cat=p&typeid=i","cat":298297},{"id":70559,"n":"Ciboulette bio Bio Village 4g","p":0.89,"u":"222,50 €/KG","img":"https://fd15-photos.leclercdrive.fr/image.ashx?id=2711704&use=l&cat=p&typeid=i","cat":298297},{"id":70579,"n":"Fromage Caprice des Dieux  200g","p":4.96,"u":"24,80 €/KG","img":"https://fd15-photos.leclercdrive.fr/image.ashx?id=2762438&use=l&cat=p&typeid=i","cat":314033},{"id":70634,"n":"Lentilles Notre Jardin Graisse d'oie - 400g","p":1.52,"u":"3,80 €/KG","img":"https://fd15-photos.leclercdrive.fr/image.ashx?id=3002620&use=l&cat=p&typeid=i","cat":312609},{"id":70640,"n":"Mayonnaise Rustica Ma recette - 235g","p":2.19,"u":"9,32 €/KG","img":"https://fd15-photos.leclercdrive.fr/image.ashx?id=2443185&use=l&cat=p&typeid=i","cat":298295},{"id":70914,"n":"Poivre noir grains Rustica 90g","p":3.19,"u":"35,44 €/KG","img":"https://fd15-photos.leclercdrive.fr/image.ashx?id=1236848&use=l&cat=p&typeid=i","cat":284457},{"id":71060,"n":"Basilic Rustica 11g","p":0.59,"u":"53,64 €/KG","img":"https://fd15-photos.leclercdrive.fr/image.ashx?id=2772957&use=l&cat=p&typeid=i","cat":298297},{"id":71066,"n":"Moutarde à l'ancienne Origine du Goût-Au vinaigre cidre -100g","p":1.75,"u":"17,50 €/KG","img":"https://fd15-photos.leclercdrive.fr/image.ashx?id=2794850&use=l&cat=p&typeid=i","cat":288850},{"id":71067,"n":"Moutarde L'Origine du Goût Poivre vert de Madagascar -100g","p":1.86,"u":"18,60 €/KG","img":"https://fd15-photos.leclercdrive.fr/image.ashx?id=2711631&use=l&cat=p&typeid=i","cat":288850},{"id":71069,"n":"Moutarde à l'ancienne Origine du Goût -Piment espelette -100g","p":1.75,"u":"17,50 €/KG","img":"https://fd15-photos.leclercdrive.fr/image.ashx?id=2794853&use=l&cat=p&typeid=i","cat":288850},{"id":71070,"n":"Moutarde au vinaigre balsamique L'Origine du Goût -100g","p":1.76,"u":"17,60 €/KG","img":"https://fd15-photos.leclercdrive.fr/image.ashx?id=2711637&use=l&cat=p&typeid=i","cat":288850},{"id":71071,"n":"Vinaigre L'Origine du Goût Pulpe de mangue - 20cl","p":5.59,"u":"27,95 €/L","img":"https://fd15-photos.leclercdrive.fr/image.ashx?id=2709027&use=l&cat=p&typeid=i","cat":298543},{"id":71072,"n":"Vinaigre Pulpe de framboise L'Origine du goût - 20cl","p":6.27,"u":"31,35 €/L","img":"https://fd15-photos.leclercdrive.fr/image.ashx?id=1709958&use=l&cat=p&typeid=i","cat":298543},{"id":71075,"n":"Vinaigrette biphase Rustica Tomate/ Balsamique - 50cl","p":3.39,"u":"6,78 €/L","img":"https://fd15-photos.leclercdrive.fr/image.ashx?id=1972937&use=l&cat=p&typeid=i","cat":284456},{"id":71076,"n":"Vinaigrette Rustica Moutarde ancienne - 1L","p":3.05,"u":"3,05 €/L","img":"https://fd15-photos.leclercdrive.fr/image.ashx?id=1957767&use=l&cat=p&typeid=i","cat":284456},{"id":71077,"n":"Vinaigrette biphase Rustica Ciboulette/Echalote - 50cl","p":4.19,"u":"8,38 €/L","img":"https://fd15-photos.leclercdrive.fr/image.ashx?id=1943241&use=l&cat=p&typeid=i","cat":284456},{"id":71078,"n":"Apéritivo bitter Volcano Spritz 15%vol - 1L","p":9.75,"u":"9,75 €/L","img":"https://fd15-photos.leclercdrive.fr/image.ashx?id=2473963&use=l&cat=p&typeid=i","cat":284913},{"id":71101,"n":"IGP Pays d'Oc Muscat blanc  Moelleux 12% vol - 75cl","p":5.25,"u":"7,00 €/L","img":"https://fd15-photos.leclercdrive.fr/image.ashx?id=2870080&use=l&cat=p&typeid=i","cat":289557},{"id":71102,"n":"Bière Desperados 65cl","p":3.75,"u":"5,77 €/L","img":"https://fd15-photos.leclercdrive.fr/image.ashx?id=2977960&use=l&cat=p&typeid=i","cat":334878},{"id":71106,"n":"Ail semoule Rustica 110g","p":2.89,"u":"26,27 €/KG","img":"https://fd15-photos.leclercdrive.fr/image.ashx?id=2870038&use=l&cat=p&typeid=i","cat":298297},{"id":71107,"n":"Bouquet garni entier Rustica 17g","p":2.69,"u":"158,24 €/KG","img":"https://fd15-photos.leclercdrive.fr/image.ashx?id=1710608&use=l&cat=p&typeid=i","cat":298297},{"id":71154,"n":"Arôme vanille Tablier Blanc 200ml","p":3.07,"u":"15,35 €/L","img":"https://fd15-photos.leclercdrive.fr/image.ashx?id=2487476&use=l&cat=p&typeid=i","cat":284504},{"id":71155,"n":"Ail semoule Rustica Flacon - 60g","p":1.46,"u":"24,33 €/KG","img":"https://fd15-photos.leclercdrive.fr/image.ashx?id=2797790&use=l&cat=p&typeid=i","cat":298297},{"id":71157,"n":"Herbe de provence haché Rustica 40g","p":1.65,"u":"41,25 €/KG","img":"https://fd15-photos.leclercdrive.fr/image.ashx?id=1239455&use=l&cat=p&typeid=i","cat":298297},{"id":71158,"n":"Poivre gris moulu Rustica Boite - 90g","p":2.99,"u":"33,22 €/KG","img":"https://fd15-photos.leclercdrive.fr/image.ashx?id=2907204&use=l&cat=p&typeid=i","cat":284457},{"id":71162,"n":"Assortiment crackers Tokapi 85g","p":1.15,"u":"13,53 €/KG","img":"https://fd15-photos.leclercdrive.fr/image.ashx?id=1926981&use=l&cat=p&typeid=i","cat":297000},{"id":71164,"n":"Gel lavant Bionaïa Abricot bio - 300ml","p":2.29,"u":"7,63 €/L","img":"https://fd15-photos.leclercdrive.fr/image.ashx?id=2935525&use=l&cat=p&typeid=i","cat":284597},{"id":71209,"n":"Café moulu L'Origine du Goût Sumatra  - 250g","p":8.48,"u":"33,92 €/KG","img":"https://fd15-photos.leclercdrive.fr/image.ashx?id=2626142&use=l&cat=p&typeid=i","cat":284750},{"id":71211,"n":"Café moulu L'Origine du Goût Ethiopie - 250g","p":9.62,"u":"38,48 €/KG","img":"https://fd15-photos.leclercdrive.fr/image.ashx?id=2626145&use=l&cat=p&typeid=i","cat":284750},{"id":71412,"n":"Déodorant Manava Cologne - 100ml","p":2.29,"u":"22,90 €/L","img":"https://fd15-photos.leclercdrive.fr/image.ashx?id=2666572&use=l&cat=p&typeid=i","cat":284595},{"id":71413,"n":"Déodorant Manava Freesia Orchidée - 100ml","p":2.1,"u":"21,00 €/L","img":"https://fd15-photos.leclercdrive.fr/image.ashx?id=2656451&use=l&cat=p&typeid=i","cat":284595},{"id":71417,"n":"Petits pois très fins Eco  560g","p":1.8,"u":"3,21 €/KG","img":"https://fd15-photos.leclercdrive.fr/image.ashx?id=3003711&use=l&cat=p&typeid=i","cat":312607},{"id":71422,"n":"Macedoine de legumes Eco  530g","p":1.69,"u":"3,19 €/KG","img":"https://fd15-photos.leclercdrive.fr/image.ashx?id=2449229&use=l&cat=p&typeid=i","cat":312612},{"id":71423,"n":"Flageolets verts fins Eco  530g","p":1.71,"u":"3,23 €/KG","img":"https://fd15-photos.leclercdrive.fr/image.ashx?id=2720012&use=l&cat=p&typeid=i","cat":312606},{"id":71426,"n":"Lentilles Eco+ 530g","p":1.39,"u":"2,62 €/KG","img":"https://fd15-photos.leclercdrive.fr/image.ashx?id=2699087&use=l&cat=p&typeid=i","cat":312609},{"id":71429,"n":"Haricots verts extra fins Eco  440g","p":1.61,"u":"3,66 €/KG","img":"https://fd15-photos.leclercdrive.fr/image.ashx?id=3003726&use=l&cat=p&typeid=i","cat":312606},{"id":71431,"n":"Tomates entières pelées Eco+ - 480g","p":1.6,"u":"3,33 €/KG","img":"https://fd15-photos.leclercdrive.fr/image.ashx?id=3003729&use=l&cat=p&typeid=i","cat":312608},{"id":71433,"n":"Choux-fleurs Eco+ 1kg","p":2.45,"u":"2,45 €/KG","img":"https://fd15-photos.leclercdrive.fr/image.ashx?id=2729254&use=l&cat=p&typeid=i","cat":319805},{"id":71439,"n":"Filets de colin d'Alaska Eco+ 10x100g","p":9.75,"u":"9,75 €/KG","img":"https://fd15-photos.leclercdrive.fr/image.ashx?id=1668300&use=l&cat=p&typeid=i","cat":319786},{"id":71440,"n":"Curry poudre bio Ducros Flacon - 36g","p":3.1,"u":"86,11 €/KG","img":"https://fd15-photos.leclercdrive.fr/image.ashx?id=2484071&use=l&cat=p&typeid=i","cat":298297},{"id":71441,"n":"Ail bio Ducros Flacon - 52g","p":2.89,"u":"55,58 €/KG","img":"https://fd15-photos.leclercdrive.fr/image.ashx?id=2484077&use=l&cat=p&typeid=i","cat":298297},{"id":71442,"n":"Cassoulet Eco+ 840g","p":3.09,"u":"3,68 €/KG","img":"https://fd15-photos.leclercdrive.fr/image.ashx?id=2518529&use=l&cat=p&typeid=i","cat":284440},{"id":71444,"n":"Galettes au beurre Eco+ x16 - 125g","p":1.15,"u":"9,20 €/KG","img":"https://fd15-photos.leclercdrive.fr/image.ashx?id=2746781&use=l&cat=p&typeid=i","cat":284487},{"id":71446,"n":"Biscuits aux oeufs Eco+ x60 - 400g","p":2.73,"u":"6,83 €/KG","img":"https://fd15-photos.leclercdrive.fr/image.ashx?id=2804136&use=l&cat=p&typeid=i","cat":284487},{"id":71448,"n":"Raviolis à la sauce tomate Eco+ 800g","p":2.89,"u":"3,61 €/KG","img":"https://fd15-photos.leclercdrive.fr/image.ashx?id=2688288&use=l&cat=p&typeid=i","cat":284442},{"id":71451,"n":"Serviettes maxi nuit Eco+ x10","p":1.16,"u":"0,12 €/P","img":"https://fd15-photos.leclercdrive.fr/image.ashx?id=2824739&use=l&cat=p&typeid=i","cat":284624},{"id":71454,"n":"Persil bio Ducros Flacon - 7g","p":2.45,"u":"350,00 €/KG","img":"https://fd15-photos.leclercdrive.fr/image.ashx?id=2484062&use=l&cat=p&typeid=i","cat":298297},{"id":71455,"n":"Gélatine feuille bio Vahiné 10g","p":2.35,"u":"235,00 €/KG","img":"https://fd15-photos.leclercdrive.fr/image.ashx?id=2559829&use=l&cat=p&typeid=i","cat":284504},{"id":71459,"n":"Noix coco rapée bio Vahiné 115g","p":3.05,"u":"26,52 €/KG","img":"https://fd15-photos.leclercdrive.fr/image.ashx?id=2559841&use=l&cat=p&typeid=i","cat":284504},{"id":71460,"n":"Poudre à lever bio Vahiné 5 sachets - 35g","p":1.3,"u":"37,14 €/KG","img":"https://fd15-photos.leclercdrive.fr/image.ashx?id=2559832&use=l&cat=p&typeid=i","cat":294686},{"id":71461,"n":"Sucre vanillé bio Vahiné 5 sachets - 35G","p":3.95,"u":"112,86 €/KG","img":"https://fd15-photos.leclercdrive.fr/image.ashx?id=2559835&use=l&cat=p&typeid=i","cat":284504},{"id":71462,"n":"Pépites chocolat noirVahiné Bio - 100g","p":5.2,"u":"52,00 €/KG","img":"https://fd15-photos.leclercdrive.fr/image.ashx?id=2504227&use=l&cat=p&typeid=i","cat":284504},{"id":71463,"n":"Raisins secs bio Vahiné 200g","p":3.45,"u":"17,25 €/KG","img":"https://fd15-photos.leclercdrive.fr/image.ashx?id=2559844&use=l&cat=p&typeid=i","cat":284357},{"id":71468,"n":"Spécialité au soja Nat&Vie Café - 4x100g","p":2.45,"u":"6,13 €/KG","img":"https://fd15-photos.leclercdrive.fr/image.ashx?id=2901470&use=l&cat=p&typeid=i","cat":316071},{"id":71469,"n":"DOC Prosecco extra-dry blanc 7% vol - 75cl","p":9.03,"u":"12,04 €/L","img":"https://fd15-photos.leclercdrive.fr/image.ashx?id=2977171&use=l&cat=p&typeid=i","cat":289461},{"id":71479,"n":"Cookies P'tit Déli Paillettes muticolores - 150g","p":2.45,"u":"16,33 €/KG","img":"https://fd15-photos.leclercdrive.fr/image.ashx?id=2939064&use=l&cat=p&typeid=i","cat":325066},{"id":71488,"n":"Mini chinois Epi d'Or Pepites de chocolat x6 - 300g","p":3.19,"u":"10,63 €/KG","img":"https://fd15-photos.leclercdrive.fr/image.ashx?id=2867916&use=l&cat=p&typeid=i","cat":296366},{"id":71489,"n":"Croissants Epi d'Or x8 - 320g","p":1.99,"u":"6,22 €/KG","img":"https://fd15-photos.leclercdrive.fr/image.ashx?id=2860766&use=l&cat=p&typeid=i","cat":296366},{"id":71491,"n":"Croissants Epi d'Or x14 - 560g","p":5.49,"u":"9,80 €/KG","img":"https://fd15-photos.leclercdrive.fr/image.ashx?id=2860769&use=l&cat=p&typeid=i","cat":296366},{"id":71496,"n":"Tartelette P'tit Déli Chocolat au lait caramel - 127g","p":2.7,"u":"21,26 €/KG","img":"https://fd15-photos.leclercdrive.fr/image.ashx?id=2722820&use=l&cat=p&typeid=i","cat":284488},{"id":71497,"n":"Tartelette P'tit Déli Fraise - 127g","p":2.24,"u":"17,64 €/KG","img":"https://fd15-photos.leclercdrive.fr/image.ashx?id=2888640&use=l&cat=p&typeid=i","cat":284489},{"id":71498,"n":"Lait concentré Délisse Non sucré x10  - 75g","p":0.74,"u":"9,87 €/KG","img":"https://fd15-photos.leclercdrive.fr/image.ashx?id=2671822&use=l&cat=p&typeid=i","cat":299162},{"id":71499,"n":"Gaufrette roulée P'tit Déli Chocolat noir - 125g","p":1.89,"u":"15,12 €/KG","img":"https://fd15-photos.leclercdrive.fr/image.ashx?id=2399859&use=l&cat=p&typeid=i","cat":284490},{"id":71514,"n":"Sablé pur beurre P'tit Déli Caramel - 100g","p":2.29,"u":"22,90 €/KG","img":"https://fd15-photos.leclercdrive.fr/image.ashx?id=2660574&use=l&cat=p&typeid=i","cat":284487},{"id":71519,"n":"Yaourt Bio Bio Village Aromatisé Citron - 4x125g","p":2.3,"u":"4,60 €/KG","img":"https://fd15-photos.leclercdrive.fr/image.ashx?id=2289666&use=l&cat=p&typeid=i","cat":286006},{"id":71523,"n":"Sablés pur beurre P'tit Déli Coco - 100g","p":2.15,"u":"21,50 €/KG","img":"https://fd15-photos.leclercdrive.fr/image.ashx?id=2709704&use=l&cat=p&typeid=i","cat":284487},{"id":71524,"n":"Goûter rectangle P'tit Déli Fourré chocolat - 125g","p":1.59,"u":"12,72 €/KG","img":"https://fd15-photos.leclercdrive.fr/image.ashx?id=2619725&use=l&cat=p&typeid=i","cat":284488},{"id":71528,"n":"Fromage frais nature Bio Bio village - 8x100g","p":4.19,"u":"5,24 €/KG","img":"https://fd15-photos.leclercdrive.fr/image.ashx?id=2839950&use=l&cat=p&typeid=i","cat":284409},{"id":71531,"n":"Crème fraiche bio Bio village Epaisse - 30% MG  - 50cl","p":3.35,"u":"6,70 €/L","img":"https://fd15-photos.leclercdrive.fr/image.ashx?id=1975050&use=l&cat=p&typeid=i","cat":284381},{"id":71535,"n":"Pommes de terre NRT à l'échirlète - 600g","p":5.68,"u":"9,47 €/KG","img":"https://fd15-photos.leclercdrive.fr/image.ashx?id=2699855&use=l&cat=p&typeid=i","cat":319792},{"id":71546,"n":"Gaufrettes P'tit Déli Vanille - 110g","p":1.45,"u":"13,18 €/KG","img":"https://fd15-photos.leclercdrive.fr/image.ashx?id=2436023&use=l&cat=p&typeid=i","cat":284487},{"id":71553,"n":"Déodorant Manava Freesia Orchidée - 200ml","p":2.55,"u":"12,75 €/L","img":"https://fd15-photos.leclercdrive.fr/image.ashx?id=2656454&use=l&cat=p&typeid=i","cat":284595},{"id":71555,"n":"Miel  Nid D'Abeille Montagne d'Espagne - 500g","p":6.2,"u":"12,40 €/KG","img":"https://fd15-photos.leclercdrive.fr/image.ashx?id=1952922&use=l&cat=p&typeid=i","cat":287643},{"id":71557,"n":"Mini sables P'tit Déli Chocolat au lait - 160g","p":3.05,"u":"19,06 €/KG","img":"https://fd15-photos.leclercdrive.fr/image.ashx?id=2323295&use=l&cat=p&typeid=i","cat":284488},{"id":71561,"n":"Palets P'tit Déli A la madeleine - 125g","p":1.3,"u":"10,40 €/KG","img":"https://fd15-photos.leclercdrive.fr/image.ashx?id=2693138&use=l&cat=p&typeid=i","cat":284487},{"id":71563,"n":"Mayonnaise Rustica A la moutarde de Dijon - 720g","p":3.59,"u":"4,99 €/KG","img":"https://fd15-photos.leclercdrive.fr/image.ashx?id=2954379&use=l&cat=p&typeid=i","cat":298295},{"id":71566,"n":"Sauce Soja Tables Du Monde 125ml","p":1.28,"u":"10,24 €/L","img":"https://fd15-photos.leclercdrive.fr/image.ashx?id=2679765&use=l&cat=p&typeid=i","cat":288992},{"id":71568,"n":"Sauce soja sucrée Table du monde - 125ml","p":2.09,"u":"16,72 €/L","img":"https://fd15-photos.leclercdrive.fr/image.ashx?id=2679762&use=l&cat=p&typeid=i","cat":288992},{"id":71570,"n":"Palmiers P'tit Déli Zestes Citron - 100g","p":1.3,"u":"13,00 €/KG","img":"https://fd15-photos.leclercdrive.fr/image.ashx?id=2331321&use=l&cat=p&typeid=i","cat":284487},{"id":71574,"n":"Gaufrettes P'tit Déli Chocolat noisette - 160g","p":2.7,"u":"16,88 €/KG","img":"https://fd15-photos.leclercdrive.fr/image.ashx?id=2915302&use=l&cat=p&typeid=i","cat":284488},{"id":71576,"n":"Recharge brosse Mamison 90 feuilles adhésives","p":1.69,"img":"https://fd15-photos.leclercdrive.fr/image.ashx?id=2744134&use=l&cat=p&typeid=i","cat":284669},{"id":71578,"n":"Crème lavante Manava Surgras - 300ml","p":1.39,"u":"4,63 €/L","img":"https://fd15-photos.leclercdrive.fr/image.ashx?id=2935513&use=l&cat=p&typeid=i","cat":284597},{"id":71579,"n":"Recharge crème lavante Manava Surgras - 250ml","p":1.1,"u":"4,40 €/L","img":"https://fd15-photos.leclercdrive.fr/image.ashx?id=2935516&use=l&cat=p&typeid=i","cat":284597},{"id":71580,"n":"Tampons digitaux Doulys Super+ x24","p":3.0,"u":"0,13 €/P","img":"https://fd15-photos.leclercdrive.fr/image.ashx?id=2965521&use=l&cat=p&typeid=i","cat":284626},{"id":71599,"n":"Bicarbonate de soude Clair 500g","p":2.47,"u":"4,94 €/KG","img":"https://fd15-photos.leclercdrive.fr/image.ashx?id=2822129&use=l&cat=p&typeid=i","cat":325365},{"id":71600,"n":"Champignons Notre Jardin Emincés, épais - 230g","p":1.79,"u":"7,78 €/KG","img":"https://fd15-photos.leclercdrive.fr/image.ashx?id=2553917&use=l&cat=p&typeid=i","cat":312610},{"id":71602,"n":"Change bébé Mots d'Enfants Nouveau né - T1 - 2/5kg - x23","p":3.98,"u":"0,17 €/P","img":"https://fd15-photos.leclercdrive.fr/image.ashx?id=2907225&use=l&cat=p&typeid=i","cat":284737},{"id":71627,"n":"Boisson végétale Bio Village Soja chocolat bio - 1l","p":2.34,"u":"2,34 €/L","img":"https://fd15-photos.leclercdrive.fr/image.ashx?id=2352240&use=l&cat=p&typeid=i","cat":316067},{"id":71629,"n":"Boisson végétale Bio Village Lait amande intense bio - 1l","p":3.28,"u":"3,28 €/L","img":"https://fd15-photos.leclercdrive.fr/image.ashx?id=2386185&use=l&cat=p&typeid=i","cat":316067},{"id":71637,"n":"Bâtonnets enrobés bio Bio Village - Chocolat noir - 125g","p":2.29,"u":"18,32 €/KG","img":"https://fd15-photos.leclercdrive.fr/image.ashx?id=1947402&use=l&cat=p&typeid=i","cat":284488},{"id":71640,"n":"Coeur de filet de saumon fumé  D'Écosse L'origine du goût 140g","p":18.69,"u":"133,50 €/KG","img":"https://fd15-photos.leclercdrive.fr/image.ashx?id=2820451&use=l&cat=p&typeid=i","cat":285188},{"id":71647,"n":"Biscuit graine Bio Village Pépites de chocolat Bio - 140g","p":2.39,"u":"17,07 €/KG","img":"https://fd15-photos.leclercdrive.fr/image.ashx?id=2400526&use=l&cat=p&typeid=i","cat":325066},{"id":71653,"n":"Thym bio Bio Village 16g","p":1.35,"u":"84,38 €/KG","img":"https://fd15-photos.leclercdrive.fr/image.ashx?id=2711698&use=l&cat=p&typeid=i","cat":298297},{"id":71655,"n":"Curry moulu Bio Village Bio - 37g","p":1.85,"u":"50,00 €/KG","img":"https://fd15-photos.leclercdrive.fr/image.ashx?id=2714989&use=l&cat=p&typeid=i","cat":298297},{"id":71698,"n":"Nappe damassée Homeside Jaune - 7m","p":5.9,"u":"0,84 €/MT","img":"https://fd15-photos.leclercdrive.fr/image.ashx?id=1419626&use=l&cat=p&typeid=i","cat":334134},{"id":72032,"n":"Bière blonde Affligem 6.7% vol -  Fût 5L","p":35.8,"u":"7,16 €/L","img":"https://fd15-photos.leclercdrive.fr/image.ashx?id=2672722&use=l&cat=p&typeid=i","cat":334879},{"id":72191,"n":"Jamon Bellota 48 mois L'Origine du goût - 70g","p":10.85,"u":"155,00 €/KG","img":"https://fd15-photos.leclercdrive.fr/image.ashx?id=2192628&use=l&cat=p&typeid=i","cat":316007},{"id":72731,"n":"Chocolat Pâtissier Nestlé Dessert : Noir 70% - 170g","p":4.3,"u":"25,29 €/KG","img":"https://fd15-photos.leclercdrive.fr/image.ashx?id=2902358&use=l&cat=p&typeid=i","cat":285562},{"id":72759,"n":"Riz au lait Délisse Au lait de brebis - 2x140g","p":2.51,"u":"8,96 €/KG","img":"https://fd15-photos.leclercdrive.fr/image.ashx?id=1993595&use=l&cat=p&typeid=i","cat":314998},{"id":72791,"n":"Bière Desperados 3x33cl","p":6.89,"u":"6,96 €/L","img":"https://fd15-photos.leclercdrive.fr/image.ashx?id=2983120&use=l&cat=p&typeid=i","cat":334878},{"id":72894,"n":"Huile d'olive Rustica Vierge extra fruité - 75cl","p":10.59,"u":"14,12 €/L","img":"https://fd15-photos.leclercdrive.fr/image.ashx?id=2898029&use=l&cat=p&typeid=i","cat":284453},{"id":72932,"n":"Spaghetti bolognaise Côté Table 415g","p":2.15,"u":"5,18 €/KG","img":"https://fd15-photos.leclercdrive.fr/image.ashx?id=2977882&use=l&cat=p&typeid=i","cat":284442},{"id":72934,"n":"Sauce nuoc mam Tables du monde 125ml","p":1.69,"u":"13,52 €/L","img":"https://fd15-photos.leclercdrive.fr/image.ashx?id=2679771&use=l&cat=p&typeid=i","cat":288992},{"id":73001,"n":"Blinis Ronde des mers x4 - 200g","p":2.29,"u":"11,45 €/KG","img":"https://fd15-photos.leclercdrive.fr/image.ashx?id=1919585&use=l&cat=p&typeid=i","cat":285191},{"id":73006,"n":"Sauce pour nems Tables du monde 125ml","p":1.45,"u":"11,60 €/L","img":"https://fd15-photos.leclercdrive.fr/image.ashx?id=2526306&use=l&cat=p&typeid=i","cat":288992},{"id":73564,"n":"Drap de douche Tissaia Coton Bio Gris perle - 68x140cm","p":17.9,"img":"https://fd15-photos.leclercdrive.fr/image.ashx?id=2207808&use=l&cat=p&typeid=i","cat":286694},{"id":73697,"n":"Compote Allégée en sucres Eco+ Bocal pomme - 720g","p":1.6,"u":"2,22 €/KG","img":"https://fd15-photos.leclercdrive.fr/image.ashx?id=2953185&use=l&cat=p&typeid=i","cat":284508},{"id":73706,"n":"Riz basmati Eco+ 1kg","p":4.15,"u":"4,15 €/KG","img":"https://fd15-photos.leclercdrive.fr/image.ashx?id=2141651&use=l&cat=p&typeid=i","cat":284428},{"id":73708,"n":"Purée de tomate Eco+ Brique - 500g","p":1.02,"u":"2,04 €/KG","img":"https://fd15-photos.leclercdrive.fr/image.ashx?id=2756576&use=l&cat=p&typeid=i","cat":288384},{"id":73715,"n":"Vin blanc AOC Bourgogne Aligoté Couvent des Visitandines - 75cl","p":12.04,"u":"16,05 €/L","img":"https://fd15-photos.leclercdrive.fr/image.ashx?id=2955294&use=l&cat=p&typeid=i","cat":289557},{"id":73717,"n":"Pommes de terre Eco+ 530g","p":1.89,"u":"3,57 €/KG","img":"https://fd15-photos.leclercdrive.fr/image.ashx?id=2473186&use=l&cat=p&typeid=i","cat":312612},{"id":73727,"n":"Bouchées pour chats  Eco+ Boeuf poulet légumes - 410g","p":1.11,"u":"2,71 €/KG","img":"https://fd15-photos.leclercdrive.fr/image.ashx?id=1292464&use=l&cat=p&typeid=i","cat":285601},{"id":73732,"n":"Gel WC javel Eco+ 750ml","p":1.29,"u":"1,72 €/L","img":"https://fd15-photos.leclercdrive.fr/image.ashx?id=2768074&use=l&cat=p&typeid=i","cat":284662},{"id":73777,"n":"Vin mousseux Ice Edition  J.P. Chenet - 1.5L","p":14.55,"u":"9,70 €/L","img":"https://fd15-photos.leclercdrive.fr/image.ashx?id=2407559&use=l&cat=p&typeid=i","cat":284544},{"id":73778,"n":"Vin mousseux J.P. Chenet  Ice Edition rosé - 1.5L","p":14.55,"u":"9,70 €/L","img":"https://fd15-photos.leclercdrive.fr/image.ashx?id=2407568&use=l&cat=p&typeid=i","cat":284544},{"id":73781,"n":"Maïs doux Eco+ 285g","p":1.05,"u":"3,68 €/KG","img":"https://fd15-photos.leclercdrive.fr/image.ashx?id=3003738&use=l&cat=p&typeid=i","cat":312611},{"id":73783,"n":"Cocktail 4 fruits Eco+ Sirop léger - 500 g","p":2.68,"u":"5,36 €/KG","img":"https://fd15-photos.leclercdrive.fr/image.ashx?id=2783011&use=l&cat=p&typeid=i","cat":284507},{"id":73787,"n":"Sardines Eco+ Huile de tournesol - 3x125g","p":2.45,"u":"6,53 €/KG","img":"https://fd15-photos.leclercdrive.fr/image.ashx?id=2694070&use=l&cat=p&typeid=i","cat":305146},{"id":73791,"n":"Chips nature Eco+ 200g","p":1.56,"u":"7,80 €/KG","img":"https://fd15-photos.leclercdrive.fr/image.ashx?id=2943596&use=l&cat=p&typeid=i","cat":284447},{"id":73793,"n":"Goûters ronds Eco+ Fourrés chocolat - 500g","p":2.05,"u":"4,10 €/KG","img":"https://fd15-photos.leclercdrive.fr/image.ashx?id=2222751&use=l&cat=p&typeid=i","cat":284488},{"id":73797,"n":"Pâtes Eco+ Macaroni - 1kg","p":1.83,"u":"1,83 €/KG","img":"https://fd15-photos.leclercdrive.fr/image.ashx?id=2887395&use=l&cat=p&typeid=i","cat":284427},{"id":73798,"n":"Pâtes Eco+ Coquillettes - 1kg","p":1.83,"u":"1,83 €/KG","img":"https://fd15-photos.leclercdrive.fr/image.ashx?id=2885723&use=l&cat=p&typeid=i","cat":284427},{"id":73799,"n":"Pâtes Eco+ Torsades - 1kg","p":1.84,"u":"1,84 €/KG","img":"https://fd15-photos.leclercdrive.fr/image.ashx?id=2885726&use=l&cat=p&typeid=i","cat":284427},{"id":73800,"n":"Dosettes café Eco+ 100% arabica - x48 - 336g","p":7.89,"u":"23,48 €/KG","img":"https://fd15-photos.leclercdrive.fr/image.ashx?id=2711586&use=l&cat=p&typeid=i","cat":293238},{"id":73801,"n":"Dosettes café Eco+ 100% Robusta - x48 - 336g","p":5.48,"u":"16,31 €/KG","img":"https://fd15-photos.leclercdrive.fr/image.ashx?id=2800222&use=l&cat=p&typeid=i","cat":293238},{"id":73802,"n":"Riz soufflé Eco+ Au chocolat au lait - 750g","p":3.56,"u":"4,75 €/KG","img":"https://fd15-photos.leclercdrive.fr/image.ashx?id=2693096&use=l&cat=p&typeid=i","cat":309513},{"id":73803,"n":"Shampooing aux oeufs Eco+ 750ml","p":1.1,"u":"1,47 €/L","img":"https://fd15-photos.leclercdrive.fr/image.ashx?id=2779178&use=l&cat=p&typeid=i","cat":284606},{"id":73804,"n":"Lingettes démaquillantes Eco+ x25","p":1.05,"u":"0,04 €/P","img":"https://fd15-photos.leclercdrive.fr/image.ashx?id=2282156&use=l&cat=p&typeid=i","cat":284603},{"id":73805,"n":"Biscuit fourré cacao Eco+ x12 - 225g","p":1.75,"u":"7,78 €/KG","img":"https://fd15-photos.leclercdrive.fr/image.ashx?id=2834223&use=l&cat=p&typeid=i","cat":284488},{"id":73806,"n":"Eau de javel Eco+ 3x250ml","p":0.82,"u":"1,09 €/L","img":"https://fd15-photos.leclercdrive.fr/image.ashx?id=2949164&use=l&cat=p&typeid=i","cat":284661},{"id":73807,"n":"Carré coton bébé Eco+ x60","p":1.63,"u":"0,03 €/P","img":"https://fd15-photos.leclercdrive.fr/image.ashx?id=2771115&use=l&cat=p&typeid=i","cat":284739},{"id":74047,"n":"Parmentier de porc Eco+ 1kg","p":4.79,"u":"4,79 €/KG","img":"https://fd15-photos.leclercdrive.fr/image.ashx?id=2747604&use=l&cat=p&typeid=i","cat":284254},{"id":74048,"n":"Lasagnes à la bolognaise Eco + 1kg","p":3.35,"u":"3,35 €/KG","img":"https://fd15-photos.leclercdrive.fr/image.ashx?id=2779166&use=l&cat=p&typeid=i","cat":284254},{"id":74089,"n":"Batonnets Poissons panés Eco+ x15 - 450g","p":2.79,"u":"6,20 €/KG","img":"https://fd15-photos.leclercdrive.fr/image.ashx?id=2843565&use=l&cat=p&typeid=i","cat":319788},{"id":74090,"n":"Nectar Multifruits Eco+ Brique - 2L","p":2.59,"u":"1,30 €/L","img":"https://fd15-photos.leclercdrive.fr/image.ashx?id=2751853&use=l&cat=p&typeid=i","cat":284917},{"id":74091,"n":"Mozzarella Eco+ 18%mg - 125g","p":2.6,"u":"20,80 €/KG","img":"https://fd15-photos.leclercdrive.fr/image.ashx?id=2754868&use=l&cat=p&typeid=i","cat":314026},{"id":74093,"n":"Fromage Carré Eco+ 24%mg - 230g","p":2.65,"u":"11,52 €/KG","img":"https://fd15-photos.leclercdrive.fr/image.ashx?id=2442103&use=l&cat=p&typeid=i","cat":314033},{"id":74094,"n":"Paella Eco+ Sachet - 1kg","p":4.71,"u":"4,71 €/KG","img":"https://fd15-photos.leclercdrive.fr/image.ashx?id=2801771&use=l&cat=p&typeid=i","cat":284254},{"id":74101,"n":"Saucisson sec Eco+ 200g","p":2.2,"u":"11,00 €/KG","img":"https://fd15-photos.leclercdrive.fr/image.ashx?id=2859146&use=l&cat=p&typeid=i","cat":316006},{"id":74112,"n":"Pommes frites Eco+ 1kg","p":2.3,"u":"2,30 €/KG","img":"https://fd15-photos.leclercdrive.fr/image.ashx?id=2666545&use=l&cat=p&typeid=i","cat":319791},{"id":74115,"n":"Petit Brie Eco+ 32%mg - 500g","p":4.57,"u":"9,14 €/KG","img":"https://fd15-photos.leclercdrive.fr/image.ashx?id=2938403&use=l&cat=p&typeid=i","cat":314033},{"id":74116,"n":"Bière blonde de luxe 4% - 50cl","p":1.59,"u":"3,18 €/L","img":"https://fd15-photos.leclercdrive.fr/image.ashx?id=2955629&use=l&cat=p&typeid=i","cat":334853},{"id":74123,"n":"Citron jaune Rustica 200ml","p":1.31,"u":"6,55 €/L","img":"https://fd15-photos.leclercdrive.fr/image.ashx?id=2627652&use=l&cat=p&typeid=i","cat":288383},{"id":74124,"n":"Citron vert Rustica 200ml","p":1.75,"u":"8,75 €/L","img":"https://fd15-photos.leclercdrive.fr/image.ashx?id=2635768&use=l&cat=p&typeid=i","cat":288383},{"id":74133,"n":"Bâtonnets de Surimi Pêche Océan MSC - x18 bâtonnets - 300g","p":4.39,"u":"14,63 €/KG","img":"https://fd15-photos.leclercdrive.fr/image.ashx?id=2981894&use=l&cat=p&typeid=i","cat":285189},{"id":74157,"n":"Bâtonnet Savoureux Pêche Océan Ail et fines herbes x16 - 256g","p":5.69,"u":"22,23 €/KG","img":"https://fd15-photos.leclercdrive.fr/image.ashx?id=3012427&use=l&cat=p&typeid=i","cat":285189},{"id":74275,"n":"Les Emiettés Encornet Gastromer Légumes grillés - 150g","p":4.39,"u":"29,27 €/KG","img":"https://fd15-photos.leclercdrive.fr/image.ashx?id=1714020&use=l&cat=p&typeid=i","cat":285191},{"id":74284,"n":"Brocolis bio Bio Village 500g","p":4.99,"u":"9,98 €/KG","img":"https://fd15-photos.leclercdrive.fr/image.ashx?id=2960547&use=l&cat=p&typeid=i","cat":284352},{"id":74297,"n":"Tapenade verte Cruscana 150g","p":3.05,"u":"20,33 €/KG","img":"https://fd15-photos.leclercdrive.fr/image.ashx?id=2790627&use=l&cat=p&typeid=i","cat":315999},{"id":74298,"n":"Tapenade Tomate Aubergine Cruscana - 150g","p":2.95,"u":"19,67 €/KG","img":"https://fd15-photos.leclercdrive.fr/image.ashx?id=2790636&use=l&cat=p&typeid=i","cat":315999},{"id":74585,"n":"Tomme Pays Basque Istara  Fromage brebis et vache - 180g","p":3.99,"u":"22,17 €/KG","img":"https://fd15-photos.leclercdrive.fr/image.ashx?id=2848548&use=l&cat=p&typeid=i","cat":314031},{"id":74609,"n":"La Fermière Riz au lait Vanille  - 2x160g","p":3.59,"u":"22,44 €/KG","img":"https://fd15-photos.leclercdrive.fr/image.ashx?id=2389713&use=l&cat=p&typeid=i","cat":284418},{"id":74610,"n":"La Fermière Yaourt au lait entier Vanille - 2x140g","p":3.03,"u":"10,82 €/KG","img":"https://fd15-photos.leclercdrive.fr/image.ashx?id=3004924&use=l&cat=p&typeid=i","cat":286006},{"id":74656,"n":"Croquettes chien Purina One Medium adulte poulet riz  2.5kg","p":13.7,"u":"5,48 €/KG","img":"https://fd15-photos.leclercdrive.fr/image.ashx?id=2878384&use=l&cat=p&typeid=i","cat":284672},{"id":74857,"n":"Gateaux P'tit Déli Tout chocolat x7 - 210g","p":3.69,"u":"17,57 €/KG","img":"https://fd15-photos.leclercdrive.fr/image.ashx?id=1947372&use=l&cat=p&typeid=i","cat":294776},{"id":74860,"n":"Champignons Notre Jardin A la grecque - 400g","p":2.35,"u":"5,88 €/KG","img":"https://fd15-photos.leclercdrive.fr/image.ashx?id=2531101&use=l&cat=p&typeid=i","cat":312610},{"id":74999,"n":"Filet mignon de porc Ecrasé de pommes de terre 300g","p":4.99,"u":"16,63 €/KG","img":"https://fd15-photos.leclercdrive.fr/image.ashx?id=2962335&use=l&cat=p&typeid=i","cat":284953},{"id":75017,"n":"Maquereaux Pêche Océan Grillé nature - 97g","p":2.69,"u":"27,73 €/KG","img":"https://fd15-photos.leclercdrive.fr/image.ashx?id=2394681&use=l&cat=p&typeid=i","cat":303868},{"id":75213,"n":"Emmental 27%mg Entremont Entremont Dégustation 350g","p":6.05,"u":"17,29 €/KG","img":"https://fd15-photos.leclercdrive.fr/image.ashx?id=2983171&use=l&cat=p&typeid=i","cat":314034},{"id":75337,"n":"Café en grains Méo L'original Bio - 500g","p":12.77,"u":"25,54 €/KG","img":"https://fd15-photos.leclercdrive.fr/image.ashx?id=2798533&use=l&cat=p&typeid=i","cat":293237},{"id":75338,"n":"Sachets Infusion bio Clipper Mes belles gambettes - 40g","p":4.45,"u":"111,25 €/KG","img":"https://fd15-photos.leclercdrive.fr/image.ashx?id=2908300&use=l&cat=p&typeid=i","cat":293234},{"id":75347,"n":"Palets bretons P'tit Déli 4x125g","p":5.6,"u":"11,20 €/KG","img":"https://fd15-photos.leclercdrive.fr/image.ashx?id=1300428&use=l&cat=p&typeid=i","cat":284487},{"id":75381,"n":"Torsades Bjorg Blé épeautre Bio - 500g","p":3.99,"u":"7,98 €/KG","img":"https://fd15-photos.leclercdrive.fr/image.ashx?id=2061906&use=l&cat=p&typeid=i","cat":284427},{"id":75421,"n":"Avoine cuisiné bio Bjorg 200ml","p":2.3,"u":"11,50 €/L","img":"https://fd15-photos.leclercdrive.fr/image.ashx?id=2757292&use=l&cat=p&typeid=i","cat":288383},{"id":75426,"n":"Tofu fumé bio Bjorg - 2x100g","p":7.05,"u":"35,25 €/KG","img":"https://fd15-photos.leclercdrive.fr/image.ashx?id=2928531&use=l&cat=p&typeid=i","cat":284953},{"id":75475,"n":"Biscuits Oréo Format familial 440g","p":4.99,"u":"11,34 €/KG","img":"https://fd15-photos.leclercdrive.fr/image.ashx?id=2903827&use=l&cat=p&typeid=i","cat":284488},{"id":75514,"n":"Biscuits Prince Lu Chocolat - 4x300g","p":9.98,"u":"8,32 €/KG","img":"https://fd15-photos.leclercdrive.fr/image.ashx?id=2339132&use=l&cat=p&typeid=i","cat":284488},{"id":75516,"n":"Café moulu San Marco n°7 - 3x250g","p":17.95,"u":"23,93 €/KG","img":"https://fd15-photos.leclercdrive.fr/image.ashx?id=2732608&use=l&cat=p&typeid=i","cat":284750},{"id":75539,"n":"Saucisse cockail Tradilege Bacon - 300g","p":4.77,"u":"15,90 €/KG","img":"https://fd15-photos.leclercdrive.fr/image.ashx?id=2930784&use=l&cat=p&typeid=i","cat":316012},{"id":75587,"n":"Oignon jaune bio Bio village 1kg","p":4.85,"u":"4,85 €/KG","img":"https://fd15-photos.leclercdrive.fr/image.ashx?id=2922451&use=l&cat=p&typeid=i","cat":284352},{"id":75593,"n":"Ail blanc bio Bio Village 250g","p":5.59,"u":"22,36 €/KG","img":"https://fd15-photos.leclercdrive.fr/image.ashx?id=2922457&use=l&cat=p&typeid=i","cat":284352},{"id":75603,"n":"Effilés poissons Plénina Chat adulte - 4x85g","p":3.39,"u":"9,97 €/KG","img":"https://fd15-photos.leclercdrive.fr/image.ashx?id=2361119&use=l&cat=p&typeid=i","cat":285286},{"id":75604,"n":"Effilés viandes Plénima  Chat adulte - 4x85g","p":3.49,"u":"10,26 €/KG","img":"https://fd15-photos.leclercdrive.fr/image.ashx?id=2361122&use=l&cat=p&typeid=i","cat":285286},{"id":75605,"n":"Effilés chat adulte Plénima Viandes, Poissons - 12x85g","p":8.69,"u":"8,52 €/KG","img":"https://fd15-photos.leclercdrive.fr/image.ashx?id=2361125&use=l&cat=p&typeid=i","cat":285286},{"id":75984,"n":"Crevettes Bio Bio Village 100g","p":7.29,"u":"72,90 €/KG","img":"https://fd15-photos.leclercdrive.fr/image.ashx?id=2953296&use=l&cat=p&typeid=i","cat":284343},{"id":76008,"n":"Chocolat au lait Lindt Création La Crème brûlée - 150g","p":4.25,"u":"28,33 €/KG","img":"https://fd15-photos.leclercdrive.fr/image.ashx?id=2685802&use=l&cat=p&typeid=i","cat":284497},{"id":76015,"n":"Biscuit Speculoos Lotus Biscoff Original - 250g (2x125g)","p":2.4,"u":"9,60 €/KG","img":"https://fd15-photos.leclercdrive.fr/image.ashx?id=2854735&use=l&cat=p&typeid=i","cat":284487},{"id":76018,"n":"Biscuit spéculoos Lotus  Biscoff Original 140g","p":1.46,"u":"10,43 €/KG","img":"https://fd15-photos.leclercdrive.fr/image.ashx?id=2696079&use=l&cat=p&typeid=i","cat":284487},{"id":76025,"n":"Cookies chocolat Eco+ Pépites de chocolat - 200g","p":1.65,"u":"8,25 €/KG","img":"https://fd15-photos.leclercdrive.fr/image.ashx?id=2821872&use=l&cat=p&typeid=i","cat":325066},{"id":76026,"n":"Biscuit tablette Eco+ Chocolat noir - 150g","p":1.69,"u":"11,27 €/KG","img":"https://fd15-photos.leclercdrive.fr/image.ashx?id=2698135&use=l&cat=p&typeid=i","cat":284488},{"id":76113,"n":"Fromage de Chèvre rapé  Les Croisés -  150g","p":2.8,"u":"18,67 €/KG","img":"https://fd15-photos.leclercdrive.fr/image.ashx?id=2897799&use=l&cat=p&typeid=i","cat":314035},{"id":76119,"n":"Secret de mousse La Laitière Chocolat au lait - 4x59g","p":2.6,"u":"11,02 €/KG","img":"https://fd15-photos.leclercdrive.fr/image.ashx?id=2729740&use=l&cat=p&typeid=i","cat":284417},{"id":76120,"n":"Secret de mousse la Laitière Chocolat noir - 4x59g","p":2.28,"u":"9,66 €/KG","img":"https://fd15-photos.leclercdrive.fr/image.ashx?id=2616835&use=l&cat=p&typeid=i","cat":284417},{"id":76130,"n":"Hachis parmentier Marie 600g","p":5.53,"u":"9,22 €/KG","img":"https://fd15-photos.leclercdrive.fr/image.ashx?id=2993388&use=l&cat=p&typeid=i","cat":284254},{"id":76132,"n":"Lasagnes à la bolognaise Marie 600g","p":4.46,"u":"7,43 €/KG","img":"https://fd15-photos.leclercdrive.fr/image.ashx?id=2993391&use=l&cat=p&typeid=i","cat":284254},{"id":76211,"n":"L'ours d'or Haribo Sachet bonbons - 300g","p":2.45,"u":"8,17 €/KG","img":"https://fd15-photos.leclercdrive.fr/image.ashx?id=2805201&use=l&cat=p&typeid=i","cat":304250},{"id":76212,"n":"Tutti Candi Haribo Sachet bonbons - 250g","p":2.99,"u":"11,96 €/KG","img":"https://fd15-photos.leclercdrive.fr/image.ashx?id=2984910&use=l&cat=p&typeid=i","cat":304250},{"id":76214,"n":"Chamallows Choco Haribo Sachet bonbons guimauve - 160g","p":4.59,"u":"28,69 €/KG","img":"https://fd15-photos.leclercdrive.fr/image.ashx?id=2984919&use=l&cat=p&typeid=i","cat":304250},{"id":76219,"n":"Cannelloni Côté Table 800g","p":4.99,"u":"6,24 €/KG","img":"https://fd15-photos.leclercdrive.fr/image.ashx?id=2977897&use=l&cat=p&typeid=i","cat":284442},{"id":76220,"n":"Raviolis Côté Table Aux 6 légumes - 800g","p":3.39,"u":"4,24 €/KG","img":"https://fd15-photos.leclercdrive.fr/image.ashx?id=2977903&use=l&cat=p&typeid=i","cat":284442},{"id":76221,"n":"Pur jus Bio Village Bio Citron Sicile - 25cl","p":2.09,"u":"8,36 €/L","img":"https://fd15-photos.leclercdrive.fr/image.ashx?id=3010446&use=l&cat=p&typeid=i","cat":288383},{"id":76226,"n":"Tartiflette Côté Table 800g","p":3.59,"u":"4,49 €/KG","img":"https://fd15-photos.leclercdrive.fr/image.ashx?id=2977879&use=l&cat=p&typeid=i","cat":284441},{"id":76272,"n":"Lasagnes bolognaises Côté Table Viande de boeuf français - 600g","p":4.25,"u":"7,08 €/KG","img":"https://fd15-photos.leclercdrive.fr/image.ashx?id=2597324&use=l&cat=p&typeid=i","cat":284254},{"id":76321,"n":"Assortiment crackers Tokapi 4x85g","p":4.99,"u":"14,68 €/KG","img":"https://fd15-photos.leclercdrive.fr/image.ashx?id=2710840&use=l&cat=p&typeid=i","cat":297000},{"id":76397,"n":"Tablette chocolat au lait Lindt Noisettes 34% - 150g","p":5.7,"u":"38,00 €/KG","img":"https://fd15-photos.leclercdrive.fr/image.ashx?id=1877960&use=l&cat=p&typeid=i","cat":284497},{"id":76403,"n":"Tablette Chocolat Blanc Crunch 2x100g","p":3.45,"u":"17,25 €/KG","img":"https://fd15-photos.leclercdrive.fr/image.ashx?id=2899734&use=l&cat=p&typeid=i","cat":284957},{"id":76487,"n":"Plaisir aux Noix  Lenôtre - 410g","p":13.59,"u":"33,15 €/KG","img":"https://fd15-photos.leclercdrive.fr/image.ashx?id=2807750&use=l&cat=p&typeid=i","cat":284267},{"id":76501,"n":"Chips Tortilla Old El Paso Nachips - 185g","p":3.85,"u":"20,81 €/KG","img":"https://fd15-photos.leclercdrive.fr/image.ashx?id=2444519&use=l&cat=p&typeid=i","cat":288993},{"id":76604,"n":"Nem au Poulet 4x65g","p":4.23,"u":"16,27 €/KG","img":"https://fd15-photos.leclercdrive.fr/image.ashx?id=2870548&use=l&cat=p&typeid=i","cat":333673},{"id":76731,"n":"Sachet mini burger Trolli 100g","p":2.69,"u":"26,90 €/KG","img":"https://fd15-photos.leclercdrive.fr/image.ashx?id=2651179&use=l&cat=p&typeid=i","cat":304250},{"id":76761,"n":"AOC Sainte-Croix du Mont Blanc Château La Grave - 75cl","p":10.55,"u":"14,07 €/L","img":"https://fd15-photos.leclercdrive.fr/image.ashx?id=2923831&use=l&cat=p&typeid=i","cat":289557},{"id":76802,"n":"Biscuits cacao Kinder Cards Au lait et au cacao x5 - 128g","p":3.95,"u":"30,86 €/KG","img":"https://fd15-photos.leclercdrive.fr/image.ashx?id=2673328&use=l&cat=p&typeid=i","cat":284488},{"id":76859,"n":"Pâté de boeuf pour chat Eco+ Barquette - 100g","p":0.4,"u":"4,00 €/KG","img":"https://fd15-photos.leclercdrive.fr/image.ashx?id=2052724&use=l&cat=p&typeid=i","cat":285286},{"id":76861,"n":"Pâté au poisson pour chat Eco+ Barquette - 100g","p":0.39,"u":"3,90 €/KG","img":"https://fd15-photos.leclercdrive.fr/image.ashx?id=2052742&use=l&cat=p&typeid=i","cat":285286},{"id":76862,"n":"Snacks chats Plénima Viande - 50g","p":2.05,"u":"41,00 €/KG","img":"https://fd15-photos.leclercdrive.fr/image.ashx?id=2858995&use=l&cat=p&typeid=i","cat":285285},{"id":76863,"n":"Snacks chats Plénima Poisson - 50g","p":2.19,"u":"43,80 €/KG","img":"https://fd15-photos.leclercdrive.fr/image.ashx?id=2858998&use=l&cat=p&typeid=i","cat":285285},{"id":76864,"n":"Gelée Bonne Maman Mûres - 370g","p":5.3,"u":"14,32 €/KG","img":"https://fd15-photos.leclercdrive.fr/image.ashx?id=2476305&use=l&cat=p&typeid=i","cat":284480},{"id":76875,"n":"Confiture Bonne Maman Fraise intense - 335g","p":3.89,"u":"11,61 €/KG","img":"https://fd15-photos.leclercdrive.fr/image.ashx?id=2341008&use=l&cat=p&typeid=i","cat":284480},{"id":76876,"n":"Confiture Bonne Maman Abricot intense - 335g","p":4.19,"u":"12,51 €/KG","img":"https://fd15-photos.leclercdrive.fr/image.ashx?id=2341011&use=l&cat=p&typeid=i","cat":284480},{"id":76877,"n":"Confiture Bonne Maman Framboise intense - 335g","p":6.1,"u":"18,21 €/KG","img":"https://fd15-photos.leclercdrive.fr/image.ashx?id=2341017&use=l&cat=p&typeid=i","cat":284480},{"id":76878,"n":"Confiture Bonne Maman Fruits rouges intense - 335g","p":2.99,"u":"8,93 €/KG","img":"https://fd15-photos.leclercdrive.fr/image.ashx?id=2900977&use=l&cat=p&typeid=i","cat":284480},{"id":76880,"n":"Confiture Bonne Maman Myrtille intense - 335g","p":6.5,"u":"19,40 €/KG","img":"https://fd15-photos.leclercdrive.fr/image.ashx?id=2341020&use=l&cat=p&typeid=i","cat":284480},{"id":76882,"n":"Sachet chat stérilisé Perfect Fit poulet boeuf sauce - 4x85g","p":3.85,"u":"11,32 €/KG","img":"https://fd15-photos.leclercdrive.fr/image.ashx?id=2759721&use=l&cat=p&typeid=i","cat":285286},{"id":76883,"n":"Sachet chat stérilisé Perfect Fit poissons sauce - 4x85g","p":3.85,"u":"11,32 €/KG","img":"https://fd15-photos.leclercdrive.fr/image.ashx?id=2759724&use=l&cat=p&typeid=i","cat":285286},{"id":76886,"n":"Sachet chat stérilisé Perfect  Fit poulet saumon sauce - 4x85g","p":3.85,"u":"11,32 €/KG","img":"https://fd15-photos.leclercdrive.fr/image.ashx?id=2759727&use=l&cat=p&typeid=i","cat":285286},{"id":76887,"n":"Friandises chien Pedigree  Récompense poulet canard - 130g","p":2.75,"u":"21,15 €/KG","img":"https://fd15-photos.leclercdrive.fr/image.ashx?id=2985555&use=l&cat=p&typeid=i","cat":294527},{"id":76888,"n":"Compotes Pom'Potes Gourdes  Multivariétés - 12x90g","p":7.75,"u":"7,18 €/KG","img":"https://fd15-photos.leclercdrive.fr/image.ashx?id=2986143&use=l&cat=p&typeid=i","cat":284508},{"id":76889,"n":"Compotes Pom'Potes Gourdes  Pomme Nature - 20x90g","p":18.45,"u":"10,25 €/KG","img":"https://fd15-photos.leclercdrive.fr/image.ashx?id=2889220&use=l&cat=p&typeid=i","cat":284508},{"id":76895,"n":"Lait croissance Bio Guigoz En poudre - dès 12 mois - 800g","p":19.05,"u":"23,81 €/KG","img":"https://fd15-photos.leclercdrive.fr/image.ashx?id=2740289&use=l&cat=p&typeid=i","cat":290219},{"id":76999,"n":"Vinaigre de vin rouge Maille 50cl","p":3.45,"u":"6,90 €/L","img":"https://fd15-photos.leclercdrive.fr/image.ashx?id=2812747&use=l&cat=p&typeid=i","cat":298543},{"id":77008,"n":"Petits pains grillés Epi d'Or Briochés - 225g","p":1.9,"u":"8,44 €/KG","img":"https://fd15-photos.leclercdrive.fr/image.ashx?id=2496416&use=l&cat=p&typeid=i","cat":284479},{"id":77010,"n":"Lait concentré sucré Nestlé 8% MG - 397g","p":2.27,"u":"5,72 €/KG","img":"https://fd15-photos.leclercdrive.fr/image.ashx?id=2906832&use=l&cat=p&typeid=i","cat":299162},{"id":77017,"n":"Vinaigrette Maille Huile sésame/soja - 36cl","p":4.82,"u":"13,39 €/L","img":"https://fd15-photos.leclercdrive.fr/image.ashx?id=2985657&use=l&cat=p&typeid=i","cat":284456},{"id":77289,"n":"Friandises chats  Félix Poulet, foie, dinde  - 200g","p":5.2,"u":"26,00 €/KG","img":"https://fd15-photos.leclercdrive.fr/image.ashx?id=2740859&use=l&cat=p&typeid=i","cat":285285},{"id":77359,"n":"Ravioli pur boeuf Côté Table Sauce italienne - 800g","p":3.49,"u":"4,36 €/KG","img":"https://fd15-photos.leclercdrive.fr/image.ashx?id=3015635&use=l&cat=p&typeid=i","cat":284442},{"id":77360,"n":"Ravioli bolognaise Côté Table 800g","p":4.5,"u":"5,63 €/KG","img":"https://fd15-photos.leclercdrive.fr/image.ashx?id=3015099&use=l&cat=p&typeid=i","cat":284442},{"id":77382,"n":"Filets maqueraux Pêche Océan Vin blanc citron romarin - 176g","p":1.79,"u":"10,17 €/KG","img":"https://fd15-photos.leclercdrive.fr/image.ashx?id=2436681&use=l&cat=p&typeid=i","cat":303868},{"id":77465,"n":"Fromages râpé spécial Pizza Les Croisés familial - 350g","p":4.52,"u":"12,91 €/KG","img":"https://fd15-photos.leclercdrive.fr/image.ashx?id=2942795&use=l&cat=p&typeid=i","cat":314035},{"id":77503,"n":"Kit pour Burritos Old El Paso Original - 510g","p":7.2,"u":"14,12 €/KG","img":"https://fd15-photos.leclercdrive.fr/image.ashx?id=2759511&use=l&cat=p&typeid=i","cat":288993},{"id":77504,"n":"Kit pour Fajitas Old El Paso Original - 500g","p":7.84,"u":"15,68 €/KG","img":"https://fd15-photos.leclercdrive.fr/image.ashx?id=2759709&use=l&cat=p&typeid=i","cat":288993},{"id":77506,"n":"Kit pour Fajitas Old El Paso Sans piment - 478g","p":8.07,"u":"16,88 €/KG","img":"https://fd15-photos.leclercdrive.fr/image.ashx?id=2759712&use=l&cat=p&typeid=i","cat":288993},{"id":77563,"n":"Blanc de poulet Fleury Michon fumé x6 - 180g","p":3.95,"u":"21,94 €/KG","img":"https://fd15-photos.leclercdrive.fr/image.ashx?id=2984886&use=l&cat=p&typeid=i","cat":316010},{"id":77681,"n":"Amandes décortiquées Vahiné 125g","p":4.8,"u":"38,40 €/KG","img":"https://fd15-photos.leclercdrive.fr/image.ashx?id=2559805&use=l&cat=p&typeid=i","cat":284504},{"id":77683,"n":"Gousses vanille Vahiné x2","p":7.2,"u":"3,60 €/P","img":"https://fd15-photos.leclercdrive.fr/image.ashx?id=2524317&use=l&cat=p&typeid=i","cat":284504},{"id":77696,"n":"Yaourt brassé myrtille Soignon Au lait de chèvre - 4x125g","p":4.15,"u":"8,30 €/KG","img":"https://fd15-photos.leclercdrive.fr/image.ashx?id=2518259&use=l&cat=p&typeid=i","cat":314998},{"id":77700,"n":"Yaourt bifidus lait de chèvre Soignon - nature - 4x110g","p":3.29,"u":"7,48 €/KG","img":"https://fd15-photos.leclercdrive.fr/image.ashx?id=2518268&use=l&cat=p&typeid=i","cat":314998},{"id":77701,"n":"LE NATURE AU LAIT DE BREBIS 4x110g SOIGNON","p":4.25,"u":"9,66 €/KG","img":"https://fd15-photos.leclercdrive.fr/image.ashx?id=2948111&use=l&cat=p&typeid=i","cat":314998},{"id":77703,"n":"BRASSE AU LAIT DE BREBIS ABRICOT  4x110g SOIGNON","p":4.25,"u":"9,66 €/KG","img":"https://fd15-photos.leclercdrive.fr/image.ashx?id=2948117&use=l&cat=p&typeid=i","cat":314998},{"id":77704,"n":"BRASSE AU LAIT DE BREBIS CITRON 4x110g SOIGNON","p":4.25,"u":"9,66 €/KG","img":"https://fd15-photos.leclercdrive.fr/image.ashx?id=2948120&use=l&cat=p&typeid=i","cat":314998},{"id":77705,"n":"BRASSE AU LAIT DE BREBIS MÛRE-FRAMBOISE 4x110g SOIGNON","p":4.25,"u":"9,66 €/KG","img":"https://fd15-photos.leclercdrive.fr/image.ashx?id=2948123&use=l&cat=p&typeid=i","cat":314998},{"id":77727,"n":"Pain Bagel La Boulangère x2 - 180g","p":2.09,"u":"11,61 €/KG","img":"https://fd15-photos.leclercdrive.fr/image.ashx?id=2333959&use=l&cat=p&typeid=i","cat":284985},{"id":77735,"n":"IGP Vinaigrette à l'orange Maille 36cl","p":4.99,"u":"13,86 €/L","img":"https://fd15-photos.leclercdrive.fr/image.ashx?id=2082855&use=l&cat=p&typeid=i","cat":284456},{"id":77739,"n":"Crème sans rinçage Elsève Cheveu Abimé, Cassant - 200ml","p":6.25,"u":"31,25 €/L","img":"https://fd15-photos.leclercdrive.fr/image.ashx?id=2948980&use=l&cat=p&typeid=i","cat":284608},{"id":77745,"n":"Sauce Gourmet Amora Béarnaise - 184g","p":3.15,"u":"17,12 €/KG","img":"https://fd15-photos.leclercdrive.fr/image.ashx?id=2387876&use=l&cat=p&typeid=i","cat":318430},{"id":77746,"n":"Sauce Gourmet Amora Burger - 188g","p":3.15,"u":"16,76 €/KG","img":"https://fd15-photos.leclercdrive.fr/image.ashx?id=2387879&use=l&cat=p&typeid=i","cat":318430},{"id":77755,"n":"Vinaigrette Légère MAILLE Vin Rouge & Echalotes - 36cl","p":5.59,"u":"15,53 €/L","img":"https://fd15-photos.leclercdrive.fr/image.ashx?id=2788154&use=l&cat=p&typeid=i","cat":284456},{"id":77877,"n":"Fromage Holland Master  Gouda Vieux AOP - 200g","p":4.27,"u":"21,35 €/KG","img":"https://fd15-photos.leclercdrive.fr/image.ashx?id=1975748&use=l&cat=p&typeid=i","cat":314034},{"id":77890,"n":"Cake fourré fraise  Sans Gluten - x6 - 210g","p":4.45,"u":"21,19 €/KG","img":"https://fd15-photos.leclercdrive.fr/image.ashx?id=2568828&use=l&cat=p&typeid=i","cat":318654},{"id":77901,"n":"Tzatziki Bio l'Atelier Blini Extra - 160g","p":4.8,"u":"30,00 €/KG","img":"https://fd15-photos.leclercdrive.fr/image.ashx?id=2297081&use=l&cat=p&typeid=i","cat":315999},{"id":77919,"n":"Dentifrice Email Diamant Blancheur absolue tube - 75ml","p":4.9,"u":"65,33 €/L","img":"https://fd15-photos.leclercdrive.fr/image.ashx?id=1781300&use=l&cat=p&typeid=i","cat":284612},{"id":77946,"n":"Soin visage L'Oréal Paris Revitalift anti-âge - 50ml","p":25.35,"u":"507,00 €/L","img":"https://fd15-photos.leclercdrive.fr/image.ashx?id=2867527&use=l&cat=p&typeid=i","cat":325345},{"id":77950,"n":"Yaourt Délisse Déli'max Fraise banane - 850g","p":2.55,"u":"3,00 €/KG","img":"https://fd15-photos.leclercdrive.fr/image.ashx?id=2775893&use=l&cat=p&typeid=i","cat":284415},{"id":77970,"n":"Emiettés de rouget Gastromer A la provençale - 150g","p":3.79,"u":"25,27 €/KG","img":"https://fd15-photos.leclercdrive.fr/image.ashx?id=1605680&use=l&cat=p&typeid=i","cat":285191},{"id":77976,"n":"Beurre Grand Fermage Doux - 82% MG - 250g","p":2.82,"u":"11,28 €/KG","img":"https://fd15-photos.leclercdrive.fr/image.ashx?id=2985207&use=l&cat=p&typeid=i","cat":284379},{"id":77980,"n":"Parmigiano Reg AOP Casa Azzurra Copeaux - 80g","p":3.49,"u":"43,63 €/KG","img":"https://fd15-photos.leclercdrive.fr/image.ashx?id=2261954&use=l&cat=p&typeid=i","cat":314035},{"id":78005,"n":"Feta AOP Casa Azzurra Portion - 150g","p":3.99,"u":"26,60 €/KG","img":"https://fd15-photos.leclercdrive.fr/image.ashx?id=1620610&use=l&cat=p&typeid=i","cat":314026},{"id":78057,"n":"Pain de mie nature Sans gluten - 300g","p":4.99,"u":"16,63 €/KG","img":"https://fd15-photos.leclercdrive.fr/image.ashx?id=2710828&use=l&cat=p&typeid=i","cat":284477},{"id":78075,"n":"Café moulu L'Or Intense 100% Arabica - 250g","p":8.79,"u":"35,16 €/KG","img":"https://fd15-photos.leclercdrive.fr/image.ashx?id=2289927&use=l&cat=p&typeid=i","cat":284750},{"id":78078,"n":"Café moulu San Marco n°7 - 250g","p":7.3,"u":"29,20 €/KG","img":"https://fd15-photos.leclercdrive.fr/image.ashx?id=2322169&use=l&cat=p&typeid=i","cat":284750},{"id":78083,"n":"Capsules café L'Or Espresso Lungo Profondo N°8 x10","p":5.69,"u":"109,42 €/KG","img":"https://fd15-photos.leclercdrive.fr/image.ashx?id=2100281&use=l&cat=p&typeid=i","cat":284749},{"id":78084,"n":"Café moulu Carte Noire Décaféiné - 2x250g","p":16.69,"u":"33,38 €/KG","img":"https://fd15-photos.leclercdrive.fr/image.ashx?id=1624998&use=l&cat=p&typeid=i","cat":284750},{"id":78085,"n":"Café capsules L'OR Espresso Splendente n°7 - x20 - 104g","p":10.49,"u":"100,87 €/KG","img":"https://fd15-photos.leclercdrive.fr/image.ashx?id=2230193&use=l&cat=p&typeid=i","cat":284749},{"id":78086,"n":"Café capsules L'OR Espresso Supremo n°10 - x20 - 104g","p":10.49,"u":"100,87 €/KG","img":"https://fd15-photos.leclercdrive.fr/image.ashx?id=2399324&use=l&cat=p&typeid=i","cat":284749},{"id":78098,"n":"Sauce Épicée TABASCO Piment Rouge - 60ml","p":3.65,"u":"60,83 €/L","img":"https://fd15-photos.leclercdrive.fr/image.ashx?id=2961317&use=l&cat=p&typeid=i","cat":298298},{"id":78104,"n":"Café capsules L'OR Espresso Ristretto N°11 - x20 - 104g","p":10.49,"u":"100,87 €/KG","img":"https://fd15-photos.leclercdrive.fr/image.ashx?id=2230741&use=l&cat=p&typeid=i","cat":284749},{"id":78105,"n":"Capsules café L'Or Espresso Splendente N°7 x10","p":5.69,"u":"109,42 €/KG","img":"https://fd15-photos.leclercdrive.fr/image.ashx?id=3000465&use=l&cat=p&typeid=i","cat":284749},{"id":78106,"n":"Capsules café L'Or Espresso Supremo N°10 x10","p":5.69,"u":"109,42 €/KG","img":"https://fd15-photos.leclercdrive.fr/image.ashx?id=2393756&use=l&cat=p&typeid=i","cat":284749},{"id":78107,"n":"Capsules café L'Or Espresso Decaffeinato N°6 x10","p":5.69,"u":"109,42 €/KG","img":"https://fd15-photos.leclercdrive.fr/image.ashx?id=2100275&use=l&cat=p&typeid=i","cat":284749},{"id":78108,"n":"Capsules café L'Or Espresso Or Absolu N°9 x10","p":5.69,"u":"109,42 €/KG","img":"https://fd15-photos.leclercdrive.fr/image.ashx?id=2100287&use=l&cat=p&typeid=i","cat":284749},{"id":78131,"n":"Penne Chaque Jour  Sans gluten - 400g","p":1.89,"u":"4,73 €/KG","img":"https://fd15-photos.leclercdrive.fr/image.ashx?id=2866247&use=l&cat=p&typeid=i","cat":284427},{"id":78137,"n":"Coquillettes Chaque Jour  Sans gluten - 400g","p":2.23,"u":"5,58 €/KG","img":"https://fd15-photos.leclercdrive.fr/image.ashx?id=2872715&use=l&cat=p&typeid=i","cat":284427},{"id":78138,"n":"Sablé de Retz Saint Michel Oter Bahlsen - 2x120g","p":2.24,"u":"9,33 €/KG","img":"https://fd15-photos.leclercdrive.fr/image.ashx?id=2935684&use=l&cat=p&typeid=i","cat":284487},{"id":78140,"n":"Tagliatelles Chaque Jour  Sans gluten - 250g","p":2.85,"u":"11,40 €/KG","img":"https://fd15-photos.leclercdrive.fr/image.ashx?id=2478495&use=l&cat=p&typeid=i","cat":284427},{"id":78150,"n":"Biscuits aux amandes Kambly Tradition Suisse Rocher - 80g","p":3.84,"u":"48,00 €/KG","img":"https://fd15-photos.leclercdrive.fr/image.ashx?id=2883747&use=l&cat=p&typeid=i","cat":284487},{"id":78154,"n":"Fusilli Chaque Jour  Sans gluten - 400g","p":2.06,"u":"5,15 €/KG","img":"https://fd15-photos.leclercdrive.fr/image.ashx?id=2885774&use=l&cat=p&typeid=i","cat":284427},{"id":78158,"n":"Biscuits Palmier Saint Michel 100g","p":2.88,"u":"28,80 €/KG","img":"https://fd15-photos.leclercdrive.fr/image.ashx?id=2936185&use=l&cat=p&typeid=i","cat":284487},{"id":78159,"n":"Barres céréales chocolat Chaque jour sans gluten - 132g","p":5.29,"u":"40,08 €/KG","img":"https://fd15-photos.leclercdrive.fr/image.ashx?id=2764395&use=l&cat=p&typeid=i","cat":318654},{"id":78160,"n":"Petits cookies Bonne Maman Pépites de chocolat - 250g","p":3.61,"u":"14,44 €/KG","img":"https://fd15-photos.leclercdrive.fr/image.ashx?id=2936170&use=l&cat=p&typeid=i","cat":325066},{"id":78162,"n":"Fondant chocolat Chaque jour sans Gluten - 500g","p":4.5,"u":"9,00 €/KG","img":"https://fd15-photos.leclercdrive.fr/image.ashx?id=2656457&use=l&cat=p&typeid=i","cat":318654},{"id":78176,"n":"Mini cônes Extrême Vanille Chocolat x8 - 312g","p":5.59,"u":"17,92 €/KG","img":"https://fd15-photos.leclercdrive.fr/image.ashx?id=2737030&use=l&cat=p&typeid=i","cat":284264},{"id":78192,"n":"Pizza extrème Marie L'américaine - 530g","p":7.9,"u":"14,91 €/KG","img":"https://fd15-photos.leclercdrive.fr/image.ashx?id=2996767&use=l&cat=p&typeid=i","cat":284256},{"id":78204,"n":"Biscuits Palmito LU 100g","p":1.64,"u":"16,40 €/KG","img":"https://fd15-photos.leclercdrive.fr/image.ashx?id=3001949&use=l&cat=p&typeid=i","cat":284487},{"id":78210,"n":"Biscuits Nutella B-ready 6x22g","p":3.05,"u":"23,11 €/KG","img":"https://fd15-photos.leclercdrive.fr/image.ashx?id=2770602&use=l&cat=p&typeid=i","cat":284488},{"id":78212,"n":"Biscuits Mini Prince Fourré chocolat - 160g","p":3.05,"u":"19,06 €/KG","img":"https://fd15-photos.leclercdrive.fr/image.ashx?id=1864026&use=l&cat=p&typeid=i","cat":284488},{"id":78214,"n":"Cookies mini Granola Pépites de chocolat - 160g","p":3.05,"u":"19,06 €/KG","img":"https://fd15-photos.leclercdrive.fr/image.ashx?id=3002252&use=l&cat=p&typeid=i","cat":325066},{"id":78223,"n":"Crevettes Nordiques Balthor Décortiquées - 90g","p":7.3,"u":"81,11 €/KG","img":"https://fd15-photos.leclercdrive.fr/image.ashx?id=2105143&use=l&cat=p&typeid=i","cat":305147},{"id":78279,"n":"Pommes de terre Pom Bistro Paysannes au Beurre - 500 g","p":3.7,"u":"7,40 €/KG","img":"https://fd15-photos.leclercdrive.fr/image.ashx?id=2866427&use=l&cat=p&typeid=i","cat":319792},{"id":78413,"n":"Betterave entière Allaire Epluchée - Label rouge - 500g","p":1.39,"u":"2,78 €/KG","img":"https://fd15-photos.leclercdrive.fr/image.ashx?id=1613838&use=l&cat=p&typeid=i","cat":284352},{"id":78430,"n":"Coquilles St Jacques  à la bretonne - 2x110g","p":8.69,"u":"39,50 €/KG","img":"https://fd15-photos.leclercdrive.fr/image.ashx?id=2604620&use=l&cat=p&typeid=i","cat":319775},{"id":78454,"n":"Biscuits petit déjeuner Belvita Chocolat - 600g","p":6.65,"u":"11,08 €/KG","img":"https://fd15-photos.leclercdrive.fr/image.ashx?id=2345484&use=l&cat=p&typeid=i","cat":284491},{"id":78544,"n":"Ravioli pur boeuf Côté Table  400g","p":2.29,"u":"5,73 €/KG","img":"https://fd15-photos.leclercdrive.fr/image.ashx?id=3015641&use=l&cat=p&typeid=i","cat":284442},{"id":78546,"n":"Ravioli bolognaise Côté Table 400g","p":2.35,"u":"5,88 €/KG","img":"https://fd15-photos.leclercdrive.fr/image.ashx?id=3015632&use=l&cat=p&typeid=i","cat":284442},{"id":78574,"n":"Biscuits Choc'land Magie BN Chocolat au lait - 150g","p":3.5,"u":"23,33 €/KG","img":"https://fd15-photos.leclercdrive.fr/image.ashx?id=1739699&use=l&cat=p&typeid=i","cat":284488},{"id":78577,"n":"Gaufrettes Brun  Chocolat - 146g","p":1.45,"u":"9,93 €/KG","img":"https://fd15-photos.leclercdrive.fr/image.ashx?id=2842543&use=l&cat=p&typeid=i","cat":284487},{"id":78580,"n":"Gaufrettes Brun  Vanille - 146g","p":1.55,"u":"10,62 €/KG","img":"https://fd15-photos.leclercdrive.fr/image.ashx?id=2354320&use=l&cat=p&typeid=i","cat":284487},{"id":78618,"n":"Assiettes en carton Eco+ x100","p":9.9,"img":"https://fd15-photos.leclercdrive.fr/image.ashx?id=1307672&use=l&cat=p&typeid=i","cat":334134},{"id":78642,"n":"Nappe damassée Homeside Turquoise - 7m","p":4.9,"img":"https://fd15-photos.leclercdrive.fr/image.ashx?id=2713581&use=l&cat=p&typeid=i","cat":334134},{"id":78646,"n":"Ensemble de douche Eco+ 1 jet + flex + B","p":11.03,"img":"https://fd15-photos.leclercdrive.fr/image.ashx?id=2162135&use=l&cat=p&typeid=i","cat":300576},{"id":78678,"n":"Préparation Bio à l'abricot Lucien georgelin - 320g","p":4.15,"u":"12,97 €/KG","img":"https://fd15-photos.leclercdrive.fr/image.ashx?id=2098742&use=l&cat=p&typeid=i","cat":284480},{"id":78714,"n":"Mayonnaise Eco+ Flacon souple - 450g","p":2.15,"u":"4,78 €/KG","img":"https://fd15-photos.leclercdrive.fr/image.ashx?id=2954331&use=l&cat=p&typeid=i","cat":298295},{"id":78715,"n":"Gaufrettes vanille Eco+ 190g","p":1.35,"u":"7,11 €/KG","img":"https://fd15-photos.leclercdrive.fr/image.ashx?id=2568759&use=l&cat=p&typeid=i","cat":284487},{"id":78716,"n":"Gaufrettes chocolat Eco+ 190g","p":1.35,"u":"7,11 €/KG","img":"https://fd15-photos.leclercdrive.fr/image.ashx?id=2843036&use=l&cat=p&typeid=i","cat":284487},{"id":78717,"n":"Brioche tranchée Eco+ Nature - 500g","p":2.1,"u":"4,20 €/KG","img":"https://fd15-photos.leclercdrive.fr/image.ashx?id=2605086&use=l&cat=p&typeid=i","cat":284478},{"id":78719,"n":"Goûter fourré rond Eco+ Vanille - 500g","p":2.05,"u":"4,10 €/KG","img":"https://fd15-photos.leclercdrive.fr/image.ashx?id=2223611&use=l&cat=p&typeid=i","cat":284489},{"id":78722,"n":"Tartelettes à l'abricot Eco+ x12 - 200g","p":1.47,"u":"7,35 €/KG","img":"https://fd15-photos.leclercdrive.fr/image.ashx?id=2869754&use=l&cat=p&typeid=i","cat":284489},{"id":78723,"n":"Petits beurre Eco+ x24 - 175g","p":1.04,"u":"5,94 €/KG","img":"https://fd15-photos.leclercdrive.fr/image.ashx?id=2758782&use=l&cat=p&typeid=i","cat":284487},{"id":78725,"n":"Génoises fourrées orange Eco+ 300g","p":2.15,"u":"7,17 €/KG","img":"https://fd15-photos.leclercdrive.fr/image.ashx?id=1937462&use=l&cat=p&typeid=i","cat":284489},{"id":78726,"n":"Biscuits petit déjeuner Eco+ x25 - 350g","p":1.42,"u":"4,06 €/KG","img":"https://fd15-photos.leclercdrive.fr/image.ashx?id=2550821&use=l&cat=p&typeid=i","cat":284491},{"id":78728,"n":"Goûter fourré Eco+ Chocolat - 300g","p":1.45,"u":"4,83 €/KG","img":"https://fd15-photos.leclercdrive.fr/image.ashx?id=2775884&use=l&cat=p&typeid=i","cat":284488},{"id":78737,"n":"Petit beurre Schar Sans gluten - 165g","p":4.6,"u":"27,88 €/KG","img":"https://fd15-photos.leclercdrive.fr/image.ashx?id=2137072&use=l&cat=p&typeid=i","cat":318654},{"id":78742,"n":"Pain campagnard Schar Aux graines sans gluten - 250g","p":5.85,"u":"23,40 €/KG","img":"https://fd15-photos.leclercdrive.fr/image.ashx?id=2139874&use=l&cat=p&typeid=i","cat":325069},{"id":78771,"n":"Galette Bonne Maman x12 - 170g","p":3.68,"u":"21,65 €/KG","img":"https://fd15-photos.leclercdrive.fr/image.ashx?id=2935792&use=l&cat=p&typeid=i","cat":284487},{"id":78773,"n":"Tablette de chocolat noir Lindt Noir 78% cacao - 100g","p":3.5,"u":"35,00 €/KG","img":"https://fd15-photos.leclercdrive.fr/image.ashx?id=2689481&use=l&cat=p&typeid=i","cat":284956},{"id":78937,"n":"Knacki végétal Herta x6 - 210g","p":2.98,"u":"14,19 €/KG","img":"https://fd15-photos.leclercdrive.fr/image.ashx?id=2992323&use=l&cat=p&typeid=i","cat":316036},{"id":78948,"n":"Mouchoirs Ultra Lotus Blanc boîte - x72","p":2.3,"u":"0,03 €/P","img":"https://fd15-photos.leclercdrive.fr/image.ashx?id=2609300&use=l&cat=p&typeid=i","cat":284638},{"id":78953,"n":"Savon solide Bionaïa Abricot bio - 100g","p":2.17,"u":"21,70 €/KG","img":"https://fd15-photos.leclercdrive.fr/image.ashx?id=2331324&use=l&cat=p&typeid=i","cat":284597},{"id":78970,"n":"Ravioli emmental Bio Village Bio Basilic - 250g","p":2.75,"u":"11,00 €/KG","img":"https://fd15-photos.leclercdrive.fr/image.ashx?id=2843611&use=l&cat=p&typeid=i","cat":333682},{"id":79010,"n":"Camembert de normandie au lait  cru AOP - 250g","p":6.59,"u":"26,36 €/KG","img":"https://fd15-photos.leclercdrive.fr/image.ashx?id=1626413&use=l&cat=p&typeid=i","cat":314033},{"id":79016,"n":"Galette boulgour Céréal Bio  Bio tomate parmesan x2 200G","p":3.59,"u":"17,95 €/KG","img":"https://fd15-photos.leclercdrive.fr/image.ashx?id=2573519&use=l&cat=p&typeid=i","cat":284953},{"id":79021,"n":"Galette Blé bio Céréal Bio  Pommes Terres Emmental xé 200g","p":5.59,"u":"27,95 €/KG","img":"https://fd15-photos.leclercdrive.fr/image.ashx?id=2575102&use=l&cat=p&typeid=i","cat":284953},{"id":79092,"n":"Adoucissant peaux sensibles 40 lavages - 750 ml - UNI VERT","p":3.49,"u":"4,65 €/L","img":"https://fd15-photos.leclercdrive.fr/image.ashx?id=2893334&use=l&cat=p&typeid=i","cat":284650},{"id":79181,"n":"Huile lavante Mots d'Enfants Bébé - 250ml","p":2.65,"u":"10,60 €/L","img":"https://fd15-photos.leclercdrive.fr/image.ashx?id=3015638&use=l&cat=p&typeid=i","cat":284741},{"id":79221,"n":"Petit pot bébé bio Blédina 6m  Légumes poulet - 2x200g","p":4.99,"u":"12,48 €/KG","img":"https://fd15-photos.leclercdrive.fr/image.ashx?id=2951578&use=l&cat=p&typeid=i","cat":312236},{"id":79233,"n":"Petit pot bébé bio Blédina 4-6m Haricots pomme de terre -2x130g","p":2.95,"u":"11,35 €/KG","img":"https://fd15-photos.leclercdrive.fr/image.ashx?id=2831699&use=l&cat=p&typeid=i","cat":312234},{"id":79243,"n":"Petit pot bébé bio Blédina 4-6m Patate douce - 2x130g","p":2.69,"u":"10,35 €/KG","img":"https://fd15-photos.leclercdrive.fr/image.ashx?id=2848581&use=l&cat=p&typeid=i","cat":312234},{"id":79288,"n":"Couches Pampers Splashers Taille 5-6 - x10","p":12.66,"u":"1,27 €/P","img":"https://fd15-photos.leclercdrive.fr/image.ashx?id=2964054&use=l&cat=p&typeid=i","cat":290634},{"id":79311,"n":"Après-Shampooing Sobio Etic Lait d'amande Bio - 200ml","p":8.35,"u":"41,75 €/L","img":"https://fd15-photos.leclercdrive.fr/image.ashx?id=2787065&use=l&cat=p&typeid=i","cat":284607},{"id":79322,"n":"Shampooing Bio Sobio Etic Cheveux fortifiés - 250ml","p":7.15,"u":"28,60 €/L","img":"https://fd15-photos.leclercdrive.fr/image.ashx?id=2812882&use=l&cat=p&typeid=i","cat":284606},{"id":79404,"n":"P'tit max Délisse Vanille - 6x180g","p":3.75,"u":"3,47 €/KG","img":"https://fd15-photos.leclercdrive.fr/image.ashx?id=2757933&use=l&cat=p&typeid=i","cat":284415},{"id":79406,"n":"P'tit max Délisse Framboise - 6x180g","p":4.19,"u":"3,88 €/KG","img":"https://fd15-photos.leclercdrive.fr/image.ashx?id=2757936&use=l&cat=p&typeid=i","cat":284415},{"id":79513,"n":"Soupe mouliné Knorr Légumes verts - 1L","p":4.0,"u":"4,00 €/L","img":"https://fd15-photos.leclercdrive.fr/image.ashx?id=2408270&use=l&cat=p&typeid=i","cat":284462},{"id":79517,"n":"Soupe velouté Knorr 9 légumes - 1L","p":3.75,"u":"3,75 €/L","img":"https://fd15-photos.leclercdrive.fr/image.ashx?id=2408273&use=l&cat=p&typeid=i","cat":284462},{"id":79519,"n":"Soupe mouliné Knorr Légumes variés - 1L","p":3.75,"u":"3,75 €/L","img":"https://fd15-photos.leclercdrive.fr/image.ashx?id=2408276&use=l&cat=p&typeid=i","cat":284462},{"id":79528,"n":"Nouilles Tables du Monde Asiatiques Boeuf cup - 61.5g","p":1.39,"u":"22,42 €/KG","img":"https://fd15-photos.leclercdrive.fr/image.ashx?id=2920199&use=l&cat=p&typeid=i","cat":288992},{"id":79529,"n":"Nouille Tables du Monde Asiatique Poulet cup - 61.5g","p":1.39,"u":"22,42 €/KG","img":"https://fd15-photos.leclercdrive.fr/image.ashx?id=2920202&use=l&cat=p&typeid=i","cat":288992},{"id":79532,"n":"Nouilles Table du Monde Asiatiques Curry cup - 61.5g","p":1.15,"u":"18,55 €/KG","img":"https://fd15-photos.leclercdrive.fr/image.ashx?id=2920205&use=l&cat=p&typeid=i","cat":288992},{"id":79534,"n":"Nouilles Tables du Monde Asiatiques crevette cup - 61.5g","p":1.29,"u":"20,81 €/KG","img":"https://fd15-photos.leclercdrive.fr/image.ashx?id=1948586&use=l&cat=p&typeid=i","cat":288992},{"id":79545,"n":"Pâtes Collezione Barilla Tortellini jambon fromage -250g","p":2.99,"u":"11,96 €/KG","img":"https://fd15-photos.leclercdrive.fr/image.ashx?id=2588624&use=l&cat=p&typeid=i","cat":284427},{"id":79551,"n":"Pâtes Collezione Barilla Trofie - 500g","p":2.41,"u":"4,82 €/KG","img":"https://fd15-photos.leclercdrive.fr/image.ashx?id=2651714&use=l&cat=p&typeid=i","cat":284427},{"id":79552,"n":"Pâtes Barilla Spaghettoni n°7 - 1kg","p":3.29,"u":"3,29 €/KG","img":"https://fd15-photos.leclercdrive.fr/image.ashx?id=2392233&use=l&cat=p&typeid=i","cat":284427},{"id":79556,"n":"Couscous parfumé Tipiak Epice - 510g","p":4.0,"u":"7,84 €/KG","img":"https://fd15-photos.leclercdrive.fr/image.ashx?id=2882866&use=l&cat=p&typeid=i","cat":284429},{"id":79560,"n":"Madeleines moelleuses Saint Michel x10 - 250g","p":3.02,"u":"12,08 €/KG","img":"https://fd15-photos.leclercdrive.fr/image.ashx?id=2936155&use=l&cat=p&typeid=i","cat":284492},{"id":79674,"n":"Mascara Maybelline  Colossal Big Shot volume Noir","p":12.15,"img":"https://fd15-photos.leclercdrive.fr/image.ashx?id=2422734&use=l&cat=p&typeid=i","cat":287029},{"id":79855,"n":"Cahier Esquisse - 96 pages Rouge- 21x29.7cm","p":1.05,"img":"https://fd15-photos.leclercdrive.fr/image.ashx?id=2956250&use=l&cat=p&typeid=i","cat":284697},{"id":79876,"n":"Eyeliner feutre Maybelline Tracé Fin Ultra-précis 700 Noir","p":16.5,"img":"https://fd15-photos.leclercdrive.fr/image.ashx?id=2601118&use=l&cat=p&typeid=i","cat":287029},{"id":79901,"n":"Top Coat gel express Maybelline Longue Tenue séchage rapide","p":9.0,"img":"https://fd15-photos.leclercdrive.fr/image.ashx?id=2344987&use=l&cat=p&typeid=i","cat":325347},{"id":79907,"n":"Poudre libre fixante Maybelline Matifiante - Lasting fix","p":9.15,"img":"https://fd15-photos.leclercdrive.fr/image.ashx?id=2925448&use=l&cat=p&typeid=i","cat":287029},{"id":79909,"n":"Mascara Maybelline  Cils Sensational Intense Noir","p":10.95,"img":"https://fd15-photos.leclercdrive.fr/image.ashx?id=2278154&use=l&cat=p&typeid=i","cat":287029},{"id":79936,"n":"Jambon Tranché Fin Fleury Michon -25% de sel x4 - 120g","p":3.85,"u":"32,08 €/KG","img":"https://fd15-photos.leclercdrive.fr/image.ashx?id=2889295&use=l&cat=p&typeid=i","cat":316009},{"id":79938,"n":"Desperados Red Boite 50cl","p":2.49,"u":"4,98 €/L","img":"https://fd15-photos.leclercdrive.fr/image.ashx?id=2983111&use=l&cat=p&typeid=i","cat":334853},{"id":79940,"n":"Bière blonde Grimbergen 6,7° - 50cl canette","p":3.39,"u":"6,78 €/L","img":"https://fd15-photos.leclercdrive.fr/image.ashx?id=2605458&use=l&cat=p&typeid=i","cat":334853},{"id":79961,"n":"Nectar Bio Pressade Multifruits - 1L","p":2.7,"u":"2,70 €/L","img":"https://fd15-photos.leclercdrive.fr/image.ashx?id=2732530&use=l&cat=p&typeid=i","cat":284917},{"id":79965,"n":"Mini ruban correcteur Esquisse Bleu, vert et gris - x3","p":2.61,"img":"https://fd15-photos.leclercdrive.fr/image.ashx?id=2943268&use=l&cat=p&typeid=i","cat":334133},{"id":80047,"n":"Abricots dénoyautés Bio - 200g","p":6.09,"u":"30,45 €/KG","img":"https://fd15-photos.leclercdrive.fr/image.ashx?id=2467570&use=l&cat=p&typeid=i","cat":284357},{"id":80099,"n":"Riz quinoa lentille bio Happy Bio - 500g","p":5.8,"u":"11,60 €/KG","img":"https://fd15-photos.leclercdrive.fr/image.ashx?id=2655952&use=l&cat=p&typeid=i","cat":284428},{"id":80100,"n":"Graine de courge bio Happy Bio 250g","p":7.2,"u":"28,80 €/KG","img":"https://fd15-photos.leclercdrive.fr/image.ashx?id=2970993&use=l&cat=p&typeid=i","cat":323809},{"id":80126,"n":"Jambon Torchon Fleury Michon -25% de sel x6 - 180g","p":4.99,"u":"27,72 €/KG","img":"https://fd15-photos.leclercdrive.fr/image.ashx?id=2923642&use=l&cat=p&typeid=i","cat":316009},{"id":80128,"n":"Rosette de Lyon Saint-Azay 12 tranches - 100g","p":1.53,"u":"15,30 €/KG","img":"https://fd15-photos.leclercdrive.fr/image.ashx?id=2728264&use=l&cat=p&typeid=i","cat":316007},{"id":80221,"n":"Pistaches Vico 150g","p":6.49,"u":"43,27 €/KG","img":"https://fd15-photos.leclercdrive.fr/image.ashx?id=2446833&use=l&cat=p&typeid=i","cat":284448},{"id":80232,"n":"Graines Bio Village Bio - tournesol - 200g","p":3.15,"u":"15,75 €/KG","img":"https://fd15-photos.leclercdrive.fr/image.ashx?id=2699580&use=l&cat=p&typeid=i","cat":284357},{"id":80302,"n":"Eau minérale naturelle Volvic 6x1,5L","p":10.58,"u":"1,18 €/L","img":"https://fd15-photos.leclercdrive.fr/image.ashx?id=2730244&use=l&cat=p&typeid=i","cat":284535},{"id":80352,"n":"Cannelloni Côté Table  - 400g","p":2.69,"u":"6,73 €/KG","img":"https://fd15-photos.leclercdrive.fr/image.ashx?id=2977900&use=l&cat=p&typeid=i","cat":284442},{"id":80380,"n":"Tablette De Chocolat Poulain Noir Extra - 200g","p":3.5,"u":"17,50 €/KG","img":"https://fd15-photos.leclercdrive.fr/image.ashx?id=2890262&use=l&cat=p&typeid=i","cat":284956},{"id":80396,"n":"Eau Micellaire visage Nivea Peaux sèches - 400ml","p":5.99,"u":"14,98 €/L","img":"https://fd15-photos.leclercdrive.fr/image.ashx?id=3014599&use=l&cat=p&typeid=i","cat":284603},{"id":80479,"n":"Bières Blondes Chouffe 6x33cl","p":23.3,"u":"11,77 €/L","img":"https://fd15-photos.leclercdrive.fr/image.ashx?id=2877079&use=l&cat=p&typeid=i","cat":334872},{"id":80503,"n":"Rhum vieux Saint-James AOC - 42%vol - 70cl","p":17.09,"u":"24,41 €/L","img":"https://fd15-photos.leclercdrive.fr/image.ashx?id=2021370&use=l&cat=p&typeid=i","cat":284550},{"id":80506,"n":"Bière bio Bio Village Blonde - 6x25cl","p":8.99,"u":"5,99 €/L","img":"https://fd15-photos.leclercdrive.fr/image.ashx?id=2517718&use=l&cat=p&typeid=i","cat":334873},{"id":80618,"n":"Sucette Smart Night Tigex En silicone T3 - Panda","p":7.9,"img":"https://fd15-photos.leclercdrive.fr/image.ashx?id=2091485&use=l&cat=p&typeid=i","cat":284743},{"id":80685,"n":"Gorgonzola AOP Eccellenza Galbani 28%MG - 150g","p":2.79,"u":"18,60 €/KG","img":"https://fd15-photos.leclercdrive.fr/image.ashx?id=2215854&use=l&cat=p&typeid=i","cat":314032},{"id":80730,"n":"Biscuit highlander Walkers Shortbread en cellophane - 200g","p":4.28,"u":"21,40 €/KG","img":"https://fd15-photos.leclercdrive.fr/image.ashx?id=1612097&use=l&cat=p&typeid=i","cat":284487},{"id":80838,"n":"Compote Cool Fruits bio Vitabio Pomme Fraise Myrtille - 12x90g","p":14.55,"u":"13,47 €/KG","img":"https://fd15-photos.leclercdrive.fr/image.ashx?id=2682267&use=l&cat=p&typeid=i","cat":284508},{"id":80840,"n":"Bouillon Cube Maggi Pot au feu - Dégraissé - 120g","p":2.09,"u":"17,42 €/KG","img":"https://fd15-photos.leclercdrive.fr/image.ashx?id=2212327&use=l&cat=p&typeid=i","cat":288379},{"id":80842,"n":"Bouillon Cube Maggi Dégraissé - 120g","p":2.1,"u":"17,50 €/KG","img":"https://fd15-photos.leclercdrive.fr/image.ashx?id=2737090&use=l&cat=p&typeid=i","cat":288379},{"id":80927,"n":"Fromage chèvre chaud Soignon Nature - 21% MG - 4x25g","p":3.19,"u":"31,90 €/KG","img":"https://fd15-photos.leclercdrive.fr/image.ashx?id=2844951&use=l&cat=p&typeid=i","cat":314027},{"id":80976,"n":"Crème fraiche Président Extra épaisse 35%mg - 450g","p":3.69,"u":"8,20 €/KG","img":"https://fd15-photos.leclercdrive.fr/image.ashx?id=2938650&use=l&cat=p&typeid=i","cat":284381},{"id":81043,"n":"AOP Fronton Vin rouge  Château Coutinel - 75cl","p":9.95,"u":"13,27 €/L","img":"https://fd15-photos.leclercdrive.fr/image.ashx?id=2789862&use=l&cat=p&typeid=i","cat":289556},{"id":81193,"n":"Compotes Douceur du Verger Pomme Châtaigne - 4x100g","p":1.99,"u":"4,98 €/KG","img":"https://fd15-photos.leclercdrive.fr/image.ashx?id=2389560&use=l&cat=p&typeid=i","cat":284416},{"id":81199,"n":"Yaourt La Laitière  Vanille - 8x125g","p":5.57,"u":"5,57 €/KG","img":"https://fd15-photos.leclercdrive.fr/image.ashx?id=2613981&use=l&cat=p&typeid=i","cat":286006},{"id":81215,"n":"Compote Cool Fruits bio Vitabio Pomme Mangue Ananas -12x90g","p":11.29,"u":"10,45 €/KG","img":"https://fd15-photos.leclercdrive.fr/image.ashx?id=2621399&use=l&cat=p&typeid=i","cat":284508},{"id":81222,"n":"Pizza La pizz Sodebo Chorizo - 470g","p":6.29,"u":"13,38 €/KG","img":"https://fd15-photos.leclercdrive.fr/image.ashx?id=2868389&use=l&cat=p&typeid=i","cat":333679},{"id":81272,"n":"Vin mousseux brut blanc  Produit en Allemagne - 75cl","p":2.99,"u":"3,99 €/L","img":"https://fd15-photos.leclercdrive.fr/image.ashx?id=2720133&use=l&cat=p&typeid=i","cat":284544},{"id":81277,"n":"Vin mousseux demi-sec blanc  Produit en Allemagne - 75cl","p":3.95,"u":"5,27 €/L","img":"https://fd15-photos.leclercdrive.fr/image.ashx?id=2163853&use=l&cat=p&typeid=i","cat":284544},{"id":81278,"n":"Vinaigre IGP Toscoro Balsamique de Modène - 50cl","p":4.24,"u":"8,48 €/L","img":"https://fd15-photos.leclercdrive.fr/image.ashx?id=2758150&use=l&cat=p&typeid=i","cat":289010},{"id":81280,"n":"Fromage La Vache qui rit Toastinette nature 10 tranches","p":1.69,"u":"8,45 €/KG","img":"https://fd15-photos.leclercdrive.fr/image.ashx?id=2342776&use=l&cat=p&typeid=i","cat":314028},{"id":81281,"n":"Fromage La Vache qui rit Toastinette cheddar 10 tranches","p":1.99,"u":"9,95 €/KG","img":"https://fd15-photos.leclercdrive.fr/image.ashx?id=2342773&use=l&cat=p&typeid=i","cat":314028},{"id":81285,"n":"Céréales bébé soir Blédiner 8m Légumes en poudre - 240g","p":3.45,"u":"14,38 €/KG","img":"https://fd15-photos.leclercdrive.fr/image.ashx?id=2192763&use=l&cat=p&typeid=i","cat":312239},{"id":81291,"n":"Bière sans alcool Tourtel Twist Citron Vert Menthe 0,0° -6x27cl","p":7.85,"u":"4,76 €/L","img":"https://fd15-photos.leclercdrive.fr/image.ashx?id=2896567&use=l&cat=p&typeid=i","cat":334877},{"id":81304,"n":"Marron sous vide 420g","p":14.99,"u":"35,69 €/KG","img":"https://fd15-photos.leclercdrive.fr/image.ashx?id=1575035&use=l&cat=p&typeid=i","cat":312612},{"id":81322,"n":"Huile de Tournesol Eco+ 3L","p":7.75,"u":"2,58 €/L","img":"https://fd15-photos.leclercdrive.fr/image.ashx?id=3002506&use=l&cat=p&typeid=i","cat":284453},{"id":81323,"n":"Huile d'olive Bio Carapelli Extra-vierge - 75cl","p":19.9,"u":"26,53 €/L","img":"https://fd15-photos.leclercdrive.fr/image.ashx?id=2737447&use=l&cat=p&typeid=i","cat":284453},{"id":81330,"n":"Huile d'arachide Eco+ 1L","p":4.75,"u":"4,75 €/L","img":"https://fd15-photos.leclercdrive.fr/image.ashx?id=3002497&use=l&cat=p&typeid=i","cat":284453},{"id":81352,"n":"Dosettes Bio Village Bio Amérique latine  x36 - 252g","p":7.08,"u":"28,10 €/KG","img":"https://fd15-photos.leclercdrive.fr/image.ashx?id=2181837&use=l&cat=p&typeid=i","cat":293238},{"id":81354,"n":"Confiture Eco+ Abricot - 1kg","p":3.85,"u":"3,85 €/KG","img":"https://fd15-photos.leclercdrive.fr/image.ashx?id=2953194&use=l&cat=p&typeid=i","cat":284480},{"id":81378,"n":"Bière Arômatisée Desquiles Rhum - 5.9%vol - 50cl","p":1.99,"u":"3,98 €/L","img":"https://fd15-photos.leclercdrive.fr/image.ashx?id=2865074&use=l&cat=p&typeid=i","cat":334853},{"id":81437,"n":"Tortillas de Blé Old El Paso 326g","p":3.95,"u":"12,12 €/KG","img":"https://fd15-photos.leclercdrive.fr/image.ashx?id=2175611&use=l&cat=p&typeid=i","cat":288993},{"id":81438,"n":"Wrap au Blé Old el Passo Nature - x6 - 350g","p":3.73,"u":"10,66 €/KG","img":"https://fd15-photos.leclercdrive.fr/image.ashx?id=2175614&use=l&cat=p&typeid=i","cat":288993},{"id":81547,"n":"Capsules Nescafé Dolce Gusto  Cappuccino - x8 - 186g","p":7.35,"u":"39,52 €/KG","img":"https://fd15-photos.leclercdrive.fr/image.ashx?id=2838809&use=l&cat=p&typeid=i","cat":293239},{"id":81554,"n":"Riz au lait Bonne Maman Vanille Naturelle - 4x100g","p":4.29,"u":"10,73 €/KG","img":"https://fd15-photos.leclercdrive.fr/image.ashx?id=2619130&use=l&cat=p&typeid=i","cat":284418},{"id":81562,"n":"AOP Champagne Canard-Duchêne Rosé - 12%vol - 75cl","p":40.6,"u":"54,13 €/L","img":"https://fd15-photos.leclercdrive.fr/image.ashx?id=2757262&use=l&cat=p&typeid=i","cat":284542},{"id":81563,"n":"AOP Champagne Canard Duchêne Demi Sec - 75cl","p":35.15,"u":"46,87 €/L","img":"https://fd15-photos.leclercdrive.fr/image.ashx?id=2757259&use=l&cat=p&typeid=i","cat":284542},{"id":81564,"n":"AOP Champagne Canard-Duchêne Brut - 75cl","p":32.05,"u":"42,73 €/L","img":"https://fd15-photos.leclercdrive.fr/image.ashx?id=2756909&use=l&cat=p&typeid=i","cat":284542},{"id":81566,"n":"Fromage Raclette Burger Les Croisés 8 Tranches - 150g","p":1.7,"u":"11,33 €/KG","img":"https://fd15-photos.leclercdrive.fr/image.ashx?id=2555946&use=l&cat=p&typeid=i","cat":314028},{"id":81816,"n":"Rillettes du Mans  Bordeau Chesnel - 220g","p":4.26,"img":"https://fd15-photos.leclercdrive.fr/image.ashx?id=2746812&use=l&cat=p&typeid=i","cat":316008},{"id":81817,"n":"Blanc de dinde Fleury Michon -25% de sel x4 - 160g","p":3.65,"u":"22,81 €/KG","img":"https://fd15-photos.leclercdrive.fr/image.ashx?id=2962134&use=l&cat=p&typeid=i","cat":316010},{"id":81890,"n":"Tablette chocolat au lait Milka Cacahuètes / Croquants - 2x90g","p":6.07,"u":"33,72 €/KG","img":"https://fd15-photos.leclercdrive.fr/image.ashx?id=2496338&use=l&cat=p&typeid=i","cat":284497},{"id":81897,"n":"Noix de cajou Benenuts Grillées à sec - 220g","p":7.39,"u":"33,59 €/KG","img":"https://fd15-photos.leclercdrive.fr/image.ashx?id=2413537&use=l&cat=p&typeid=i","cat":284448},{"id":81909,"n":"Café moulu Grand Mère Familial - 250g","p":5.6,"u":"22,40 €/KG","img":"https://fd15-photos.leclercdrive.fr/image.ashx?id=1755046&use=l&cat=p&typeid=i","cat":284750},{"id":81969,"n":"Sauce Blanche Halal Samia 350ml","p":2.9,"u":"8,29 €/L","img":"https://fd15-photos.leclercdrive.fr/image.ashx?id=2579634&use=l&cat=p&typeid=i","cat":289013},{"id":81973,"n":"Ketchup Harissa Halal 400g","p":2.8,"u":"7,00 €/KG","img":"https://fd15-photos.leclercdrive.fr/image.ashx?id=2576627&use=l&cat=p&typeid=i","cat":298298},{"id":81993,"n":"Butternut Bio Bio Village En cubes - 600g","p":3.69,"u":"6,15 €/KG","img":"https://fd15-photos.leclercdrive.fr/image.ashx?id=2898095&use=l&cat=p&typeid=i","cat":319805},{"id":82004,"n":"Mozzarella mini Galbani 150g","p":4.19,"u":"27,93 €/KG","img":"https://fd15-photos.leclercdrive.fr/image.ashx?id=2766586&use=l&cat=p&typeid=i","cat":314026},{"id":82006,"n":"Mozzarella di bufala Galbani 125g","p":3.99,"u":"31,92 €/KG","img":"https://fd15-photos.leclercdrive.fr/image.ashx?id=2976860&use=l&cat=p&typeid=i","cat":314026},{"id":82009,"n":"Mozzarella râpée cucina Galbani 150g","p":2.49,"u":"16,60 €/KG","img":"https://fd15-photos.leclercdrive.fr/image.ashx?id=2787887&use=l&cat=p&typeid=i","cat":314035},{"id":82011,"n":"Pecorino Romano râpé Galbani 60g","p":1.93,"u":"32,17 €/KG","img":"https://fd15-photos.leclercdrive.fr/image.ashx?id=2171225&use=l&cat=p&typeid=i","cat":314035},{"id":82051,"n":"Burger de poulet rôti surgelé Halal - 8x80g","p":8.25,"u":"12,89 €/KG","img":"https://fd15-photos.leclercdrive.fr/image.ashx?id=2906460&use=l&cat=p&typeid=i","cat":319822},{"id":82088,"n":"IGP Côtes de Gascogne rosé Domus - 75cl","p":8.35,"u":"11,13 €/L","img":"https://fd15-photos.leclercdrive.fr/image.ashx?id=2445385&use=l&cat=p&typeid=i","cat":289558},{"id":82099,"n":"Steak haché Eco+ x10 - 1kg","p":12.95,"u":"12,95 €/KG","img":"https://fd15-photos.leclercdrive.fr/image.ashx?id=2966532&use=l&cat=p&typeid=i","cat":319778},{"id":82102,"n":"Lanières Trio de poivrons Bio Bio village - 600g","p":4.95,"u":"8,25 €/KG","img":"https://fd15-photos.leclercdrive.fr/image.ashx?id=2898092&use=l&cat=p&typeid=i","cat":319805},{"id":82125,"n":"Vin rouge Western Cellars Californie - 75cl","p":6.3,"u":"8,40 €/L","img":"https://fd15-photos.leclercdrive.fr/image.ashx?id=2794349&use=l&cat=p&typeid=i","cat":289556},{"id":82127,"n":"Vin Italie rouge Chianti DOCG Piccini - 75cl","p":7.85,"u":"10,47 €/L","img":"https://fd15-photos.leclercdrive.fr/image.ashx?id=2794637&use=l&cat=p&typeid=i","cat":289556},{"id":82148,"n":"Lardons fumés Supérieur Eco+ 2x100g","p":1.78,"u":"8,90 €/KG","img":"https://fd15-photos.leclercdrive.fr/image.ashx?id=2688252&use=l&cat=p&typeid=i","cat":316011},{"id":82149,"n":"lardons supérieurs ECO+ Nature - 2x100g","p":1.81,"u":"9,05 €/KG","img":"https://fd15-photos.leclercdrive.fr/image.ashx?id=2688249&use=l&cat=p&typeid=i","cat":316011},{"id":82157,"n":"Dessert fruitier pêche Andros En morceaux - 4x100g","p":4.19,"u":"10,48 €/KG","img":"https://fd15-photos.leclercdrive.fr/image.ashx?id=2845470&use=l&cat=p&typeid=i","cat":284416},{"id":82166,"n":"Compotes Andros Pomme Fraise - 4x100g","p":3.15,"u":"7,88 €/KG","img":"https://fd15-photos.leclercdrive.fr/image.ashx?id=2915572&use=l&cat=p&typeid=i","cat":284416},{"id":82172,"n":"Mini cônes Extrême  Vanille Caramel x8 - 312g","p":5.49,"u":"17,60 €/KG","img":"https://fd15-photos.leclercdrive.fr/image.ashx?id=2737033&use=l&cat=p&typeid=i","cat":284264},{"id":82177,"n":"Bière blonde Duvel 8.5%vol - 75cl","p":6.99,"u":"9,32 €/L","img":"https://fd15-photos.leclercdrive.fr/image.ashx?id=2111139&use=l&cat=p&typeid=i","cat":334872},{"id":82181,"n":"Bière Mort Subite Kriek A la cerise - 33cl","p":2.9,"u":"8,79 €/L","img":"https://fd15-photos.leclercdrive.fr/image.ashx?id=2796414&use=l&cat=p&typeid=i","cat":334872},{"id":82218,"n":"Emmental fromage rapé Les Croisés - 750g","p":7.99,"u":"10,65 €/KG","img":"https://fd15-photos.leclercdrive.fr/image.ashx?id=2900665&use=l&cat=p&typeid=i","cat":314035},{"id":82237,"n":"Rhum trois rivières Cuvée du  Moulin - 40%vol - 70cl","p":18.95,"u":"27,07 €/L","img":"https://fd15-photos.leclercdrive.fr/image.ashx?id=2844909&use=l&cat=p&typeid=i","cat":284550},{"id":82250,"n":"Thon au Naturel Petit Navire Démarche Responsable 140g","p":3.29,"u":"23,50 €/KG","img":"https://fd15-photos.leclercdrive.fr/image.ashx?id=2928360&use=l&cat=p&typeid=i","cat":303867},{"id":82251,"n":"Thon MSC Naturel Petit Navire Entier -  112g","p":3.67,"u":"32,77 €/KG","img":"https://fd15-photos.leclercdrive.fr/image.ashx?id=2928357&use=l&cat=p&typeid=i","cat":303867},{"id":82253,"n":"Biscuits Thé LU 350g","p":2.5,"u":"7,14 €/KG","img":"https://fd15-photos.leclercdrive.fr/image.ashx?id=2977738&use=l&cat=p&typeid=i","cat":284487},{"id":82265,"n":"Céréales Quaker Cruesli Chocolat - 450g","p":4.65,"u":"10,33 €/KG","img":"https://fd15-photos.leclercdrive.fr/image.ashx?id=2382791&use=l&cat=p&typeid=i","cat":309512},{"id":82267,"n":"Céréales Quaker Cruesli Chocolat au lait - 900g","p":8.24,"u":"9,16 €/KG","img":"https://fd15-photos.leclercdrive.fr/image.ashx?id=2212150&use=l&cat=p&typeid=i","cat":309512},{"id":82272,"n":"Sardine Parmentier Tomates - 135g","p":2.9,"u":"21,48 €/KG","img":"https://fd15-photos.leclercdrive.fr/image.ashx?id=3014416&use=l&cat=p&typeid=i","cat":305146},{"id":82276,"n":"Sardines Huile PARMENTIER Tournesol 135g","p":2.09,"u":"15,48 €/KG","img":"https://fd15-photos.leclercdrive.fr/image.ashx?id=2989057&use=l&cat=p&typeid=i","cat":305146},{"id":82277,"n":"Sardines Parmentier Citron - 135g","p":2.3,"u":"17,04 €/KG","img":"https://fd15-photos.leclercdrive.fr/image.ashx?id=2522575&use=l&cat=p&typeid=i","cat":305146},{"id":82280,"n":"Sardines Parmentier Piment - 135g","p":2.65,"u":"19,63 €/KG","img":"https://fd15-photos.leclercdrive.fr/image.ashx?id=2988312&use=l&cat=p&typeid=i","cat":305146},{"id":82281,"n":"Boulettes de boeuf Eco+ x30 - 900g","p":9.49,"u":"10,54 €/KG","img":"https://fd15-photos.leclercdrive.fr/image.ashx?id=2966529&use=l&cat=p&typeid=i","cat":319779},{"id":82350,"n":"Frites fines McCain Côté Comptoir - 650g","p":3.41,"u":"5,25 €/KG","img":"https://fd15-photos.leclercdrive.fr/image.ashx?id=2693887&use=l&cat=p&typeid=i","cat":319791},{"id":82351,"n":"Frites incurvées McCain Côté Brasserie - 650g","p":3.07,"u":"4,72 €/KG","img":"https://fd15-photos.leclercdrive.fr/image.ashx?id=2927044&use=l&cat=p&typeid=i","cat":319791},{"id":82353,"n":"Biscuits Oréo enrobé chocolat Au lait - 246g","p":4.4,"u":"17,89 €/KG","img":"https://fd15-photos.leclercdrive.fr/image.ashx?id=2908333&use=l&cat=p&typeid=i","cat":284488},{"id":82408,"n":"Rillettes de Thon Saupiquet Au piment - 115g","p":4.05,"u":"35,22 €/KG","img":"https://fd15-photos.leclercdrive.fr/image.ashx?id=2799395&use=l&cat=p&typeid=i","cat":303867},{"id":82440,"n":"Boisson lactée Candy'UP Vanille - 6x20cl","p":4.42,"u":"3,68 €/L","img":"https://fd15-photos.leclercdrive.fr/image.ashx?id=2485632&use=l&cat=p&typeid=i","cat":295246},{"id":82611,"n":"L'Ortolan portions Fromagerie Milleret - 8 x 30 g","p":4.15,"u":"17,29 €/KG","img":"https://fd15-photos.leclercdrive.fr/image.ashx?id=1857850&use=l&cat=p&typeid=i","cat":314030},{"id":82688,"n":"Brandade de Morue Tipiak 1.050kg","p":11.45,"u":"10,90 €/KG","img":"https://fd15-photos.leclercdrive.fr/image.ashx?id=2944023&use=l&cat=p&typeid=i","cat":284254},{"id":82745,"n":"Couches Activ+ Mots d'enfants  Taille 5 : 11/25kg - x35","p":14.65,"u":"0,42 €/P","img":"https://fd15-photos.leclercdrive.fr/image.ashx?id=2699744&use=l&cat=p&typeid=i","cat":284737},{"id":82748,"n":"Couches Activ+ Mots d'enfants  Taille 4+ 9/20kg - x37 changes","p":14.92,"u":"0,40 €/P","img":"https://fd15-photos.leclercdrive.fr/image.ashx?id=2699747&use=l&cat=p&typeid=i","cat":284737},{"id":83019,"n":"Poire Conférence  1KG","p":4.55,"u":"4,55 €/KG","img":"https://fd15-photos.leclercdrive.fr/image.ashx?id=1636187&use=l&cat=p&typeid=i","cat":284356},{"id":83117,"n":"Bière blonde Affligem Triple D'abbaye - 6x25cl","p":7.85,"u":"5,23 €/L","img":"https://fd15-photos.leclercdrive.fr/image.ashx?id=2959889&use=l&cat=p&typeid=i","cat":334852},{"id":83132,"n":"Boisson lactée Tous mes amis pour chats - 3x200ml","p":2.63,"u":"4,38 €/L","img":"https://fd15-photos.leclercdrive.fr/image.ashx?id=2313482&use=l&cat=p&typeid=i","cat":285285},{"id":83194,"n":"Friand jambon emmental Vitacuire - 8x65g","p":5.29,"u":"10,17 €/KG","img":"https://fd15-photos.leclercdrive.fr/image.ashx?id=1745165&use=l&cat=p&typeid=i","cat":319776},{"id":83303,"n":"Happy Cola Haribo Sachet bonbons - 300g","p":3.45,"u":"11,50 €/KG","img":"https://fd15-photos.leclercdrive.fr/image.ashx?id=2806087&use=l&cat=p&typeid=i","cat":304250},{"id":83350,"n":"Bonbons Haribo Moam Happy fruttis - 200g","p":2.3,"u":"11,50 €/KG","img":"https://fd15-photos.leclercdrive.fr/image.ashx?id=2984916&use=l&cat=p&typeid=i","cat":304250},{"id":83377,"n":"Pâte à tartiner Karéléa Noisette sans sucre ajouté-400g","p":7.7,"u":"19,25 €/KG","img":"https://fd15-photos.leclercdrive.fr/image.ashx?id=2888013&use=l&cat=p&typeid=i","cat":284481},{"id":83429,"n":"AOP Côtes de Provence rosé H Haussmann - 75cl","p":12.4,"u":"16,53 €/L","img":"https://fd15-photos.leclercdrive.fr/image.ashx?id=2093535&use=l&cat=p&typeid=i","cat":289558},{"id":83474,"n":"Sauce pour pâtes Florelli Asperges tomates parmesan -190g","p":4.95,"u":"26,05 €/KG","img":"https://fd15-photos.leclercdrive.fr/image.ashx?id=3011665&use=l&cat=p&typeid=i","cat":289010},{"id":83476,"n":"Tapenade d'Olives vertes Les Tartinables Florelli 190g","p":3.14,"u":"16,53 €/KG","img":"https://fd15-photos.leclercdrive.fr/image.ashx?id=2904347&use=l&cat=p&typeid=i","cat":289010},{"id":83695,"n":"Vin d'Espagne rosé François d'Aubigné - 75cl","p":2.89,"u":"3,85 €/L","img":"https://fd15-photos.leclercdrive.fr/image.ashx?id=2888613&use=l&cat=p&typeid=i","cat":289558},{"id":83696,"n":"Vin d'Espagne rosé François D'Aubigné - BIB 5L","p":9.23,"u":"1,85 €/L","img":"https://fd15-photos.leclercdrive.fr/image.ashx?id=2921402&use=l&cat=p&typeid=i","cat":289560},{"id":83697,"n":"Vin d'Espagne blanc Sauvignon Bernard Cordelier - 75 cl","p":3.0,"u":"4,00 €/L","img":"https://fd15-photos.leclercdrive.fr/image.ashx?id=2886528&use=l&cat=p&typeid=i","cat":289557},{"id":83790,"n":"Desserts Lactés P'TIT BRASSE BIO Pomme Pêche 6M+ - 4x90g","p":3.99,"u":"11,08 €/KG","img":"https://fd15-photos.leclercdrive.fr/image.ashx?id=2670863&use=l&cat=p&typeid=i","cat":312392},{"id":83820,"n":"Chips Pom'Lisse  Saveur Chèvre miel - 135g","p":2.05,"u":"15,19 €/KG","img":"https://fd15-photos.leclercdrive.fr/image.ashx?id=2654474&use=l&cat=p&typeid=i","cat":284447},{"id":83852,"n":"Petites tranches Saint-Agaûne Nature - 70g","p":4.43,"u":"63,29 €/KG","img":"https://fd15-photos.leclercdrive.fr/image.ashx?id=2852558&use=l&cat=p&typeid=i","cat":316006},{"id":83854,"n":"Vin d'Espagne blanc François D'Aubigné - 75 cl","p":2.39,"u":"3,19 €/L","img":"https://fd15-photos.leclercdrive.fr/image.ashx?id=2888610&use=l&cat=p&typeid=i","cat":289557},{"id":83864,"n":"Petites tranches Saint-Agaûne  Délicatement fumé - 70g","p":4.43,"u":"63,29 €/KG","img":"https://fd15-photos.leclercdrive.fr/image.ashx?id=2762205&use=l&cat=p&typeid=i","cat":316006},{"id":83865,"n":"Huile de sésame Ayam 210ml","p":5.3,"u":"25,24 €/L","img":"https://fd15-photos.leclercdrive.fr/image.ashx?id=1743170&use=l&cat=p&typeid=i","cat":284453},{"id":83866,"n":"Sauce piment Ayam Ail/gingembre - 270ml","p":3.09,"u":"11,44 €/L","img":"https://fd15-photos.leclercdrive.fr/image.ashx?id=1849933&use=l&cat=p&typeid=i","cat":288992},{"id":83874,"n":"Nouilles de riz Ayam  200g","p":2.29,"u":"11,45 €/KG","img":"https://fd15-photos.leclercdrive.fr/image.ashx?id=1721566&use=l&cat=p&typeid=i","cat":288992},{"id":83879,"n":"Riz pour sushi Saitaku 500g","p":4.79,"u":"9,58 €/KG","img":"https://fd15-photos.leclercdrive.fr/image.ashx?id=1721536&use=l&cat=p&typeid=i","cat":284428},{"id":83885,"n":"Vinaigre de riz Saitaku 150ml","p":2.89,"u":"19,27 €/L","img":"https://fd15-photos.leclercdrive.fr/image.ashx?id=1721527&use=l&cat=p&typeid=i","cat":298543},{"id":83922,"n":"Cassoulet du Sud Ouest  Alain Martin - 800g","p":8.02,"u":"10,03 €/KG","img":"https://fd15-photos.leclercdrive.fr/image.ashx?id=1954508&use=l&cat=p&typeid=i","cat":284441},{"id":83923,"n":"Poulet basquaise Alain Martin Au piment d'espelette - 800g","p":9.99,"u":"12,49 €/KG","img":"https://fd15-photos.leclercdrive.fr/image.ashx?id=2105875&use=l&cat=p&typeid=i","cat":284441},{"id":83935,"n":"Thon mariné au piment d\"espelette Petit Navire - 110g","p":3.03,"u":"27,55 €/KG","img":"https://fd15-photos.leclercdrive.fr/image.ashx?id=2682863&use=l&cat=p&typeid=i","cat":303867},{"id":83944,"n":"Vin d'Espagne rouge Merlot Bernard Cordelier - 75cl","p":3.56,"u":"4,75 €/L","img":"https://fd15-photos.leclercdrive.fr/image.ashx?id=2925147&use=l&cat=p&typeid=i","cat":289556},{"id":83947,"n":"Vin d'Espagne vin rouge Bernard Cordelier - 75cl","p":3.64,"u":"4,85 €/L","img":"https://fd15-photos.leclercdrive.fr/image.ashx?id=2987136&use=l&cat=p&typeid=i","cat":289556},{"id":83956,"n":"Nectar de pêche Compal 1L","p":2.25,"u":"2,25 €/L","img":"https://fd15-photos.leclercdrive.fr/image.ashx?id=1589716&use=l&cat=p&typeid=i","cat":285435},{"id":83974,"n":"IGP  Pays d'Hérault vin rosé Bernard Cordelier - 75cl","p":4.49,"u":"5,99 €/L","img":"https://fd15-photos.leclercdrive.fr/image.ashx?id=2677651&use=l&cat=p&typeid=i","cat":289558},{"id":83979,"n":"Vin de l'Union Européenne Vieux Papes 12.5%vol - 75cl","p":4.91,"u":"6,55 €/L","img":"https://fd15-photos.leclercdrive.fr/image.ashx?id=2093388&use=l&cat=p&typeid=i","cat":289556},{"id":83985,"n":"IGP Pays d'Oc rouge Merlot Grand Sud 13% vol - 1L","p":8.7,"u":"8,70 €/L","img":"https://fd15-photos.leclercdrive.fr/image.ashx?id=2941583&use=l&cat=p&typeid=i","cat":289556},{"id":83986,"n":"IGP Pays d'Oc rosé Merlot Grand Sud 12.5% vol - 1L","p":6.42,"u":"6,42 €/L","img":"https://fd15-photos.leclercdrive.fr/image.ashx?id=2941580&use=l&cat=p&typeid=i","cat":289558},{"id":84014,"n":"AOP Bordeaux vin blanc Bernard Cordelier - 75 cl","p":5.49,"u":"7,32 €/L","img":"https://fd15-photos.leclercdrive.fr/image.ashx?id=2615361&use=l&cat=p&typeid=i","cat":289557},{"id":84017,"n":"AOC Corbères vin rouge Bernard Cordelier - 75 cl","p":4.69,"u":"6,25 €/L","img":"https://fd15-photos.leclercdrive.fr/image.ashx?id=2747607&use=l&cat=p&typeid=i","cat":289556},{"id":84021,"n":"AOP Bordeaux rouge Mission Saint Vincent - 75cl","p":7.66,"u":"10,21 €/L","img":"https://fd15-photos.leclercdrive.fr/image.ashx?id=2734459&use=l&cat=p&typeid=i","cat":289556},{"id":84031,"n":"Maca-ginseng-gimgembre  Tonifiant sexuel - 40 comprimés","p":6.95,"u":"0,17 €/P","img":"https://fd15-photos.leclercdrive.fr/image.ashx?id=2773376&use=l&cat=p&typeid=i","cat":313217},{"id":84057,"n":"Sommeil mélatonine  30 gélules","p":8.4,"u":"0,28 €/P","img":"https://fd15-photos.leclercdrive.fr/image.ashx?id=2744722&use=l&cat=p&typeid=i","cat":313217},{"id":84059,"n":"Artichaut SOS minceur  500ml","p":7.99,"u":"15,98 €/L","img":"https://fd15-photos.leclercdrive.fr/image.ashx?id=2177794&use=l&cat=p&typeid=i","cat":313217},{"id":84089,"n":"Café moulu Bio Ethiquable  arabica Moka Ethiopie - 250g","p":6.65,"u":"26,60 €/KG","img":"https://fd15-photos.leclercdrive.fr/image.ashx?id=2876836&use=l&cat=p&typeid=i","cat":284750},{"id":84149,"n":"Café Soluble Carte Noire  Bocal Classique - 100g","p":7.8,"u":"78,00 €/KG","img":"https://fd15-photos.leclercdrive.fr/image.ashx?id=2866094&use=l&cat=p&typeid=i","cat":284843},{"id":84152,"n":"Pain pour Panini La Boulangère x4 - 300g","p":2.99,"u":"9,97 €/KG","img":"https://fd15-photos.leclercdrive.fr/image.ashx?id=2937457&use=l&cat=p&typeid=i","cat":284985},{"id":84154,"n":"Bonbons VICHY Menthe 230g","p":2.62,"u":"11,39 €/KG","img":"https://fd15-photos.leclercdrive.fr/image.ashx?id=2806342&use=l&cat=p&typeid=i","cat":304252},{"id":84156,"n":"Carambar mini mix 220g","p":3.94,"u":"17,91 €/KG","img":"https://fd15-photos.leclercdrive.fr/image.ashx?id=2817845&use=l&cat=p&typeid=i","cat":304250},{"id":84158,"n":"Bonbons CARAMBAR Fruits Assortiment - 320g","p":3.71,"u":"11,59 €/KG","img":"https://fd15-photos.leclercdrive.fr/image.ashx?id=2964499&use=l&cat=p&typeid=i","cat":304250},{"id":84159,"n":"Bonbons CARAMBAR Family Assortiment - 450g","p":5.8,"u":"12,89 €/KG","img":"https://fd15-photos.leclercdrive.fr/image.ashx?id=2903446&use=l&cat=p&typeid=i","cat":304250},{"id":84160,"n":"Bonbons CARAMBAR Caramel 320g","p":4.15,"u":"12,97 €/KG","img":"https://fd15-photos.leclercdrive.fr/image.ashx?id=2770124&use=l&cat=p&typeid=i","cat":304250},{"id":84166,"n":"Crème Dessert Bio Village Bio - Brebis Chocolat - 2x100g","p":1.95,"u":"9,75 €/KG","img":"https://fd15-photos.leclercdrive.fr/image.ashx?id=2992651&use=l&cat=p&typeid=i","cat":314998},{"id":84177,"n":"Yaourt brassé Ferme du Manège Mûre - lait entier - 180g","p":1.9,"u":"10,56 €/KG","img":"https://fd15-photos.leclercdrive.fr/image.ashx?id=2107345&use=l&cat=p&typeid=i","cat":284410},{"id":84178,"n":"Pur jus Tropicana Orange Pure Premium Avec Pulpe - 1.5L","p":6.95,"u":"4,63 €/L","img":"https://fd15-photos.leclercdrive.fr/image.ashx?id=2605656&use=l&cat=p&typeid=i","cat":284521},{"id":84188,"n":"Lait bébé en poudre Bio Guigoz 1er âge - 0-6 mois - 800g","p":19.05,"u":"23,81 €/KG","img":"https://fd15-photos.leclercdrive.fr/image.ashx?id=3000438&use=l&cat=p&typeid=i","cat":284726},{"id":84248,"n":"Déodorant bille bio So Bio Etic Peaux sensibles et sèches -50ml","p":5.15,"u":"103,00 €/L","img":"https://fd15-photos.leclercdrive.fr/image.ashx?id=2844154&use=l&cat=p&typeid=i","cat":284595},{"id":84249,"n":"Crème Bio Hydratante Sobio Etic Aloe Vera - 100ml","p":10.65,"u":"106,50 €/L","img":"https://fd15-photos.leclercdrive.fr/image.ashx?id=2787074&use=l&cat=p&typeid=i","cat":325345},{"id":84263,"n":"Lait nettoyant bio Sobio Etic Peau sensible aloé vera 200ml","p":6.3,"u":"31,50 €/L","img":"https://fd15-photos.leclercdrive.fr/image.ashx?id=2505549&use=l&cat=p&typeid=i","cat":284603},{"id":84327,"n":"Chicorée en grains Leroux  nature - 520g","p":3.45,"u":"6,63 €/KG","img":"https://fd15-photos.leclercdrive.fr/image.ashx?id=2730496&use=l&cat=p&typeid=i","cat":284843},{"id":84330,"n":"Chicorée Leroux  Concentré - 250ml","p":6.93,"u":"27,72 €/L","img":"https://fd15-photos.leclercdrive.fr/image.ashx?id=2861476&use=l&cat=p&typeid=i","cat":284843},{"id":84380,"n":"Préparation fruit abricot 320g - Lucien Georgelin","p":3.89,"u":"12,16 €/KG","img":"https://fd15-photos.leclercdrive.fr/image.ashx?id=1582052&use=l&cat=p&typeid=i","cat":284480},{"id":84385,"n":"Croc'Choc Lucien Georgelin Noisette - 375g","p":4.31,"u":"11,49 €/KG","img":"https://fd15-photos.leclercdrive.fr/image.ashx?id=2561811&use=l&cat=p&typeid=i","cat":309513},{"id":84386,"n":"Croc'Tou Choc Lucien Georgelin 375g - Lucien Georgelin","p":4.79,"u":"12,77 €/KG","img":"https://fd15-photos.leclercdrive.fr/image.ashx?id=2561808&use=l&cat=p&typeid=i","cat":309513},{"id":84392,"n":"Sauce tomate de Marmande 300g - Lucien Georgelin","p":2.39,"u":"7,97 €/KG","img":"https://fd15-photos.leclercdrive.fr/image.ashx?id=2015660&use=l&cat=p&typeid=i","cat":288384},{"id":84449,"n":"Poivronade Cruscana 150g","p":3.05,"u":"20,33 €/KG","img":"https://fd15-photos.leclercdrive.fr/image.ashx?id=2790639&use=l&cat=p&typeid=i","cat":315999},{"id":84457,"n":"Sorbet plein fruit L'Angelys Abricot - 500g","p":6.32,"u":"12,64 €/KG","img":"https://fd15-photos.leclercdrive.fr/image.ashx?id=2963622&use=l&cat=p&typeid=i","cat":284263},{"id":84458,"n":"Crème glacée L'Angélys Artisanale Chocolat noir - 450g","p":6.99,"u":"15,53 €/KG","img":"https://fd15-photos.leclercdrive.fr/image.ashx?id=2963571&use=l&cat=p&typeid=i","cat":284263},{"id":84794,"n":"Coton Lotus Baby Peau nette - x85","p":4.03,"u":"0,05 €/P","img":"https://fd15-photos.leclercdrive.fr/image.ashx?id=2981355&use=l&cat=p&typeid=i","cat":284739},{"id":84823,"n":"Wrap Daunat façon fajitas Poulet rôti - 190g","p":4.25,"u":"22,37 €/KG","img":"https://fd15-photos.leclercdrive.fr/image.ashx?id=2532622&use=l&cat=p&typeid=i","cat":333658},{"id":85009,"n":"Diffuseur Voiture Aura Fleur de coton - 5ml","p":6.08,"img":"https://fd15-photos.leclercdrive.fr/image.ashx?id=2416483&use=l&cat=p&typeid=i","cat":298252},{"id":85021,"n":"Sarrasin Bio 500g","p":3.85,"u":"7,70 €/KG","img":"https://fd15-photos.leclercdrive.fr/image.ashx?id=2685021&use=l&cat=p&typeid=i","cat":318651},{"id":85023,"n":"Boulgour gros Bio Happy Bio 500g","p":3.65,"u":"7,30 €/KG","img":"https://fd15-photos.leclercdrive.fr/image.ashx?id=2228828&use=l&cat=p&typeid=i","cat":284429},{"id":85028,"n":"Sésame grillé bio Happy Bio 250 G","p":5.49,"u":"21,96 €/KG","img":"https://fd15-photos.leclercdrive.fr/image.ashx?id=2970987&use=l&cat=p&typeid=i","cat":284430},{"id":85029,"n":"Flocon avoine Happy Bio gros bio  - 500g","p":3.99,"u":"7,98 €/KG","img":"https://fd15-photos.leclercdrive.fr/image.ashx?id=2684994&use=l&cat=p&typeid=i","cat":318651},{"id":85049,"n":"Poires Panier du Primeur Mûre à point Filière x4","p":5.45,"u":"1,36 €/P","img":"https://fd15-photos.leclercdrive.fr/image.ashx?id=2955038&use=l&cat=p&typeid=i","cat":284356},{"id":85051,"n":"Endives Panier du Primeur x5","p":5.99,"u":"1,20 €/P","img":"https://fd15-photos.leclercdrive.fr/image.ashx?id=2655607&use=l&cat=p&typeid=i","cat":284352},{"id":85052,"n":"Croquettes petit chien Ultima  Nature Poulet - 1,25kg","p":11.4,"u":"9,12 €/KG","img":"https://fd15-photos.leclercdrive.fr/image.ashx?id=2593164&use=l&cat=p&typeid=i","cat":294526},{"id":85073,"n":"Croûtons pour salade Tipiak Ail&Fine Herbes - 100g","p":1.59,"u":"15,90 €/KG","img":"https://fd15-photos.leclercdrive.fr/image.ashx?id=2276723&use=l&cat=p&typeid=i","cat":284464},{"id":85084,"n":"Pâtes Capellini de Panzani Sous cellophane - 1kg","p":2.89,"u":"2,89 €/KG","img":"https://fd15-photos.leclercdrive.fr/image.ashx?id=2876035&use=l&cat=p&typeid=i","cat":284427},{"id":85106,"n":"Mayonnaise American Style Heinz  - 395g","p":4.63,"u":"11,72 €/KG","img":"https://fd15-photos.leclercdrive.fr/image.ashx?id=2927059&use=l&cat=p&typeid=i","cat":298295},{"id":85158,"n":"Nouilles aux légumes Appolo 85g","p":0.75,"u":"8,82 €/KG","img":"https://fd15-photos.leclercdrive.fr/image.ashx?id=1612941&use=l&cat=p&typeid=i","cat":288992},{"id":85206,"n":"Génoises fourrées Pim's LU Fraise des bois - 150g","p":2.8,"u":"18,67 €/KG","img":"https://fd15-photos.leclercdrive.fr/image.ashx?id=3002204&use=l&cat=p&typeid=i","cat":284489},{"id":85207,"n":"Génoise fourrées Pim's LU Poire - 150g","p":2.99,"u":"19,93 €/KG","img":"https://fd15-photos.leclercdrive.fr/image.ashx?id=2145202&use=l&cat=p&typeid=i","cat":284489},{"id":85278,"n":"Barres Têtes Brûlées Fraise/pomme - 200g","p":2.8,"u":"14,00 €/KG","img":"https://fd15-photos.leclercdrive.fr/image.ashx?id=2917882&use=l&cat=p&typeid=i","cat":304250},{"id":85368,"n":"Tampons Nett Original Digitaux - Super+ - x24","p":4.98,"u":"0,21 €/P","img":"https://fd15-photos.leclercdrive.fr/image.ashx?id=2685132&use=l&cat=p&typeid=i","cat":284626},{"id":85388,"n":"Serviette Men Active Fit Tena Pants plus L - x8","p":15.95,"u":"1,99 €/P","img":"https://fd15-photos.leclercdrive.fr/image.ashx?id=2399060&use=l&cat=p&typeid=i","cat":291514},{"id":85411,"n":"Engrais gazon Beaux Jours  2 en 1 - 4kg","p":12.75,"u":"3,19 €/KG","img":"https://fd15-photos.leclercdrive.fr/image.ashx?id=2162411&use=l&cat=p&typeid=i","cat":335919},{"id":85443,"n":"Nettoyant Lave-Linge Destop  2 x 250 ml","p":8.75,"u":"17,50 €/L","img":"https://fd15-photos.leclercdrive.fr/image.ashx?id=2389984&use=l&cat=p&typeid=i","cat":284908},{"id":85502,"n":"Crème glacée L'Angélys  menthe verte et chocolat - 500g","p":6.99,"u":"13,98 €/KG","img":"https://fd15-photos.leclercdrive.fr/image.ashx?id=2963595&use=l&cat=p&typeid=i","cat":284263},{"id":85745,"n":"Batonnets Surimi Coraya x30 - 450g","p":6.07,"u":"13,49 €/KG","img":"https://fd15-photos.leclercdrive.fr/image.ashx?id=2962683&use=l&cat=p&typeid=i","cat":285189},{"id":85769,"n":"Triple sec Giffard 25% Vol - 50cl","p":12.49,"u":"24,98 €/L","img":"https://fd15-photos.leclercdrive.fr/image.ashx?id=1567000&use=l&cat=p&typeid=i","cat":286032},{"id":85959,"n":"AOC Champagne brut mosaïque 75cl","p":23.99,"u":"31,99 €/L","img":"https://fd15-photos.leclercdrive.fr/image.ashx?id=2243587&use=l&cat=p&typeid=i","cat":284542},{"id":85998,"n":"Sauce Curry Mango Heinz - 225g","p":2.99,"u":"13,29 €/KG","img":"https://fd15-photos.leclercdrive.fr/image.ashx?id=2927050&use=l&cat=p&typeid=i","cat":318431},{"id":86017,"n":"Chocolat Nougatti Côte d'Or Nougat/chocolat au lait - 180g","p":5.8,"u":"32,22 €/KG","img":"https://fd15-photos.leclercdrive.fr/image.ashx?id=3002273&use=l&cat=p&typeid=i","cat":284498},{"id":86047,"n":"Sandwich Club Sodebo Pain Complet Rosette - 125g","p":3.99,"u":"31,92 €/KG","img":"https://fd15-photos.leclercdrive.fr/image.ashx?id=2851794&use=l&cat=p&typeid=i","cat":333658},{"id":86071,"n":"AOP Prosecco Perlino Extra Dry - 75cl","p":10.87,"u":"14,49 €/L","img":"https://fd15-photos.leclercdrive.fr/image.ashx?id=2612778&use=l&cat=p&typeid=i","cat":289461},{"id":86082,"n":"Tabasco Vert Flacon Maille 60ml","p":3.39,"u":"56,50 €/L","img":"https://fd15-photos.leclercdrive.fr/image.ashx?id=1695339&use=l&cat=p&typeid=i","cat":289013},{"id":86129,"n":"Champagne Brut G.H. Martel - 75cl","p":27.95,"u":"37,27 €/L","img":"https://fd15-photos.leclercdrive.fr/image.ashx?id=2875396&use=l&cat=p&typeid=i","cat":284542},{"id":86204,"n":"Café capsules L'OR Espresso Forza n°9 - x20 - 104g","p":10.49,"u":"100,87 €/KG","img":"https://fd15-photos.leclercdrive.fr/image.ashx?id=2230196&use=l&cat=p&typeid=i","cat":284749},{"id":86205,"n":"Café capsules L'OR Espresso Delizioso n°5 - x20 - 104g","p":10.49,"u":"100,87 €/KG","img":"https://fd15-photos.leclercdrive.fr/image.ashx?id=2685531&use=l&cat=p&typeid=i","cat":284749},{"id":86208,"n":"Pâte à tartiner Nutella 1kg","p":9.99,"u":"9,99 €/KG","img":"https://fd15-photos.leclercdrive.fr/image.ashx?id=2935648&use=l&cat=p&typeid=i","cat":284481},{"id":86375,"n":"Rochers Suchard  Lait - 7x35g","p":8.25,"u":"33,67 €/KG","img":"https://fd15-photos.leclercdrive.fr/image.ashx?id=2950372&use=l&cat=p&typeid=i","cat":284499},{"id":86376,"n":"Rochers Suchard Noir - 7x35g","p":6.94,"u":"28,33 €/KG","img":"https://fd15-photos.leclercdrive.fr/image.ashx?id=2950375&use=l&cat=p&typeid=i","cat":284499},{"id":86403,"n":"Capsules café L'Or Espresso Delizioso N°5 x10","p":5.69,"u":"109,42 €/KG","img":"https://fd15-photos.leclercdrive.fr/image.ashx?id=3000462&use=l&cat=p&typeid=i","cat":284749},{"id":86416,"n":"Confiture bio Bio Village Fruits rouges - 370g","p":3.75,"u":"10,14 €/KG","img":"https://fd15-photos.leclercdrive.fr/image.ashx?id=2965638&use=l&cat=p&typeid=i","cat":284480},{"id":86417,"n":"Barquettes Bio Village Fraise bio - 120g","p":2.49,"u":"20,75 €/KG","img":"https://fd15-photos.leclercdrive.fr/image.ashx?id=2907476&use=l&cat=p&typeid=i","cat":284489},{"id":86448,"n":"Désinfectant protection Sanytol Salle de bain - 500ml","p":4.68,"u":"9,36 €/L","img":"https://fd15-photos.leclercdrive.fr/image.ashx?id=2848620&use=l&cat=p&typeid=i","cat":325357},{"id":86451,"n":"Lessive gel Génie Lavage main - 200ml","p":3.35,"u":"16,75 €/L","img":"https://fd15-photos.leclercdrive.fr/image.ashx?id=2664142&use=l&cat=p&typeid=i","cat":284643},{"id":86452,"n":"Gel douche Monsavon Amande très douce - 300ml","p":3.09,"u":"10,30 €/L","img":"https://fd15-photos.leclercdrive.fr/image.ashx?id=2532291&use=l&cat=p&typeid=i","cat":284594},{"id":86470,"n":"Bonbons KREMA Festival Assortiment - 360g","p":3.75,"u":"10,42 €/KG","img":"https://fd15-photos.leclercdrive.fr/image.ashx?id=2817875&use=l&cat=p&typeid=i","cat":304250},{"id":86474,"n":"Bonbons KREMA Batna Réglisse & Anis - 360g","p":2.89,"u":"8,03 €/KG","img":"https://fd15-photos.leclercdrive.fr/image.ashx?id=2817878&use=l&cat=p&typeid=i","cat":304250},{"id":86482,"n":"Bonbons KREMA Régal'ad Assortiment Fruits - 360g","p":3.75,"u":"10,42 €/KG","img":"https://fd15-photos.leclercdrive.fr/image.ashx?id=2855295&use=l&cat=p&typeid=i","cat":304250},{"id":86483,"n":"Bonbons La pie qui chante Menthe claire - 360g","p":4.1,"u":"11,39 €/KG","img":"https://fd15-photos.leclercdrive.fr/image.ashx?id=2817869&use=l&cat=p&typeid=i","cat":304252},{"id":86488,"n":"Bonbons La pie qui chante Stoptou à la réglisse - 450g","p":5.07,"u":"11,27 €/KG","img":"https://fd15-photos.leclercdrive.fr/image.ashx?id=2817872&use=l&cat=p&typeid=i","cat":304250},{"id":86565,"n":"Chocolat en poudre Poulain Grand Arôme: 32% cacao - 800g","p":6.99,"u":"8,74 €/KG","img":"https://fd15-photos.leclercdrive.fr/image.ashx?id=2867119&use=l&cat=p&typeid=i","cat":293235},{"id":86567,"n":"Chocolat en poudre Poulain Super Poulain Boîte - 450g","p":3.7,"u":"8,22 €/KG","img":"https://fd15-photos.leclercdrive.fr/image.ashx?id=2867125&use=l&cat=p&typeid=i","cat":293235},{"id":86570,"n":"Chewing gum Malabar Tutti Frutti - 214g","p":4.2,"u":"19,63 €/KG","img":"https://fd15-photos.leclercdrive.fr/image.ashx?id=2817848&use=l&cat=p&typeid=i","cat":304251},{"id":86584,"n":"Pain burger Harry's Maxi Nature - 510g","p":3.65,"u":"7,16 €/KG","img":"https://fd15-photos.leclercdrive.fr/image.ashx?id=2517444&use=l&cat=p&typeid=i","cat":325067},{"id":86654,"n":"Lait concentré Régilait Lait sucré entier -boîte - 397g","p":2.4,"u":"6,05 €/KG","img":"https://fd15-photos.leclercdrive.fr/image.ashx?id=1557463&use=l&cat=p&typeid=i","cat":293236},{"id":86658,"n":"Thé vert Twinings Simplement pur - x25 - 37g","p":4.05,"u":"109,46 €/KG","img":"https://fd15-photos.leclercdrive.fr/image.ashx?id=2893015&use=l&cat=p&typeid=i","cat":293233},{"id":86665,"n":"Dosettes café Senseo Grand Mère Classique x54","p":8.69,"u":"24,41 €/KG","img":"https://fd15-photos.leclercdrive.fr/image.ashx?id=2769837&use=l&cat=p&typeid=i","cat":293238},{"id":86669,"n":"Huile vierge Bio village  Sésame grillé bio - 25cl","p":4.09,"u":"16,36 €/L","img":"https://fd15-photos.leclercdrive.fr/image.ashx?id=3005715&use=l&cat=p&typeid=i","cat":284453},{"id":86713,"n":"St Feuillien triple 33cl","p":3.99,"u":"12,09 €/L","img":"https://fd15-photos.leclercdrive.fr/image.ashx?id=2458937&use=l&cat=p&typeid=i","cat":334872},{"id":86724,"n":"Huile d'olive Bio Village Bio Vierge extra fruité - 75 cl","p":11.99,"u":"15,99 €/L","img":"https://fd15-photos.leclercdrive.fr/image.ashx?id=3005712&use=l&cat=p&typeid=i","cat":284453},{"id":86725,"n":"Poudre de cacao bio Bio Village 500g - 32% de cacao","p":5.59,"u":"11,18 €/KG","img":"https://fd15-photos.leclercdrive.fr/image.ashx?id=2441516&use=l&cat=p&typeid=i","cat":293235},{"id":86734,"n":"Cookies P'tit Déli Triple chocolat - 200g","p":2.59,"u":"12,95 €/KG","img":"https://fd15-photos.leclercdrive.fr/image.ashx?id=2529608&use=l&cat=p&typeid=i","cat":325066},{"id":86738,"n":"Croquants des cordes NRT 90g","p":3.85,"u":"42,78 €/KG","img":"https://fd15-photos.leclercdrive.fr/image.ashx?id=2622341&use=l&cat=p&typeid=i","cat":284487},{"id":86739,"n":"Apéritif Lagoa Cocktail  Fruit de la passion s/al - 75cl","p":4.19,"u":"5,59 €/L","img":"https://fd15-photos.leclercdrive.fr/image.ashx?id=1865307&use=l&cat=p&typeid=i","cat":284549},{"id":86740,"n":"Eau aromatisée  O'Fresh Fraise - sans sucres - 50cl","p":0.75,"u":"1,50 €/L","img":"https://fd15-photos.leclercdrive.fr/image.ashx?id=3002818&use=l&cat=p&typeid=i","cat":284537},{"id":86743,"n":"IGP Côtes de Gascogne blanc  Vieux Carion - 12% vol 75 cl","p":4.49,"u":"5,99 €/L","img":"https://fd15-photos.leclercdrive.fr/image.ashx?id=2872724&use=l&cat=p&typeid=i","cat":289557},{"id":86744,"n":"Mouchoirs blancs 3 plis Caresse Boîte mouchoirs papier parf x80","p":2.64,"u":"0,03 €/P","img":"https://fd15-photos.leclercdrive.fr/image.ashx?id=2339876&use=l&cat=p&typeid=i","cat":284638},{"id":86747,"n":"Sacs de congélation Elembal Curseur moyen - x15","p":3.15,"u":"0,21 €/P","img":"https://fd15-photos.leclercdrive.fr/image.ashx?id=2511120&use=l&cat=p&typeid=i","cat":334134},{"id":86748,"n":"Adoucissant Hyperdou Lingettes Rêve de fraîcheur - x20","p":2.9,"u":"0,15 €/P","img":"https://fd15-photos.leclercdrive.fr/image.ashx?id=2489203&use=l&cat=p&typeid=i","cat":325302},{"id":86749,"n":"Rasoir Siliss 5 lames","p":6.25,"u":"3,13 €/P","img":"https://fd15-photos.leclercdrive.fr/image.ashx?id=2699732&use=l&cat=p&typeid=i","cat":325352},{"id":86753,"n":"Spray nettoyant Uni Vert Désinfectant écocert - 750ml","p":3.2,"u":"4,27 €/L","img":"https://fd15-photos.leclercdrive.fr/image.ashx?id=2569050&use=l&cat=p&typeid=i","cat":325357},{"id":86757,"n":"Tranches d'emmental Bio Village Bio - 200g - 31% MG","p":3.23,"u":"16,15 €/KG","img":"https://fd15-photos.leclercdrive.fr/image.ashx?id=2641413&use=l&cat=p&typeid=i","cat":314028},{"id":86762,"n":"Salade pâtes Jambon Sec Mozza  250g - Côté Snack","p":6.75,"u":"27,00 €/KG","img":"https://fd15-photos.leclercdrive.fr/image.ashx?id=2900662&use=l&cat=p&typeid=i","cat":333657},{"id":86779,"n":"Colin d'Alaska Pêche Océan Beurre citron - MSC - 400g","p":5.09,"u":"12,73 €/KG","img":"https://fd15-photos.leclercdrive.fr/image.ashx?id=2546263&use=l&cat=p&typeid=i","cat":319786},{"id":86781,"n":"Trio de poissons nordiques  Pêche Océan - 600g","p":16.69,"u":"27,82 €/KG","img":"https://fd15-photos.leclercdrive.fr/image.ashx?id=2175714&use=l&cat=p&typeid=i","cat":319786},{"id":86784,"n":"Frites au four Pom'Lisse Pom'Steak - 600g","p":2.35,"u":"3,92 €/KG","img":"https://fd15-photos.leclercdrive.fr/image.ashx?id=2699711&use=l&cat=p&typeid=i","cat":319791},{"id":86788,"n":"Tartinable thon Fromage frais MSC Ronde des mers - 140g","p":3.39,"u":"24,21 €/KG","img":"https://fd15-photos.leclercdrive.fr/image.ashx?id=2823084&use=l&cat=p&typeid=i","cat":285191},{"id":86791,"n":"Pizza Turini Thon et mozzarella - 450g","p":8.39,"u":"18,64 €/KG","img":"https://fd15-photos.leclercdrive.fr/image.ashx?id=2709737&use=l&cat=p&typeid=i","cat":333679},{"id":86911,"n":"Muesli bio Happy Bio  Fruits rouges et chia - 375g","p":6.2,"u":"16,53 €/KG","img":"https://fd15-photos.leclercdrive.fr/image.ashx?id=2970984&use=l&cat=p&typeid=i","cat":309512},{"id":86917,"n":"Lames de rasoir Siliss 5 lames - x3","p":7.8,"u":"2,60 €/P","img":"https://fd15-photos.leclercdrive.fr/image.ashx?id=2699735&use=l&cat=p&typeid=i","cat":325352},{"id":86947,"n":"Parmesan rapé AOP 30% MG Bio Bio village - 50g","p":1.45,"u":"29,00 €/KG","img":"https://fd15-photos.leclercdrive.fr/image.ashx?id=2887422&use=l&cat=p&typeid=i","cat":314035},{"id":86975,"n":"Céréales et Lentilles Ebly Sachets cuisson 10min - 3x100g","p":3.9,"u":"13,00 €/KG","img":"https://fd15-photos.leclercdrive.fr/image.ashx?id=2286269&use=l&cat=p&typeid=i","cat":284429},{"id":86976,"n":"Couscous en perles Ebly Sachets cuisson 10min - 3x100g","p":4.15,"u":"13,83 €/KG","img":"https://fd15-photos.leclercdrive.fr/image.ashx?id=2286272&use=l&cat=p&typeid=i","cat":284429},{"id":86996,"n":"Muesli Chaque jour sans Gluten  Croustillant fruit sec bio-375g","p":4.89,"u":"13,04 €/KG","img":"https://fd15-photos.leclercdrive.fr/image.ashx?id=2554520&use=l&cat=p&typeid=i","cat":318654},{"id":87001,"n":"Petits Pois Notre Jardin 600g","p":1.99,"u":"3,32 €/KG","img":"https://fd15-photos.leclercdrive.fr/image.ashx?id=2873156&use=l&cat=p&typeid=i","cat":319805},{"id":87065,"n":"Yaourts aux fruits Délisse Saveur Orientale - 8x125g","p":3.65,"u":"3,65 €/KG","img":"https://fd15-photos.leclercdrive.fr/image.ashx?id=2520304&use=l&cat=p&typeid=i","cat":284410},{"id":87066,"n":"Yaourts aux fruits Délisse  Saveur d'Asie - 8x125g","p":3.85,"u":"3,85 €/KG","img":"https://fd15-photos.leclercdrive.fr/image.ashx?id=2465053&use=l&cat=p&typeid=i","cat":284410},{"id":87067,"n":"Yaourt à boire P'tit max  Délisse Fraise - 6x180g","p":3.65,"u":"3,38 €/KG","img":"https://fd15-photos.leclercdrive.fr/image.ashx?id=2762510&use=l&cat=p&typeid=i","cat":284415},{"id":87074,"n":"Nappe Damassée Homeside Grise - 7m","p":5.9,"img":"https://fd15-photos.leclercdrive.fr/image.ashx?id=1659750&use=l&cat=p&typeid=i","cat":334134},{"id":87081,"n":"Serviettes en papier Homeside Rouge - 33x33cm - x50","p":1.9,"img":"https://fd15-photos.leclercdrive.fr/image.ashx?id=1659723&use=l&cat=p&typeid=i","cat":334134},{"id":87093,"n":"Eau coiffante Vitanove 150ml","p":2.51,"u":"16,73 €/L","img":"https://fd15-photos.leclercdrive.fr/image.ashx?id=2496419&use=l&cat=p&typeid=i","cat":284609},{"id":87100,"n":"Gel lavant Manava Purifiant mandarine - 300ml","p":1.39,"u":"4,63 €/L","img":"https://fd15-photos.leclercdrive.fr/image.ashx?id=2935519&use=l&cat=p&typeid=i","cat":284597},{"id":87123,"n":"Café Soluble NESCAFÉ Espresso Original, Boîte 95g","p":8.3,"u":"87,37 €/KG","img":"https://fd15-photos.leclercdrive.fr/image.ashx?id=2878372&use=l&cat=p&typeid=i","cat":284843},{"id":87131,"n":"Olives farcies IDOIA IDOIA - 3x120g","p":6.82,"u":"18,94 €/KG","img":"https://fd15-photos.leclercdrive.fr/image.ashx?id=2740340&use=l&cat=p&typeid=i","cat":284450},{"id":87338,"n":"Café dosette Bio Malongo Pur Arabica Laos -x16 104g","p":9.13,"u":"87,79 €/KG","img":"https://fd15-photos.leclercdrive.fr/image.ashx?id=1587117&use=l&cat=p&typeid=i","cat":293241},{"id":87375,"n":"Serviettes Doulys Ultra mince Nuit + large - x9","p":2.7,"u":"0,30 €/P","img":"https://fd15-photos.leclercdrive.fr/image.ashx?id=2839927&use=l&cat=p&typeid=i","cat":284624},{"id":87406,"n":"AOC Corbières Château Etang des Colombes Blanc - 75cl","p":8.39,"u":"11,19 €/L","img":"https://fd15-photos.leclercdrive.fr/image.ashx?id=1565698&use=l&cat=p&typeid=i","cat":289557},{"id":87437,"n":"Cahier Koverbook Clairefontaine Noir - 21x29.7cm - 96 pages","p":3.49,"img":"https://fd15-photos.leclercdrive.fr/image.ashx?id=1699346&use=l&cat=p&typeid=i","cat":284697},{"id":87701,"n":"Carrés feuilletés Croustipate x4 - 240g","p":2.15,"u":"8,96 €/KG","img":"https://fd15-photos.leclercdrive.fr/image.ashx?id=2875069&use=l&cat=p&typeid=i","cat":333681},{"id":87849,"n":"Boisson végétale Alpro lait de coco riz - 1l","p":3.38,"u":"3,38 €/L","img":"https://fd15-photos.leclercdrive.fr/image.ashx?id=2790243&use=l&cat=p&typeid=i","cat":316067},{"id":87916,"n":"Yéti géant Original x12 - 1.2kg","p":8.23,"u":"6,86 €/KG","img":"https://fd15-photos.leclercdrive.fr/image.ashx?id=1603583&use=l&cat=p&typeid=i","cat":285250},{"id":87917,"n":"Bâtonnets Yeti Hypnotic x6 432g","p":5.39,"u":"12,48 €/KG","img":"https://fd15-photos.leclercdrive.fr/image.ashx?id=1603514&use=l&cat=p&typeid=i","cat":285250},{"id":87923,"n":"Compotes  gourdes Pom'Potes Multivariétés - 12x90g","p":7.75,"u":"7,18 €/KG","img":"https://fd15-photos.leclercdrive.fr/image.ashx?id=3010942&use=l&cat=p&typeid=i","cat":284508},{"id":87924,"n":"Dosettes café Senseo Classique x40","p":9.85,"u":"35,56 €/KG","img":"https://fd15-photos.leclercdrive.fr/image.ashx?id=2876326&use=l&cat=p&typeid=i","cat":293238},{"id":87925,"n":"Dosettes café Senseo Corsé x40","p":9.85,"u":"35,56 €/KG","img":"https://fd15-photos.leclercdrive.fr/image.ashx?id=2393581&use=l&cat=p&typeid=i","cat":293238},{"id":87926,"n":"Dosettes café Senseo Doux x40","p":9.99,"u":"36,06 €/KG","img":"https://fd15-photos.leclercdrive.fr/image.ashx?id=2337567&use=l&cat=p&typeid=i","cat":293238},{"id":87927,"n":"Dosettes café Senseo Décaféiné x40","p":10.31,"u":"37,22 €/KG","img":"https://fd15-photos.leclercdrive.fr/image.ashx?id=2324921&use=l&cat=p&typeid=i","cat":293238},{"id":87931,"n":"Dosettes café Senseo Doux x54","p":16.37,"u":"43,65 €/KG","img":"https://fd15-photos.leclercdrive.fr/image.ashx?id=2289951&use=l&cat=p&typeid=i","cat":293238},{"id":87949,"n":"Sirop La Maison Guiot Menthe glaciale - 70cl","p":6.49,"u":"9,27 €/L","img":"https://fd15-photos.leclercdrive.fr/image.ashx?id=2138473&use=l&cat=p&typeid=i","cat":295020},{"id":88038,"n":"Wraps Dr Schär Sans gluten - 160g","p":4.99,"u":"31,19 €/KG","img":"https://fd15-photos.leclercdrive.fr/image.ashx?id=2137069&use=l&cat=p&typeid=i","cat":288993},{"id":88053,"n":"Lasagne à la bolognaise Marie - 1 kg","p":10.55,"u":"10,55 €/KG","img":"https://fd15-photos.leclercdrive.fr/image.ashx?id=2993394&use=l&cat=p&typeid=i","cat":284254},{"id":88054,"n":"Fromage à tartiner Madame Loïk Fouetté Nat. Sel réduit - 150g","p":2.79,"u":"18,60 €/KG","img":"https://fd15-photos.leclercdrive.fr/image.ashx?id=2948018&use=l&cat=p&typeid=i","cat":314029},{"id":88064,"n":"Matière grasse Primevere 63%MG - oméga 3 - 250g","p":3.13,"u":"12,52 €/KG","img":"https://fd15-photos.leclercdrive.fr/image.ashx?id=2939325&use=l&cat=p&typeid=i","cat":315229},{"id":88130,"n":"AOC Bordeaux Vin rouge Bio Château Rose Palenne - 75cl","p":11.79,"u":"15,72 €/L","img":"https://fd15-photos.leclercdrive.fr/image.ashx?id=2283099&use=l&cat=p&typeid=i","cat":289556},{"id":88214,"n":"Céréales bébé Blédine 15 mois  vanille pépites  - 400g","p":4.35,"u":"10,88 €/KG","img":"https://fd15-photos.leclercdrive.fr/image.ashx?id=2760814&use=l&cat=p&typeid=i","cat":312225},{"id":88218,"n":"Céréales bébé Blédine 15 mois  Briochée pépite - 400g","p":3.87,"u":"9,68 €/KG","img":"https://fd15-photos.leclercdrive.fr/image.ashx?id=2763127&use=l&cat=p&typeid=i","cat":312225},{"id":88331,"n":"Gélule gaz intestinaux Juvamine Charbon+Levure - x45","p":6.5,"u":"0,14 €/P","img":"https://fd15-photos.leclercdrive.fr/image.ashx?id=2773373&use=l&cat=p&typeid=i","cat":313217},{"id":88339,"n":"Purée de sésame Jardin Bio Tahini bio - 350g","p":10.35,"u":"29,57 €/KG","img":"https://fd15-photos.leclercdrive.fr/image.ashx?id=3000183&use=l&cat=p&typeid=i","cat":284481},{"id":88340,"n":"Berries Haribo Sachet bonbons - 200g","p":2.79,"u":"13,95 €/KG","img":"https://fd15-photos.leclercdrive.fr/image.ashx?id=2982411&use=l&cat=p&typeid=i","cat":304250},{"id":88344,"n":"Bonbons Regal'ad Krema 590g","p":7.39,"u":"12,53 €/KG","img":"https://fd15-photos.leclercdrive.fr/image.ashx?id=2806351&use=l&cat=p&typeid=i","cat":304250},{"id":88359,"n":"Bougies et chiffres Vahiné Plastique","p":4.85,"img":"https://fd15-photos.leclercdrive.fr/image.ashx?id=2402702&use=l&cat=p&typeid=i","cat":335913},{"id":88396,"n":"Matière grasse St Hubert  Omega3 - 1/2 sel - 52% MG -250g","p":3.0,"u":"12,00 €/KG","img":"https://fd15-photos.leclercdrive.fr/image.ashx?id=2886094&use=l&cat=p&typeid=i","cat":315229},{"id":88413,"n":"Beurre Allégé Elle&Vire Doux - 41% MG - 250g","p":2.89,"u":"11,56 €/KG","img":"https://fd15-photos.leclercdrive.fr/image.ashx?id=2969169&use=l&cat=p&typeid=i","cat":284379},{"id":88414,"n":"Boisson a base de thé Fresh Tea Thé vert saveur menthe 1L","p":1.77,"u":"1,77 €/L","img":"https://fd15-photos.leclercdrive.fr/image.ashx?id=2622272&use=l&cat=p&typeid=i","cat":295019},{"id":88417,"n":"Matière grasse St Hubert 51%MG-Sans huile de palme -500g","p":5.24,"u":"10,48 €/KG","img":"https://fd15-photos.leclercdrive.fr/image.ashx?id=2734117&use=l&cat=p&typeid=i","cat":315229},{"id":88442,"n":"Arrangé Isautier Banane Flambée - 40%vol - 50cl","p":23.54,"u":"47,08 €/L","img":"https://fd15-photos.leclercdrive.fr/image.ashx?id=2686903&use=l&cat=p&typeid=i","cat":284551},{"id":88446,"n":"Fromage Le Rustique Tomme  Fruitée - 280g","p":5.5,"u":"19,64 €/KG","img":"https://fd15-photos.leclercdrive.fr/image.ashx?id=2921549&use=l&cat=p&typeid=i","cat":329184},{"id":88447,"n":"Coulommiers Coeur de Lion x10 - 350g","p":5.02,"u":"14,34 €/KG","img":"https://fd15-photos.leclercdrive.fr/image.ashx?id=2342078&use=l&cat=p&typeid=i","cat":314033},{"id":88448,"n":"Fromage à Tartiner Carré Frais  Nature 0% - 8 Portions - 200g","p":3.6,"u":"18,00 €/KG","img":"https://fd15-photos.leclercdrive.fr/image.ashx?id=2868684&use=l&cat=p&typeid=i","cat":314029},{"id":88451,"n":"AOP Champagne Chanoine Frères Brut - 75cl","p":36.75,"u":"49,00 €/L","img":"https://fd15-photos.leclercdrive.fr/image.ashx?id=2673217&use=l&cat=p&typeid=i","cat":284542},{"id":88460,"n":"Fromage de Chèvre Chavroux  9 Portions - 162g","p":3.9,"u":"24,07 €/KG","img":"https://fd15-photos.leclercdrive.fr/image.ashx?id=2936689&use=l&cat=p&typeid=i","cat":314031},{"id":88461,"n":"Salami Danois  Saint-Azay x16 - 160g","p":2.48,"u":"15,50 €/KG","img":"https://fd15-photos.leclercdrive.fr/image.ashx?id=2708354&use=l&cat=p&typeid=i","cat":316007},{"id":88538,"n":"Fromage à tartiner St Môret Nature léger - 150g","p":4.49,"u":"29,93 €/KG","img":"https://fd15-photos.leclercdrive.fr/image.ashx?id=2755462&use=l&cat=p&typeid=i","cat":314029},{"id":88542,"n":"Tomato Ketchup Allégé Heinz 50% sucre/sel en moins - 435g","p":2.79,"u":"6,41 €/KG","img":"https://fd15-photos.leclercdrive.fr/image.ashx?id=2973357&use=l&cat=p&typeid=i","cat":284455},{"id":88561,"n":"Céréales bébé Blédine 6 mois  Multi céréales - 400g","p":5.5,"u":"13,75 €/KG","img":"https://fd15-photos.leclercdrive.fr/image.ashx?id=2763118&use=l&cat=p&typeid=i","cat":312225},{"id":88563,"n":"AOP Côtes du Rhône Vin rouge E. Guigal - 75cl","p":21.8,"u":"29,07 €/L","img":"https://fd15-photos.leclercdrive.fr/image.ashx?id=2555658&use=l&cat=p&typeid=i","cat":289556},{"id":88567,"n":"Céréales bébé Blédine 8 mois Briochée - 400g","p":4.35,"u":"10,88 €/KG","img":"https://fd15-photos.leclercdrive.fr/image.ashx?id=2774238&use=l&cat=p&typeid=i","cat":312225},{"id":88575,"n":"Poivron doux rouge  1kg","p":5.99,"u":"5,99 €/KG","img":"https://fd15-photos.leclercdrive.fr/image.ashx?id=1632938&use=l&cat=p&typeid=i","cat":284352},{"id":88596,"n":"Caillé pur brebis Petit Basque Nature - 2x125g","p":2.75,"u":"11,00 €/KG","img":"https://fd15-photos.leclercdrive.fr/image.ashx?id=2214894&use=l&cat=p&typeid=i","cat":314998},{"id":88597,"n":"Caillé pur brebis Petit Basque Vanille - 2x125g","p":2.75,"u":"11,00 €/KG","img":"https://fd15-photos.leclercdrive.fr/image.ashx?id=2217524&use=l&cat=p&typeid=i","cat":314998},{"id":88600,"n":"Yaourt de brebis Petit Basque Citron - 2x125g","p":2.35,"u":"9,40 €/KG","img":"https://fd15-photos.leclercdrive.fr/image.ashx?id=2848836&use=l&cat=p&typeid=i","cat":314998},{"id":88674,"n":"Flageolets extra fins D'aucy 1kg","p":4.95,"u":"4,95 €/KG","img":"https://fd15-photos.leclercdrive.fr/image.ashx?id=2243299&use=l&cat=p&typeid=i","cat":319805},{"id":88698,"n":"Citrons bio Bio Village Sachet x4","p":3.8,"u":"0,95 €/P","img":"https://fd15-photos.leclercdrive.fr/image.ashx?id=2805063&use=l&cat=p&typeid=i","cat":284356},{"id":88707,"n":"Endive bio Bio Village Sachet 400g","p":8.55,"u":"21,38 €/KG","img":"https://fd15-photos.leclercdrive.fr/image.ashx?id=2655619&use=l&cat=p&typeid=i","cat":284352},{"id":88981,"n":"Tablette chocolat au lait Milka Caramel - 3x100g","p":5.99,"u":"19,97 €/KG","img":"https://fd15-photos.leclercdrive.fr/image.ashx?id=2617078&use=l&cat=p&typeid=i","cat":284497},{"id":88986,"n":"Barre Chocolat au Lait KitKat x6 barres - 249g","p":3.7,"u":"14,86 €/KG","img":"https://fd15-photos.leclercdrive.fr/image.ashx?id=2989426&use=l&cat=p&typeid=i","cat":284498},{"id":89054,"n":"Bière blonde Kronenbourg 4,2° - 50cl canette","p":1.95,"u":"3,90 €/L","img":"https://fd15-photos.leclercdrive.fr/image.ashx?id=1586574&use=l&cat=p&typeid=i","cat":334853},{"id":89088,"n":"Boisson au Soja Alpro Goût vanille - 1L","p":3.38,"u":"3,38 €/L","img":"https://fd15-photos.leclercdrive.fr/image.ashx?id=2944383&use=l&cat=p&typeid=i","cat":316067},{"id":89089,"n":"Boisson végétale Alpro Soja sans sucres - 1L","p":2.59,"u":"2,59 €/L","img":"https://fd15-photos.leclercdrive.fr/image.ashx?id=2980082&use=l&cat=p&typeid=i","cat":316067},{"id":89090,"n":"Boisson végétale Alpro Soja - 1L","p":1.99,"u":"1,99 €/L","img":"https://fd15-photos.leclercdrive.fr/image.ashx?id=2977681&use=l&cat=p&typeid=i","cat":316067},{"id":89092,"n":"Boisson au soja Alpro Saveur chocolat - 1L","p":3.38,"u":"3,38 €/L","img":"https://fd15-photos.leclercdrive.fr/image.ashx?id=1889294&use=l&cat=p&typeid=i","cat":316067},{"id":89093,"n":"Boisson végétale Alpro avoine - 1l","p":3.38,"u":"3,38 €/L","img":"https://fd15-photos.leclercdrive.fr/image.ashx?id=2986852&use=l&cat=p&typeid=i","cat":316067},{"id":89094,"n":"Boisson végétale lait d'amande grillée sans sucre alpro - 1l","p":3.38,"u":"3,38 €/L","img":"https://fd15-photos.leclercdrive.fr/image.ashx?id=2985543&use=l&cat=p&typeid=i","cat":316067},{"id":89134,"n":"Sauce Tuche Colona 470g","p":4.36,"u":"9,28 €/KG","img":"https://fd15-photos.leclercdrive.fr/image.ashx?id=2687119&use=l&cat=p&typeid=i","cat":318431},{"id":89160,"n":"Recharge liquide nettoyant Swiffer WetJet - 1.25L","p":8.25,"u":"6,60 €/L","img":"https://fd15-photos.leclercdrive.fr/image.ashx?id=2867800&use=l&cat=p&typeid=i","cat":325364},{"id":89190,"n":"Carotte Bio Bio Village 1kg","p":2.49,"u":"2,49 €/KG","img":"https://fd15-photos.leclercdrive.fr/image.ashx?id=1457160&use=l&cat=p&typeid=i","cat":284352},{"id":89196,"n":"Eau gazeuse aromatisée Badoit Citron vert - 1L","p":3.4,"u":"3,40 €/L","img":"https://fd15-photos.leclercdrive.fr/image.ashx?id=2730658&use=l&cat=p&typeid=i","cat":284536},{"id":89197,"n":"Eau gazeuse aromatisée Badoit Pamplemousse citron - 1L","p":2.95,"u":"2,95 €/L","img":"https://fd15-photos.leclercdrive.fr/image.ashx?id=2730655&use=l&cat=p&typeid=i","cat":284536},{"id":89198,"n":"Eau gazeuse aromatisée Badoit Citron menthe - 1L","p":2.95,"u":"2,95 €/L","img":"https://fd15-photos.leclercdrive.fr/image.ashx?id=2730661&use=l&cat=p&typeid=i","cat":284536},{"id":89316,"n":"Fromage Carré de Normandie NRT 200g","p":2.5,"u":"12,50 €/KG","img":"https://fd15-photos.leclercdrive.fr/image.ashx?id=2488377&use=l&cat=p&typeid=i","cat":314033},{"id":89329,"n":"Dentifrice Aquafresh Triple protection menthe - 75ml","p":2.17,"u":"28,93 €/L","img":"https://fd15-photos.leclercdrive.fr/image.ashx?id=2487614&use=l&cat=p&typeid=i","cat":284612},{"id":89338,"n":"Soin anti-rides Inell Q10 Jour - 50ml","p":5.09,"u":"101,80 €/L","img":"https://fd15-photos.leclercdrive.fr/image.ashx?id=2822132&use=l&cat=p&typeid=i","cat":325345},{"id":89341,"n":"Gel lavant recharge Manava Antibactérien Mandarine - 250ml","p":0.91,"u":"3,64 €/L","img":"https://fd15-photos.leclercdrive.fr/image.ashx?id=2935522&use=l&cat=p&typeid=i","cat":284597},{"id":89344,"n":"Serviettes Normal Doulys Ultra mince - x28","p":2.42,"u":"0,09 €/P","img":"https://fd15-photos.leclercdrive.fr/image.ashx?id=2789143&use=l&cat=p&typeid=i","cat":284624},{"id":89345,"n":"Serviettes Super Doulys Ultra mince - x24","p":2.81,"u":"0,12 €/P","img":"https://fd15-photos.leclercdrive.fr/image.ashx?id=2839931&use=l&cat=p&typeid=i","cat":284624},{"id":89346,"n":"Serviettes Nuit Doulys Ultra mince - x20","p":2.8,"u":"0,14 €/P","img":"https://fd15-photos.leclercdrive.fr/image.ashx?id=2839935&use=l&cat=p&typeid=i","cat":284624},{"id":89370,"n":"AOP Beaumes de Venise Rouge Romain Duvernay 75cl","p":12.09,"u":"16,12 €/L","img":"https://fd15-photos.leclercdrive.fr/image.ashx?id=2559613&use=l&cat=p&typeid=i","cat":289556},{"id":89483,"n":"Salade & Cie Sodebo Stockhlom Saumon Pâtes - 320g","p":8.8,"u":"27,50 €/KG","img":"https://fd15-photos.leclercdrive.fr/image.ashx?id=2795722&use=l&cat=p&typeid=i","cat":333657},{"id":89502,"n":"Assortiment créole Pic'express 390g","p":5.95,"u":"15,26 €/KG","img":"https://fd15-photos.leclercdrive.fr/image.ashx?id=2674948&use=l&cat=p&typeid=i","cat":333673},{"id":89506,"n":"Oeufs Plein air  Eco + x12","p":5.89,"u":"0,49 €/P","img":"https://fd15-photos.leclercdrive.fr/image.ashx?id=2696244&use=l&cat=p&typeid=i","cat":284378},{"id":89515,"n":"Velouté de légumes Régal Soupe Instantané - 64g","p":1.31,"u":"20,47 €/KG","img":"https://fd15-photos.leclercdrive.fr/image.ashx?id=2865083&use=l&cat=p&typeid=i","cat":293527},{"id":89519,"n":"Bouillon chinois Régal Soupe Instantané - 48g","p":1.65,"u":"34,38 €/KG","img":"https://fd15-photos.leclercdrive.fr/image.ashx?id=2071345&use=l&cat=p&typeid=i","cat":288992},{"id":89520,"n":"Mouliné 10 légumes Régal Soupe Instantané - 80g","p":2.15,"u":"26,88 €/KG","img":"https://fd15-photos.leclercdrive.fr/image.ashx?id=1886623&use=l&cat=p&typeid=i","cat":293527},{"id":89521,"n":"Crème de champignon Régal Soupe Instantané - 80g","p":2.39,"u":"29,88 €/KG","img":"https://fd15-photos.leclercdrive.fr/image.ashx?id=2071348&use=l&cat=p&typeid=i","cat":293527},{"id":89522,"n":"Barre bretonne Ker Cadélac 800g","p":6.79,"u":"8,49 €/KG","img":"https://fd15-photos.leclercdrive.fr/image.ashx?id=2956146&use=l&cat=p&typeid=i","cat":294776},{"id":89523,"n":"Madeleines coquilles Eco+ Aux oeufs - 500g","p":2.95,"u":"5,90 €/KG","img":"https://fd15-photos.leclercdrive.fr/image.ashx?id=2780671&use=l&cat=p&typeid=i","cat":284492},{"id":89524,"n":"Moelleux Ker Cadélac Original - 690g","p":6.0,"u":"8,70 €/KG","img":"https://fd15-photos.leclercdrive.fr/image.ashx?id=2959937&use=l&cat=p&typeid=i","cat":294776},{"id":89695,"n":"Poulet Weight Watchers Curry-coco - 300g","p":5.39,"u":"17,97 €/KG","img":"https://fd15-photos.leclercdrive.fr/image.ashx?id=2827203&use=l&cat=p&typeid=i","cat":333665},{"id":89794,"n":"AOP Collioure Vin rouge Les Clos de Paulilles - 75cl","p":19.91,"u":"26,55 €/L","img":"https://fd15-photos.leclercdrive.fr/image.ashx?id=2335124&use=l&cat=p&typeid=i","cat":289556},{"id":89838,"n":"boisson végétale gourmande  bjorg  amande noisette bio - 1l","p":5.75,"u":"5,75 €/L","img":"https://fd15-photos.leclercdrive.fr/image.ashx?id=2239525&use=l&cat=p&typeid=i","cat":316067},{"id":89854,"n":"boisson végétale lait d'amande bio bjorg 50cl","p":3.65,"u":"7,30 €/L","img":"https://fd15-photos.leclercdrive.fr/image.ashx?id=2276870&use=l&cat=p&typeid=i","cat":316067},{"id":89897,"n":"Boisson Végétale lait d'amande grillée bio - 1l","p":5.45,"u":"5,45 €/L","img":"https://fd15-photos.leclercdrive.fr/image.ashx?id=2912065&use=l&cat=p&typeid=i","cat":316067},{"id":89912,"n":"Crème Fraîche Bio Isigny  Pot Plastique 35% - 20cl","p":2.15,"u":"10,75 €/L","img":"https://fd15-photos.leclercdrive.fr/image.ashx?id=2643527&use=l&cat=p&typeid=i","cat":284381},{"id":89914,"n":"Bouillon Cube Maggi Légumes x18 - 180g","p":2.69,"u":"14,94 €/KG","img":"https://fd15-photos.leclercdrive.fr/image.ashx?id=2737039&use=l&cat=p&typeid=i","cat":288379},{"id":89930,"n":"Mélange bio Happy Bio Blé pois chiche lentilles -500g","p":5.69,"u":"11,38 €/KG","img":"https://fd15-photos.leclercdrive.fr/image.ashx?id=2654309&use=l&cat=p&typeid=i","cat":284429},{"id":90021,"n":"Thon Le Mariné Petit Navire Emietté -Tomates séchées - 110g","p":3.48,"u":"31,64 €/KG","img":"https://fd15-photos.leclercdrive.fr/image.ashx?id=2682857&use=l&cat=p&typeid=i","cat":303867},{"id":90056,"n":"Quinotto Jardin Bio Bio légumes parmesan - 220g","p":3.6,"u":"16,36 €/KG","img":"https://fd15-photos.leclercdrive.fr/image.ashx?id=2535421&use=l&cat=p&typeid=i","cat":287600},{"id":90058,"n":"Ravioli Jardin Bio Bio chèvre ciboulette - 250g","p":5.55,"u":"22,20 €/KG","img":"https://fd15-photos.leclercdrive.fr/image.ashx?id=2534842&use=l&cat=p&typeid=i","cat":287600},{"id":90071,"n":"Champagne Ruinart Brut 75cl","p":71.85,"u":"95,80 €/L","img":"https://fd15-photos.leclercdrive.fr/image.ashx?id=1933785&use=l&cat=p&typeid=i","cat":284542},{"id":90072,"n":"Champagne Ruinart Blanc de Blanc - 75cl","p":110.25,"u":"147,00 €/L","img":"https://fd15-photos.leclercdrive.fr/image.ashx?id=3012457&use=l&cat=p&typeid=i","cat":284542},{"id":90073,"n":"Champagne Ruinart Brut Rosé - 75cl","p":116.9,"u":"155,87 €/L","img":"https://fd15-photos.leclercdrive.fr/image.ashx?id=1885239&use=l&cat=p&typeid=i","cat":284542},{"id":90082,"n":"Ciboulette Ducros 4g","p":1.99,"u":"497,50 €/KG","img":"https://fd15-photos.leclercdrive.fr/image.ashx?id=2559487&use=l&cat=p&typeid=i","cat":298297},{"id":90120,"n":"Crème Saint Agur  155g","p":3.65,"u":"23,55 €/KG","img":"https://fd15-photos.leclercdrive.fr/image.ashx?id=2760014&use=l&cat=p&typeid=i","cat":314029},{"id":90122,"n":"Camembert Coeur de Lion 250g","p":3.27,"u":"13,08 €/KG","img":"https://fd15-photos.leclercdrive.fr/image.ashx?id=3008185&use=l&cat=p&typeid=i","cat":314033},{"id":90182,"n":"Savon Bionaïa Lait d'anesse - 100g","p":2.67,"u":"26,70 €/KG","img":"https://fd15-photos.leclercdrive.fr/image.ashx?id=2491047&use=l&cat=p&typeid=i","cat":284597},{"id":90213,"n":"Bière blonde Duvel  Tripel Hop 9.5%vol. - 33cl","p":4.55,"u":"13,79 €/L","img":"https://fd15-photos.leclercdrive.fr/image.ashx?id=2111133&use=l&cat=p&typeid=i","cat":334872},{"id":90278,"n":"Set 3 casseroles Homeside 16-18-20cm +manche amovible","p":69.95,"img":"https://fd15-photos.leclercdrive.fr/image.ashx?id=1474505&use=l&cat=p&typeid=i","cat":298490},{"id":90394,"n":"Champagne Canard Duchêne Brut 12%vol - 1.5L","p":75.05,"u":"50,03 €/L","img":"https://fd15-photos.leclercdrive.fr/image.ashx?id=2581690&use=l&cat=p&typeid=i","cat":284542},{"id":90553,"n":"Sauce Tables du Monde Tikka Massala - 350g","p":2.69,"u":"7,69 €/KG","img":"https://fd15-photos.leclercdrive.fr/image.ashx?id=2556523&use=l&cat=p&typeid=i","cat":288992},{"id":90580,"n":"Mélange 4 baies bio Ducros 25g","p":4.5,"u":"180,00 €/KG","img":"https://fd15-photos.leclercdrive.fr/image.ashx?id=2484104&use=l&cat=p&typeid=i","cat":284457},{"id":90581,"n":"Poivre noir bio Ducros Moulin - 30g","p":4.15,"u":"138,33 €/KG","img":"https://fd15-photos.leclercdrive.fr/image.ashx?id=2484107&use=l&cat=p&typeid=i","cat":284457},{"id":90632,"n":"Mozzarella Bio Bio Village AOP Di Bufalla - 125g","p":4.39,"u":"35,12 €/KG","img":"https://fd15-photos.leclercdrive.fr/image.ashx?id=2726712&use=l&cat=p&typeid=i","cat":314026},{"id":90633,"n":"Ricotta Bio Village Bio - 250g","p":2.39,"u":"9,56 €/KG","img":"https://fd15-photos.leclercdrive.fr/image.ashx?id=2185800&use=l&cat=p&typeid=i","cat":314026},{"id":90643,"n":"Thé vert Bio Clipper Mangue - 20 sachets - 35g","p":4.92,"u":"140,57 €/KG","img":"https://fd15-photos.leclercdrive.fr/image.ashx?id=2916420&use=l&cat=p&typeid=i","cat":293233},{"id":90667,"n":"Céréales Chocapic Nestlé Bio - 375g","p":4.65,"u":"12,40 €/KG","img":"https://fd15-photos.leclercdrive.fr/image.ashx?id=2997262&use=l&cat=p&typeid=i","cat":309513},{"id":90673,"n":"Pâte à tartiner Alter Eco Bio Sans huile de palme - 270g","p":4.99,"u":"18,48 €/KG","img":"https://fd15-photos.leclercdrive.fr/image.ashx?id=2264195&use=l&cat=p&typeid=i","cat":284481},{"id":90675,"n":"Crème dessert Mont Blanc Boîte Chocolat - 570g","p":4.5,"u":"7,89 €/KG","img":"https://fd15-photos.leclercdrive.fr/image.ashx?id=3011614&use=l&cat=p&typeid=i","cat":284506},{"id":90676,"n":"Crème dessert Mont Blanc Boîte Vanille - 570g","p":4.5,"u":"7,89 €/KG","img":"https://fd15-photos.leclercdrive.fr/image.ashx?id=3008830&use=l&cat=p&typeid=i","cat":284506},{"id":90682,"n":"Génoise P'tit Déli Fraise - 150g","p":2.15,"u":"14,33 €/KG","img":"https://fd15-photos.leclercdrive.fr/image.ashx?id=2482505&use=l&cat=p&typeid=i","cat":284489},{"id":90689,"n":"Lotus Biscoff Speculoos Biscuit Pocket 248g (16x2p)","p":3.03,"u":"12,22 €/KG","img":"https://fd15-photos.leclercdrive.fr/image.ashx?id=2694986&use=l&cat=p&typeid=i","cat":284487},{"id":90693,"n":"Chair et pattes de crabe Eco+ 121g","p":4.9,"u":"40,50 €/KG","img":"https://fd15-photos.leclercdrive.fr/image.ashx?id=2646985&use=l&cat=p&typeid=i","cat":305147},{"id":90697,"n":"Boisson Coco Végé 1L Végé - 200g","p":2.39,"u":"2,39 €/L","img":"https://fd15-photos.leclercdrive.fr/image.ashx?id=2869516&use=l&cat=p&typeid=i","cat":316067},{"id":90725,"n":"Infusion bio Clipper Vanille et saveur fraise - 40g","p":3.69,"u":"92,25 €/KG","img":"https://fd15-photos.leclercdrive.fr/image.ashx?id=2906751&use=l&cat=p&typeid=i","cat":293234},{"id":90728,"n":"Effilés en sauce Purina One Saumon/carottes Junior - 4x85g","p":3.7,"u":"10,88 €/KG","img":"https://fd15-photos.leclercdrive.fr/image.ashx?id=1612554&use=l&cat=p&typeid=i","cat":285286},{"id":90750,"n":"Déodorant homme bille Sanex Men Natur Protect Respect - 50ml","p":4.99,"u":"99,80 €/L","img":"https://fd15-photos.leclercdrive.fr/image.ashx?id=2684644&use=l&cat=p&typeid=i","cat":284618},{"id":90797,"n":"Terrine Campagne Stephan 3x180g","p":8.69,"u":"16,09 €/KG","img":"https://fd15-photos.leclercdrive.fr/image.ashx?id=2830159&use=l&cat=p&typeid=i","cat":305149},{"id":90798,"n":"Velouté Bio Liebig Légumes du soleil - 1L","p":4.85,"u":"4,85 €/L","img":"https://fd15-photos.leclercdrive.fr/image.ashx?id=2643689&use=l&cat=p&typeid=i","cat":284462},{"id":90799,"n":"Soupe Liquide Bio Liebig  Légumes du Soleil - 2x30cl","p":3.95,"u":"6,58 €/L","img":"https://fd15-photos.leclercdrive.fr/image.ashx?id=2643692&use=l&cat=p&typeid=i","cat":284462},{"id":90810,"n":"Soupe Liquide Bouteille Liebig  Velouté 5 Légumes - 75cl","p":3.99,"u":"5,32 €/L","img":"https://fd15-photos.leclercdrive.fr/image.ashx?id=2842552&use=l&cat=p&typeid=i","cat":284462},{"id":90819,"n":"Soupe liquide Knorr Tomate Pointe de basilic - 45cl","p":3.68,"u":"8,18 €/L","img":"https://fd15-photos.leclercdrive.fr/image.ashx?id=2525989&use=l&cat=p&typeid=i","cat":284462},{"id":90822,"n":"Soupe liquide Knorr Légumes du potager - 45cl","p":3.64,"u":"8,09 €/L","img":"https://fd15-photos.leclercdrive.fr/image.ashx?id=2324357&use=l&cat=p&typeid=i","cat":284462},{"id":90843,"n":"Café moulu Grand Mère Familial - 4x250g","p":18.89,"u":"18,89 €/KG","img":"https://fd15-photos.leclercdrive.fr/image.ashx?id=1755049&use=l&cat=p&typeid=i","cat":284750},{"id":90847,"n":"Dosettes café Senseo Grand Mère Corsé x54","p":8.69,"u":"24,41 €/KG","img":"https://fd15-photos.leclercdrive.fr/image.ashx?id=2745817&use=l&cat=p&typeid=i","cat":293238},{"id":90877,"n":"Barre Têtes-Brûlées Cola Framboise Kitache - 200g","p":3.25,"u":"16,25 €/KG","img":"https://fd15-photos.leclercdrive.fr/image.ashx?id=2981148&use=l&cat=p&typeid=i","cat":304250},{"id":90905,"n":"Emmental 32% MG Bio Bio village - 250g","p":3.33,"u":"13,32 €/KG","img":"https://fd15-photos.leclercdrive.fr/image.ashx?id=2425351&use=l&cat=p&typeid=i","cat":314034},{"id":90975,"n":"Céleri branche  1kg","p":3.95,"u":"0,36 €/KG","img":"https://fd15-photos.leclercdrive.fr/image.ashx?id=1631758&use=l&cat=p&typeid=i","cat":284352},{"id":91019,"n":"Pastis de Marseille Sigale 45%vol. - 50cl","p":12.87,"u":"25,74 €/L","img":"https://fd15-photos.leclercdrive.fr/image.ashx?id=2637820&use=l&cat=p&typeid=i","cat":284548},{"id":91020,"n":"Gin Brighton's London Dry 37,5%vol. - 70cl","p":12.83,"u":"18,33 €/L","img":"https://fd15-photos.leclercdrive.fr/image.ashx?id=2869835&use=l&cat=p&typeid=i","cat":284550},{"id":91025,"n":"Pur Jus Bio Village Bio Grenade - 1L","p":4.99,"u":"4,99 €/L","img":"https://fd15-photos.leclercdrive.fr/image.ashx?id=2901545&use=l&cat=p&typeid=i","cat":284916},{"id":91026,"n":"Pur Jus d'orange Bio Village Bio Carotte Citron - 1L","p":4.79,"u":"4,79 €/L","img":"https://fd15-photos.leclercdrive.fr/image.ashx?id=2901557&use=l&cat=p&typeid=i","cat":284521},{"id":91027,"n":"Chips Tortilla Old El Paso Nachips maxi format - 300g","p":6.65,"u":"22,17 €/KG","img":"https://fd15-photos.leclercdrive.fr/image.ashx?id=2737696&use=l&cat=p&typeid=i","cat":288993},{"id":91173,"n":"Sachet fraicheur chat Sheba Poulet saumon en sauce - 6x50g","p":4.49,"u":"14,97 €/KG","img":"https://fd15-photos.leclercdrive.fr/image.ashx?id=2850159&use=l&cat=p&typeid=i","cat":285286},{"id":91176,"n":"Lait Démaquillant Nivea Visage&Yeux Camomille - 200ml","p":6.45,"u":"32,25 €/L","img":"https://fd15-photos.leclercdrive.fr/image.ashx?id=2836097&use=l&cat=p&typeid=i","cat":284603},{"id":91221,"n":"Pâtes Fusili Panzani Créatives - 500G","p":1.82,"u":"3,64 €/KG","img":"https://fd15-photos.leclercdrive.fr/image.ashx?id=2902942&use=l&cat=p&typeid=i","cat":284427},{"id":91232,"n":"Thé vert Twinings Pamplemousse Citron x20 - 32g","p":4.4,"u":"137,50 €/KG","img":"https://fd15-photos.leclercdrive.fr/image.ashx?id=2906766&use=l&cat=p&typeid=i","cat":293233},{"id":91290,"n":"After Eight Chocolat Noël Saveur orange - 400g","p":8.29,"u":"20,73 €/KG","img":"https://fd15-photos.leclercdrive.fr/image.ashx?id=2401327&use=l&cat=p&typeid=i","cat":327595},{"id":91296,"n":"Assortiment chocolats Equador Fins - 195g","p":8.5,"u":"43,59 €/KG","img":"https://fd15-photos.leclercdrive.fr/image.ashx?id=3001214&use=l&cat=p&typeid=i","cat":327595},{"id":91462,"n":"Marrons glacés Equador Morceaux - 250g","p":9.9,"u":"39,60 €/KG","img":"https://fd15-photos.leclercdrive.fr/image.ashx?id=2228013&use=l&cat=p&typeid=i","cat":327603},{"id":91482,"n":"Riz Comptoir du Grain Champignons 2 min - 250g","p":1.99,"u":"7,96 €/KG","img":"https://fd15-photos.leclercdrive.fr/image.ashx?id=2856561&use=l&cat=p&typeid=i","cat":287600},{"id":91485,"n":"Riz long Comptoir du Grain Express 2 min - 250g","p":1.29,"u":"5,16 €/KG","img":"https://fd15-photos.leclercdrive.fr/image.ashx?id=2441393&use=l&cat=p&typeid=i","cat":287600},{"id":91603,"n":"Gel pur So Bio Etic Aloe Vera bio - 125ml","p":10.25,"u":"82,00 €/L","img":"https://fd15-photos.leclercdrive.fr/image.ashx?id=2802497&use=l&cat=p&typeid=i","cat":325345},{"id":91605,"n":"Soin nutritif So Bio Etic Aloe Vera bio - 50ml","p":11.25,"u":"225,00 €/L","img":"https://fd15-photos.leclercdrive.fr/image.ashx?id=2992128&use=l&cat=p&typeid=i","cat":325345},{"id":91607,"n":"Masque SOS Apaisant Sobio Etic Hydra Aloe Vera bio - 50ml","p":11.28,"u":"225,60 €/L","img":"https://fd15-photos.leclercdrive.fr/image.ashx?id=2108027&use=l&cat=p&typeid=i","cat":325346},{"id":91694,"n":"Détartrant Dr.Beckmann Intensif - 250ml","p":4.39,"u":"17,56 €/L","img":"https://fd15-photos.leclercdrive.fr/image.ashx?id=1863849&use=l&cat=p&typeid=i","cat":325357},{"id":91714,"n":"Lingettes Dr.Beckmann Blanc - x15","p":6.43,"u":"0,43 €/P","img":"https://fd15-photos.leclercdrive.fr/image.ashx?id=2736289&use=l&cat=p&typeid=i","cat":290450},{"id":91768,"n":"Roquefort AOP Société Fromage de brebis - 100g","p":3.99,"u":"39,90 €/KG","img":"https://fd15-photos.leclercdrive.fr/image.ashx?id=2729701&use=l&cat=p&typeid=i","cat":314032},{"id":91776,"n":"Crème UHT Elle&Vire Semi-Ep. Entière - 30% MG - 3x20cl","p":5.99,"u":"9,98 €/L","img":"https://fd15-photos.leclercdrive.fr/image.ashx?id=2979866&use=l&cat=p&typeid=i","cat":284381},{"id":91810,"n":"Fromage blanc nature Les 300 Laitiers Bio - 4x100g","p":2.79,"u":"6,98 €/KG","img":"https://fd15-photos.leclercdrive.fr/image.ashx?id=2502323&use=l&cat=p&typeid=i","cat":284409},{"id":91813,"n":"Panés tomate mozza Végé - 2x90g","p":4.3,"u":"23,89 €/KG","img":"https://fd15-photos.leclercdrive.fr/image.ashx?id=2865275&use=l&cat=p&typeid=i","cat":316036},{"id":91814,"n":"Pommes bicolores bio Bio Village Barquette x4","p":2.45,"u":"0,61 €/P","img":"https://fd15-photos.leclercdrive.fr/image.ashx?id=2556538&use=l&cat=p&typeid=i","cat":284356},{"id":91893,"n":"Huile Isio 4 2L +50% offert","p":9.93,"u":"4,97 €/L","img":"https://fd15-photos.leclercdrive.fr/image.ashx?id=2116524&use=l&cat=p&typeid=i","cat":284453},{"id":91903,"n":"Biscuits Délichoc Chocolat noir - 3x150g","p":8.02,"u":"17,82 €/KG","img":"https://fd15-photos.leclercdrive.fr/image.ashx?id=2668332&use=l&cat=p&typeid=i","cat":284488},{"id":91907,"n":"Assortiment Copains Copines Tubo gélifie acide - 600g","p":4.8,"u":"8,00 €/KG","img":"https://fd15-photos.leclercdrive.fr/image.ashx?id=2417219&use=l&cat=p&typeid=i","cat":304250},{"id":91920,"n":"Crème de fromage Saint Agur 155g","p":4.65,"u":"30,00 €/KG","img":"https://fd15-photos.leclercdrive.fr/image.ashx?id=2445217&use=l&cat=p&typeid=i","cat":314032},{"id":91976,"n":"Goustal Lou Pérac  Fromage de brebis - 170g","p":5.79,"u":"34,06 €/KG","img":"https://fd15-photos.leclercdrive.fr/image.ashx?id=2729716&use=l&cat=p&typeid=i","cat":314036},{"id":92027,"n":"Tablette chocolat au lait Lindt Caramel Pointe de sel - 100g","p":3.03,"u":"30,30 €/KG","img":"https://fd15-photos.leclercdrive.fr/image.ashx?id=2750384&use=l&cat=p&typeid=i","cat":284497},{"id":92072,"n":"Ecrasé Pom'lisse Pomme de terre et cèpes - 400g","p":5.2,"u":"13,00 €/KG","img":"https://fd15-photos.leclercdrive.fr/image.ashx?id=2373269&use=l&cat=p&typeid=i","cat":319793},{"id":92073,"n":"Légumes pour Wok Bio Village Bio - 600g","p":3.97,"u":"6,62 €/KG","img":"https://fd15-photos.leclercdrive.fr/image.ashx?id=2898071&use=l&cat=p&typeid=i","cat":319823},{"id":92256,"n":"Gourdes bio bébé Hipp Bio 4 variétés - 8x120g","p":11.99,"u":"12,49 €/KG","img":"https://fd15-photos.leclercdrive.fr/image.ashx?id=2915578&use=l&cat=p&typeid=i","cat":312393},{"id":92275,"n":"Asperges vertes Notre Jardin Pointes bocal - 100g","p":3.09,"u":"30,90 €/KG","img":"https://fd15-photos.leclercdrive.fr/image.ashx?id=2072716&use=l&cat=p&typeid=i","cat":312611},{"id":92292,"n":"Canard extra power gel agrume 750ml","p":3.45,"u":"4,60 €/L","img":"https://fd15-photos.leclercdrive.fr/image.ashx?id=2316781&use=l&cat=p&typeid=i","cat":284662},{"id":92351,"n":"Crème mains Inell Réparatrice - 100ml","p":2.56,"u":"25,60 €/L","img":"https://fd15-photos.leclercdrive.fr/image.ashx?id=2498946&use=l&cat=p&typeid=i","cat":325354},{"id":92356,"n":"Serviettes Hygieniques Vania  Maxi confort super - x16","p":3.11,"u":"0,19 €/P","img":"https://fd15-photos.leclercdrive.fr/image.ashx?id=2908168&use=l&cat=p&typeid=i","cat":284624},{"id":92433,"n":"Yaourt à la Grecque nature Bio Le Petit Basque - 2x150g","p":2.77,"u":"9,23 €/KG","img":"https://fd15-photos.leclercdrive.fr/image.ashx?id=2609773&use=l&cat=p&typeid=i","cat":314999},{"id":92454,"n":"Mini bûche Eskiss Fruits rouge x6 - 328g","p":3.29,"u":"10,03 €/KG","img":"https://fd15-photos.leclercdrive.fr/image.ashx?id=2790994&use=l&cat=p&typeid=i","cat":284266},{"id":92516,"n":"Poélée Légume Wok Notre Jardin Inde - 1kg","p":3.15,"u":"3,15 €/KG","img":"https://fd15-photos.leclercdrive.fr/image.ashx?id=2803957&use=l&cat=p&typeid=i","cat":319823},{"id":92529,"n":"Échalotes traditionnelles bio  Bio Village - 250g","p":3.39,"u":"13,56 €/KG","img":"https://fd15-photos.leclercdrive.fr/image.ashx?id=2922454&use=l&cat=p&typeid=i","cat":284352},{"id":92530,"n":"Cidre fermier Doux NRT IGP  De Bretagne - 3%vol - 75cl","p":4.09,"u":"5,45 €/L","img":"https://fd15-photos.leclercdrive.fr/image.ashx?id=2791117&use=l&cat=p&typeid=i","cat":334880},{"id":92532,"n":"Céréales Quaker Cruesli Chocolat - 900g","p":6.5,"u":"7,22 €/KG","img":"https://fd15-photos.leclercdrive.fr/image.ashx?id=2212153&use=l&cat=p&typeid=i","cat":309512},{"id":92533,"n":"Céréales Quaker Cruesli Chocolat au lait - 450g","p":4.6,"u":"10,22 €/KG","img":"https://fd15-photos.leclercdrive.fr/image.ashx?id=2212156&use=l&cat=p&typeid=i","cat":309512},{"id":92761,"n":"Sacs poubelle 10L Eco+ Salle de bain - x30","p":0.99,"u":"0,03 €/P","img":"https://fd15-photos.leclercdrive.fr/image.ashx?id=2755052&use=l&cat=p&typeid=i","cat":285168},{"id":92782,"n":"Thé glacé Fuze Tea Saveur pêche - 1.25L","p":2.98,"u":"2,38 €/L","img":"https://fd15-photos.leclercdrive.fr/image.ashx?id=2940390&use=l&cat=p&typeid=i","cat":295019},{"id":92818,"n":"Tablette lave-vaisselle Rainett Tout en 1 Bicarbonate x30 -600g","p":9.95,"u":"16,58 €/KG","img":"https://fd15-photos.leclercdrive.fr/image.ashx?id=2506477&use=l&cat=p&typeid=i","cat":284656},{"id":92832,"n":"Chips à l'ancienne Vico 6x30g","p":3.39,"u":"18,83 €/KG","img":"https://fd15-photos.leclercdrive.fr/image.ashx?id=2733931&use=l&cat=p&typeid=i","cat":284447},{"id":92834,"n":"Chips extra Vico 6x30g","p":3.62,"u":"20,11 €/KG","img":"https://fd15-photos.leclercdrive.fr/image.ashx?id=2917816&use=l&cat=p&typeid=i","cat":284447},{"id":92835,"n":"Tuiles Chaque jour sans gluten Goût crème oignon - 170g","p":3.48,"u":"20,47 €/KG","img":"https://fd15-photos.leclercdrive.fr/image.ashx?id=2463407&use=l&cat=p&typeid=i","cat":318654},{"id":92836,"n":"Tuiles Chaque jour sans gluten Goût Paprika - 170g","p":3.48,"u":"20,47 €/KG","img":"https://fd15-photos.leclercdrive.fr/image.ashx?id=2824707&use=l&cat=p&typeid=i","cat":318654},{"id":92837,"n":"Tuiles Chaque jour sans gluten Goût salé - 170g","p":3.57,"u":"21,00 €/KG","img":"https://fd15-photos.leclercdrive.fr/image.ashx?id=2463410&use=l&cat=p&typeid=i","cat":318654},{"id":92838,"n":"Vinaigre Rustica Au jus de citron - 75cl","p":1.62,"u":"2,16 €/L","img":"https://fd15-photos.leclercdrive.fr/image.ashx?id=1515723&use=l&cat=p&typeid=i","cat":298543},{"id":92840,"n":"Vinaigre balsamique Rustica Blanc - 25cl","p":3.09,"u":"12,36 €/L","img":"https://fd15-photos.leclercdrive.fr/image.ashx?id=2603590&use=l&cat=p&typeid=i","cat":298543},{"id":92841,"n":"Huile de tournesol Rustica 50cl","p":2.41,"u":"4,82 €/L","img":"https://fd15-photos.leclercdrive.fr/image.ashx?id=2900349&use=l&cat=p&typeid=i","cat":284453},{"id":92842,"n":"Mélange 4 huiles Rustica Végétales - 50cl","p":3.05,"u":"6,10 €/L","img":"https://fd15-photos.leclercdrive.fr/image.ashx?id=2508885&use=l&cat=p&typeid=i","cat":284453},{"id":92853,"n":"Gaufrettes vanille Chaque jour sans gluten - 125g","p":4.39,"u":"35,12 €/KG","img":"https://fd15-photos.leclercdrive.fr/image.ashx?id=2939076&use=l&cat=p&typeid=i","cat":318654},{"id":92861,"n":"Crème Visage Jour FPS 15 Nivea Hydratante - 50ml","p":7.38,"u":"147,60 €/L","img":"https://fd15-photos.leclercdrive.fr/image.ashx?id=3015335&use=l&cat=p&typeid=i","cat":325345},{"id":93022,"n":"Bière blonde Heineken 20x25cl","p":25.39,"u":"5,08 €/L","img":"https://fd15-photos.leclercdrive.fr/image.ashx?id=3011074&use=l&cat=p&typeid=i","cat":334873},{"id":93029,"n":"Poireau bio Bio Village 750g","p":6.99,"u":"9,32 €/KG","img":"https://fd15-photos.leclercdrive.fr/image.ashx?id=2322956&use=l&cat=p&typeid=i","cat":284352},{"id":93030,"n":"Concombre Bio Bio Village x1","p":2.99,"img":"https://fd15-photos.leclercdrive.fr/image.ashx?id=2334257&use=l&cat=p&typeid=i","cat":284352},{"id":93031,"n":"Raclette nature Les croisés Sans croute - 700g","p":9.5,"u":"13,57 €/KG","img":"https://fd15-photos.leclercdrive.fr/image.ashx?id=2856335&use=l&cat=p&typeid=i","cat":314037},{"id":93036,"n":"Rosette tranchée Cochonou  10 tranches - 93g","p":2.5,"u":"26,88 €/KG","img":"https://fd15-photos.leclercdrive.fr/image.ashx?id=2924107&use=l&cat=p&typeid=i","cat":316007},{"id":93037,"n":"Saucisson sec Tranché Cochonou 30 tranches - 93g","p":2.1,"u":"22,58 €/KG","img":"https://fd15-photos.leclercdrive.fr/image.ashx?id=2924104&use=l&cat=p&typeid=i","cat":316007},{"id":93040,"n":"AOC Crémant de Bordeaux brut  Chantet Blanet - 75cl","p":8.81,"u":"11,75 €/L","img":"https://fd15-photos.leclercdrive.fr/image.ashx?id=2756852&use=l&cat=p&typeid=i","cat":284545},{"id":93041,"n":"Fromage Caprice Des Dieux 300g","p":5.9,"u":"19,67 €/KG","img":"https://fd15-photos.leclercdrive.fr/image.ashx?id=2763178&use=l&cat=p&typeid=i","cat":314033},{"id":93043,"n":"Crème dessert Bio village Bio - 4x95g  - Vanille","p":2.65,"u":"6,97 €/KG","img":"https://fd15-photos.leclercdrive.fr/image.ashx?id=2992648&use=l&cat=p&typeid=i","cat":285041},{"id":93044,"n":"AOC Côtes du Rhône Villages Bio Rouge Rives & Terrasses - 75cl","p":9.04,"u":"12,05 €/L","img":"https://fd15-photos.leclercdrive.fr/image.ashx?id=2644966&use=l&cat=p&typeid=i","cat":289556},{"id":93045,"n":"AOC Corbières BIO vin rouge Prieur Barsanne - 75cl","p":8.53,"u":"11,37 €/L","img":"https://fd15-photos.leclercdrive.fr/image.ashx?id=2632316&use=l&cat=p&typeid=i","cat":289556},{"id":93050,"n":"Poivron Bicolore bio Bio Village x2","p":6.99,"u":"3,50 €/P","img":"https://fd15-photos.leclercdrive.fr/image.ashx?id=2960541&use=l&cat=p&typeid=i","cat":284352},{"id":93070,"n":"Crème dessert Bio Bio village Chocolat - 4x95g","p":2.15,"u":"5,66 €/KG","img":"https://fd15-photos.leclercdrive.fr/image.ashx?id=2992645&use=l&cat=p&typeid=i","cat":285041},{"id":93089,"n":"Cidre fermier Brut NRT IGP  De Bretagne - 3%vol - 75cl","p":2.99,"u":"3,99 €/L","img":"https://fd15-photos.leclercdrive.fr/image.ashx?id=2791114&use=l&cat=p&typeid=i","cat":334880},{"id":93091,"n":"Bûche glacée Eskiss Vanille Caramel Pécan - 534g","p":4.99,"u":"9,34 €/KG","img":"https://fd15-photos.leclercdrive.fr/image.ashx?id=2791329&use=l&cat=p&typeid=i","cat":284266},{"id":93105,"n":"Skyr danone  nature 0%mg - 2x140g","p":5.39,"u":"19,25 €/KG","img":"https://fd15-photos.leclercdrive.fr/image.ashx?id=2810606&use=l&cat=p&typeid=i","cat":284409},{"id":93108,"n":"Bière Desperados Pack de 12x33cl","p":25.2,"u":"6,36 €/L","img":"https://fd15-photos.leclercdrive.fr/image.ashx?id=2983123&use=l&cat=p&typeid=i","cat":334878},{"id":93109,"n":"Bière Desperados Pack de 6x33cl","p":13.35,"u":"6,74 €/L","img":"https://fd15-photos.leclercdrive.fr/image.ashx?id=2999865&use=l&cat=p&typeid=i","cat":334878},{"id":93110,"n":"Epinards hachés à la crème Bio Bio Village - 600g","p":2.34,"u":"3,90 €/KG","img":"https://fd15-photos.leclercdrive.fr/image.ashx?id=2898077&use=l&cat=p&typeid=i","cat":319805},{"id":93111,"n":"Camembert Le Rustique  250g","p":3.78,"u":"15,12 €/KG","img":"https://fd15-photos.leclercdrive.fr/image.ashx?id=2979722&use=l&cat=p&typeid=i","cat":314033},{"id":93112,"n":"Coulommiers Cœur de Lion  350g","p":4.21,"u":"12,03 €/KG","img":"https://fd15-photos.leclercdrive.fr/image.ashx?id=2766286&use=l&cat=p&typeid=i","cat":314033},{"id":93185,"n":"Epinards hachés Bio Bio Village - 600g","p":1.85,"u":"3,08 €/KG","img":"https://fd15-photos.leclercdrive.fr/image.ashx?id=2898083&use=l&cat=p&typeid=i","cat":319805},{"id":93192,"n":"Rognons de boeuf sauce madére Charal - 300g","p":9.3,"u":"31,00 €/KG","img":"https://fd15-photos.leclercdrive.fr/image.ashx?id=1987899&use=l&cat=p&typeid=i","cat":284328},{"id":93193,"n":"Langue de boeuf sauce piquante Charal -  300g","p":7.9,"u":"26,33 €/KG","img":"https://fd15-photos.leclercdrive.fr/image.ashx?id=1987902&use=l&cat=p&typeid=i","cat":333665},{"id":93195,"n":"Boulette de boeuf napolitaine Charal -  300g","p":8.2,"u":"27,33 €/KG","img":"https://fd15-photos.leclercdrive.fr/image.ashx?id=1987908&use=l&cat=p&typeid=i","cat":333665},{"id":93203,"n":"Lessive concentrée Epsil Pure fraîcheur x28 - 980ml","p":5.05,"u":"5,15 €/L","img":"https://fd15-photos.leclercdrive.fr/image.ashx?id=2450047&use=l&cat=p&typeid=i","cat":284640},{"id":93224,"n":"Rhum Neisson blanc 55%vol - 100cl","p":24.4,"u":"24,40 €/L","img":"https://fd15-photos.leclercdrive.fr/image.ashx?id=2021094&use=l&cat=p&typeid=i","cat":284550},{"id":93236,"n":"AOC Crémant de Bourgogne  Veuve Ambal Blanc brut - 75cl","p":20.49,"u":"27,32 €/L","img":"https://fd15-photos.leclercdrive.fr/image.ashx?id=2106574&use=l&cat=p&typeid=i","cat":284545},{"id":93244,"n":"Sauce bolognaise Panzani 425g","p":2.99,"u":"7,04 €/KG","img":"https://fd15-photos.leclercdrive.fr/image.ashx?id=2989096&use=l&cat=p&typeid=i","cat":287599},{"id":93246,"n":"Assortiment Copains Copines Fraises bananes - 250g","p":1.65,"u":"6,60 €/KG","img":"https://fd15-photos.leclercdrive.fr/image.ashx?id=2934724&use=l&cat=p&typeid=i","cat":304250},{"id":93248,"n":"Assortiment Copains Copines Tubo gélifiés doux - 600g","p":5.05,"u":"8,42 €/KG","img":"https://fd15-photos.leclercdrive.fr/image.ashx?id=2934727&use=l&cat=p&typeid=i","cat":304250},{"id":93254,"n":"Assortiment Copains Copines Mini sachets - 500g","p":5.09,"u":"10,18 €/KG","img":"https://fd15-photos.leclercdrive.fr/image.ashx?id=2934736&use=l&cat=p&typeid=i","cat":304250},{"id":93260,"n":"Biscuits Calèche LU Sélection gourmande - 250g","p":6.22,"u":"24,88 €/KG","img":"https://fd15-photos.leclercdrive.fr/image.ashx?id=1916631&use=l&cat=p&typeid=i","cat":284490},{"id":93305,"n":"Arrangé Isautier Gingembre Citron 40° - 50cl","p":26.04,"u":"52,08 €/L","img":"https://fd15-photos.leclercdrive.fr/image.ashx?id=2322193&use=l&cat=p&typeid=i","cat":284551},{"id":93348,"n":"Assortiment 26%mg Les croisés 3 Variétés ss croûte - 700g","p":14.89,"u":"21,27 €/KG","img":"https://fd15-photos.leclercdrive.fr/image.ashx?id=2468861&use=l&cat=p&typeid=i","cat":314037},{"id":93398,"n":"Plat bébé Blédina 12 mois  Butternut dinde - 2x200g","p":3.85,"u":"9,63 €/KG","img":"https://fd15-photos.leclercdrive.fr/image.ashx?id=2975086&use=l&cat=p&typeid=i","cat":312237},{"id":93514,"n":"Frites de poulet Maître Coq 1 kg","p":8.9,"u":"8,90 €/KG","img":"https://fd15-photos.leclercdrive.fr/image.ashx?id=2939478&use=l&cat=p&typeid=i","cat":319780},{"id":93543,"n":"Emincés de jambon Saint-Azay 100g","p":3.3,"u":"33,00 €/KG","img":"https://fd15-photos.leclercdrive.fr/image.ashx?id=2381438&use=l&cat=p&typeid=i","cat":316011},{"id":93574,"n":"Kit pour Burritos 510g","p":4.85,"u":"9,51 €/KG","img":"https://fd15-photos.leclercdrive.fr/image.ashx?id=2679774&use=l&cat=p&typeid=i","cat":288993},{"id":93600,"n":"Dessert végétal soja Alpro Nature à la coco - 500g","p":2.55,"u":"5,10 €/KG","img":"https://fd15-photos.leclercdrive.fr/image.ashx?id=2976080&use=l&cat=p&typeid=i","cat":316071},{"id":93624,"n":"Papier toilette Mimosa Blanc 3 plis - x12","p":5.98,"u":"0,50 €/P","img":"https://fd15-photos.leclercdrive.fr/image.ashx?id=2811869&use=l&cat=p&typeid=i","cat":284634},{"id":93625,"n":"Papier toilette Mimosa Rose 3 plis - x12","p":6.26,"u":"0,52 €/P","img":"https://fd15-photos.leclercdrive.fr/image.ashx?id=2837250&use=l&cat=p&typeid=i","cat":284634},{"id":93690,"n":"Nems à la Crevette et Crabe Tables du Monde x4 - 280g","p":5.39,"u":"19,25 €/KG","img":"https://fd15-photos.leclercdrive.fr/image.ashx?id=2853898&use=l&cat=p&typeid=i","cat":333673},{"id":93700,"n":"Tablette chocolat Côte d'Or Chocolat lait praliné - 200g","p":6.55,"u":"32,75 €/KG","img":"https://fd15-photos.leclercdrive.fr/image.ashx?id=2850222&use=l&cat=p&typeid=i","cat":284497},{"id":93727,"n":"Liquide de rinçage Rainett Pour Lave-vaisselle - 750ml","p":5.19,"u":"6,92 €/L","img":"https://fd15-photos.leclercdrive.fr/image.ashx?id=2338510&use=l&cat=p&typeid=i","cat":284657},{"id":93750,"n":"Ratatouille Cuisinée Cassegrain à la Provençale 380g","p":5.29,"u":"13,92 €/KG","img":"https://fd15-photos.leclercdrive.fr/image.ashx?id=2970831&use=l&cat=p&typeid=i","cat":312612},{"id":93776,"n":"Sauce tomate bio Jardin Bio Provençale - 510g","p":4.22,"u":"8,27 €/KG","img":"https://fd15-photos.leclercdrive.fr/image.ashx?id=2977435&use=l&cat=p&typeid=i","cat":287599},{"id":93790,"n":"Sauce tomate bio Jardin Bio Basilic - 510g","p":4.24,"u":"8,31 €/KG","img":"https://fd15-photos.leclercdrive.fr/image.ashx?id=2918832&use=l&cat=p&typeid=i","cat":287599},{"id":93819,"n":"Poêlée de légume Notre Jardin Wok cuisiné Asie - 1kg","p":4.46,"u":"4,46 €/KG","img":"https://fd15-photos.leclercdrive.fr/image.ashx?id=2878600&use=l&cat=p&typeid=i","cat":319823},{"id":93821,"n":"Nettoyant goudron résine TECH9 300ml","p":4.2,"u":"14,00 €/L","img":"https://fd15-photos.leclercdrive.fr/image.ashx?id=2162474&use=l&cat=p&typeid=i","cat":298252},{"id":93842,"n":"Coton rectangle bébé Eco+ x200","p":4.79,"u":"0,02 €/P","img":"https://fd15-photos.leclercdrive.fr/image.ashx?id=2869760&use=l&cat=p&typeid=i","cat":284739},{"id":93851,"n":"Petit Pois Tendres et Fondants Cassegrain 280g","p":2.75,"u":"9,82 €/KG","img":"https://fd15-photos.leclercdrive.fr/image.ashx?id=2955318&use=l&cat=p&typeid=i","cat":312607},{"id":93854,"n":"Aubergines Cuisinées Cassegrain à la Provençale 375g","p":5.95,"u":"15,87 €/KG","img":"https://fd15-photos.leclercdrive.fr/image.ashx?id=2962086&use=l&cat=p&typeid=i","cat":312612},{"id":93860,"n":"Viande hachée bio- Bio Village  15%mg - 400g","p":7.96,"u":"19,90 €/KG","img":"https://fd15-photos.leclercdrive.fr/image.ashx?id=2946478&use=l&cat=p&typeid=i","cat":319779},{"id":93865,"n":"Drap housse lit Mots d'Enfants Coton bio Blanc/anthracite x2","p":14.9,"img":"https://fd15-photos.leclercdrive.fr/image.ashx?id=2579162&use=l&cat=p&typeid=i","cat":299760},{"id":93951,"n":"Huile fine TECH9 Multi-usage - 125ml","p":3.75,"u":"30,00 €/L","img":"https://fd15-photos.leclercdrive.fr/image.ashx?id=1543706&use=l&cat=p&typeid=i","cat":298253},{"id":94052,"n":"Haricot Vert Cassegrain Extra Fin Ceuillis main 220g","p":3.1,"u":"14,09 €/KG","img":"https://fd15-photos.leclercdrive.fr/image.ashx?id=2955321&use=l&cat=p&typeid=i","cat":312606},{"id":94053,"n":"Gaufrette P'tit Déli Fraise des bois - 160g","p":2.7,"u":"16,88 €/KG","img":"https://fd15-photos.leclercdrive.fr/image.ashx?id=2915299&use=l&cat=p&typeid=i","cat":284489},{"id":94157,"n":"Madeleine moelleuse St-Michel 800g","p":7.65,"u":"9,56 €/KG","img":"https://fd15-photos.leclercdrive.fr/image.ashx?id=2936230&use=l&cat=p&typeid=i","cat":284492},{"id":94163,"n":"Comté AOP Entremont Tranché - 120g","p":4.49,"u":"37,42 €/KG","img":"https://fd15-photos.leclercdrive.fr/image.ashx?id=2983141&use=l&cat=p&typeid=i","cat":314028},{"id":94164,"n":"Fromage Crèmeux Saint Albray  200g","p":4.1,"u":"20,50 €/KG","img":"https://fd15-photos.leclercdrive.fr/image.ashx?id=2731825&use=l&cat=p&typeid=i","cat":329558},{"id":94180,"n":"Croquettes chat Ultima Stérilisé sensible - 3kg","p":22.37,"u":"7,46 €/KG","img":"https://fd15-photos.leclercdrive.fr/image.ashx?id=2906580&use=l&cat=p&typeid=i","cat":284680},{"id":94189,"n":"Sachet chat sénior Perfect Fit dinde poisson sauce - 4x85g","p":3.85,"u":"11,32 €/KG","img":"https://fd15-photos.leclercdrive.fr/image.ashx?id=2759730&use=l&cat=p&typeid=i","cat":285286},{"id":94324,"n":"Rôti de porc Fleury Michon -25% de sel sans nitrite x6 - 210g","p":5.59,"u":"26,62 €/KG","img":"https://fd15-photos.leclercdrive.fr/image.ashx?id=2335505&use=l&cat=p&typeid=i","cat":316009},{"id":94383,"n":"Désodorisant Air Wick Fleur de lotus Relaxant - 250ml","p":5.8,"u":"23,20 €/L","img":"https://fd15-photos.leclercdrive.fr/image.ashx?id=2971930&use=l&cat=p&typeid=i","cat":311626},{"id":94486,"n":"Crackers Epi D'or 250g","p":1.35,"u":"5,40 €/KG","img":"https://fd15-photos.leclercdrive.fr/image.ashx?id=2791326&use=l&cat=p&typeid=i","cat":297000},{"id":94488,"n":"Olives Apéro Borges Farcies aux anchois - 150g","p":3.68,"u":"24,53 €/KG","img":"https://fd15-photos.leclercdrive.fr/image.ashx?id=2648896&use=l&cat=p&typeid=i","cat":284458},{"id":94525,"n":"Biscuits fourrés BN Chocolat - 375g","p":4.9,"u":"13,07 €/KG","img":"https://fd15-photos.leclercdrive.fr/image.ashx?id=2603216&use=l&cat=p&typeid=i","cat":284488},{"id":94635,"n":"Brasse végétal nature Andros 4x100g","p":2.69,"u":"6,73 €/KG","img":"https://fd15-photos.leclercdrive.fr/image.ashx?id=2872012&use=l&cat=p&typeid=i","cat":316071},{"id":94643,"n":"Brassé végétal Andros Framboise - 400g","p":2.99,"u":"7,48 €/KG","img":"https://fd15-photos.leclercdrive.fr/image.ashx?id=2879089&use=l&cat=p&typeid=i","cat":316071},{"id":94644,"n":"Brassé végétal Andros Ananas - 4x100g","p":3.59,"u":"8,98 €/KG","img":"https://fd15-photos.leclercdrive.fr/image.ashx?id=2283249&use=l&cat=p&typeid=i","cat":316071},{"id":94699,"n":"Biscottes Heudebert Blé complet - 280g","p":3.25,"u":"11,61 €/KG","img":"https://fd15-photos.leclercdrive.fr/image.ashx?id=2905060&use=l&cat=p&typeid=i","cat":284479},{"id":94801,"n":"Oeufs frais De Nos Régions Élevées au Sol - x12","p":4.69,"u":"0,39 €/P","img":"https://fd15-photos.leclercdrive.fr/image.ashx?id=2969830&use=l&cat=p&typeid=i","cat":284378},{"id":94833,"n":"Rouleau papier cadeau Esquisse Motifs sur fond bleu - 2mx0,7m","p":1.15,"img":"https://fd15-photos.leclercdrive.fr/image.ashx?id=1762625&use=l&cat=p&typeid=i","cat":335914},{"id":94858,"n":"Oeufs frais De Nos Régions Elevées au sol - Gros - x6","p":3.75,"u":"0,63 €/P","img":"https://fd15-photos.leclercdrive.fr/image.ashx?id=2969848&use=l&cat=p&typeid=i","cat":284378},{"id":94860,"n":"Oeufs frais De Nos Régions Élevées au sol - x6","p":2.25,"u":"0,38 €/P","img":"https://fd15-photos.leclercdrive.fr/image.ashx?id=2969818&use=l&cat=p&typeid=i","cat":284378},{"id":94869,"n":"Le Yaourt à la fraise La Laitière - 4x125g","p":3.71,"u":"7,42 €/KG","img":"https://fd15-photos.leclercdrive.fr/image.ashx?id=2477949&use=l&cat=p&typeid=i","cat":286006},{"id":94922,"n":"Plat à coquilles Alfapac A coquilles Saint-Jacques - x6","p":1.62,"u":"0,27 €/P","img":"https://fd15-photos.leclercdrive.fr/image.ashx?id=2655376&use=l&cat=p&typeid=i","cat":334134},{"id":94925,"n":"Moules à cake Alfapac x6","p":7.28,"u":"1,21 €/P","img":"https://fd15-photos.leclercdrive.fr/image.ashx?id=1554925&use=l&cat=p&typeid=i","cat":334134},{"id":95001,"n":"Feuilletés apéritifs  Vitacuire 80 pièces - 900g","p":17.49,"u":"19,43 €/KG","img":"https://fd15-photos.leclercdrive.fr/image.ashx?id=1643630&use=l&cat=p&typeid=i","cat":319774},{"id":95008,"n":"Mini tablettes chocolat Milka Chocolat au lait - 8x25g","p":6.07,"u":"30,35 €/KG","img":"https://fd15-photos.leclercdrive.fr/image.ashx?id=2832419&use=l&cat=p&typeid=i","cat":284497},{"id":95030,"n":"Cocktail pêche Pol Rémy A base de vin - 75cl","p":3.42,"u":"4,56 €/L","img":"https://fd15-photos.leclercdrive.fr/image.ashx?id=2020161&use=l&cat=p&typeid=i","cat":284544},{"id":95077,"n":"Gel anti-calcaire Calgon  Hygiène Plus - 750ml","p":7.95,"u":"10,60 €/L","img":"https://fd15-photos.leclercdrive.fr/image.ashx?id=2953767&use=l&cat=p&typeid=i","cat":284653},{"id":95504,"n":"Crème glacée L'Angelys Plombières - 500g","p":6.32,"u":"12,64 €/KG","img":"https://fd15-photos.leclercdrive.fr/image.ashx?id=2963592&use=l&cat=p&typeid=i","cat":284263},{"id":95505,"n":"Crème glacée L'Angelys Réglisse - 450g","p":6.32,"u":"14,04 €/KG","img":"https://fd15-photos.leclercdrive.fr/image.ashx?id=2963583&use=l&cat=p&typeid=i","cat":284263},{"id":95524,"n":"Essuie-tout bobine Mimosa 500 feuilles","p":5.21,"img":"https://fd15-photos.leclercdrive.fr/image.ashx?id=1523297&use=l&cat=p&typeid=i","cat":284635},{"id":95534,"n":"Saumon fumé Ronde des Mers Ecosse x4T - 140g","p":8.95,"u":"63,93 €/KG","img":"https://fd15-photos.leclercdrive.fr/image.ashx?id=2450053&use=l&cat=p&typeid=i","cat":285188},{"id":95535,"n":"Saumon fumé ASC Ronde des Mers Norvège x4T - 140g","p":7.95,"u":"56,79 €/KG","img":"https://fd15-photos.leclercdrive.fr/image.ashx?id=2833126&use=l&cat=p&typeid=i","cat":285188},{"id":95548,"n":"Rillettes de sardine 140g","p":3.05,"u":"21,79 €/KG","img":"https://fd15-photos.leclercdrive.fr/image.ashx?id=2981885&use=l&cat=p&typeid=i","cat":285191},{"id":95582,"n":"Papier toilette Mimosa Blanc 2 plis - x6","p":4.6,"u":"0,77 €/P","img":"https://fd15-photos.leclercdrive.fr/image.ashx?id=2796538&use=l&cat=p&typeid=i","cat":284634},{"id":95584,"n":"Dentifrice dentavie Bio Gencives sensibles - 75ml","p":3.98,"u":"53,07 €/L","img":"https://fd15-photos.leclercdrive.fr/image.ashx?id=2494764&use=l&cat=p&typeid=i","cat":284612},{"id":95586,"n":"Eau micellaire bio SoBio Etic Peau sensible aloé véra - 500ml","p":8.4,"u":"16,80 €/L","img":"https://fd15-photos.leclercdrive.fr/image.ashx?id=2801905&use=l&cat=p&typeid=i","cat":284603},{"id":95623,"n":"AOP Champagne Brut Demoiselle Vranken - 75cl","p":41.05,"u":"54,73 €/L","img":"https://fd15-photos.leclercdrive.fr/image.ashx?id=2203988&use=l&cat=p&typeid=i","cat":284542},{"id":95704,"n":"Vinaigrette Puget Xeres ail basilic - 330 ml","p":3.9,"u":"11,82 €/L","img":"https://fd15-photos.leclercdrive.fr/image.ashx?id=2939541&use=l&cat=p&typeid=i","cat":284456},{"id":95775,"n":"Yaourt brassé La Fermière  Mûres Myrtilles - 2x160g","p":3.05,"u":"9,53 €/KG","img":"https://fd15-photos.leclercdrive.fr/image.ashx?id=3004930&use=l&cat=p&typeid=i","cat":284410},{"id":95805,"n":"Gourmandises de volaille Maître Coq - Figues - 380g","p":34.95,"u":"91,97 €/KG","img":"https://fd15-photos.leclercdrive.fr/image.ashx?id=2962506&use=l&cat=p&typeid=i","cat":327289},{"id":95815,"n":"Dessert végétal soja alpro Vanille - 500g","p":2.65,"u":"5,30 €/KG","img":"https://fd15-photos.leclercdrive.fr/image.ashx?id=2977672&use=l&cat=p&typeid=i","cat":316071},{"id":95817,"n":"Dessert végétal soja alpro Nature à l'amande - 500g","p":3.7,"u":"7,40 €/KG","img":"https://fd15-photos.leclercdrive.fr/image.ashx?id=2977684&use=l&cat=p&typeid=i","cat":316071},{"id":95819,"n":"Dessert végétal soja alpro Nature à l'avoine - 500g","p":2.65,"u":"5,30 €/KG","img":"https://fd15-photos.leclercdrive.fr/image.ashx?id=2976083&use=l&cat=p&typeid=i","cat":316071},{"id":95869,"n":"Feuilleté au fromage Boursin La Compagnie Artique - 4x80g","p":5.8,"u":"1,45 €/P","img":"https://fd15-photos.leclercdrive.fr/image.ashx?id=2487713&use=l&cat=p&typeid=i","cat":319776},{"id":95873,"n":"Allumettes Just au four Mc Cain 910g","p":3.9,"u":"4,29 €/KG","img":"https://fd15-photos.leclercdrive.fr/image.ashx?id=2771307&use=l&cat=p&typeid=i","cat":319791},{"id":95945,"n":"Pommes bicolores Panier du Primeur Barquette x6","p":3.87,"u":"0,65 €/P","img":"https://fd15-photos.leclercdrive.fr/image.ashx?id=2553920&use=l&cat=p&typeid=i","cat":284356},{"id":95946,"n":"Pommes vertes Panier du Primeur Barquette x6","p":3.42,"u":"0,57 €/P","img":"https://fd15-photos.leclercdrive.fr/image.ashx?id=2338703&use=l&cat=p&typeid=i","cat":284356},{"id":95947,"n":"Pommes jaunes Panier du Primeur x6","p":3.12,"u":"0,52 €/P","img":"https://fd15-photos.leclercdrive.fr/image.ashx?id=2338700&use=l&cat=p&typeid=i","cat":284356},{"id":95973,"n":"Eau minérale naturelle Evian  6x1,5l","p":7.59,"u":"0,84 €/L","img":"https://fd15-photos.leclercdrive.fr/image.ashx?id=2967717&use=l&cat=p&typeid=i","cat":284535},{"id":95975,"n":"Liquide vaisselle Visior Pomme poire - 750ml","p":1.89,"u":"2,52 €/L","img":"https://fd15-photos.leclercdrive.fr/image.ashx?id=2872718&use=l&cat=p&typeid=i","cat":284655},{"id":95976,"n":"Liquide vaisselle Visior Fruit rouge & Fleur - 750ml","p":1.72,"u":"2,29 €/L","img":"https://fd15-photos.leclercdrive.fr/image.ashx?id=2724586&use=l&cat=p&typeid=i","cat":284655},{"id":95977,"n":"Liquide vaisselle Visior Amande Calendula - 750ml","p":2.04,"u":"2,72 €/L","img":"https://fd15-photos.leclercdrive.fr/image.ashx?id=2872721&use=l&cat=p&typeid=i","cat":284655},{"id":95978,"n":"Liquide vaisselle Visior Pamplemousse vinaigre - 750ml","p":2.05,"u":"2,73 €/L","img":"https://fd15-photos.leclercdrive.fr/image.ashx?id=1995827&use=l&cat=p&typeid=i","cat":284655},{"id":95979,"n":"Gel douche Manava Orchidée Camélia - 250ml","p":2.19,"u":"8,76 €/L","img":"https://fd15-photos.leclercdrive.fr/image.ashx?id=2805033&use=l&cat=p&typeid=i","cat":284594},{"id":96020,"n":"Coffret petits fours Blini Ambiance de fête x100 - 965g","p":10.64,"u":"11,03 €/KG","img":"https://fd15-photos.leclercdrive.fr/image.ashx?id=2050345&use=l&cat=p&typeid=i","cat":319774},{"id":96089,"n":"Gel douche Manava Citron basilic - 250ml","p":1.29,"u":"5,16 €/L","img":"https://fd15-photos.leclercdrive.fr/image.ashx?id=2626823&use=l&cat=p&typeid=i","cat":284594},{"id":96091,"n":"Gel douche Manava Concombre aloe vera - 250ml","p":1.89,"u":"7,56 €/L","img":"https://fd15-photos.leclercdrive.fr/image.ashx?id=2626826&use=l&cat=p&typeid=i","cat":284594},{"id":96094,"n":"Gel douche Manava Mangue Acai - 250ml","p":1.56,"u":"6,24 €/L","img":"https://fd15-photos.leclercdrive.fr/image.ashx?id=2805036&use=l&cat=p&typeid=i","cat":284594},{"id":96095,"n":"Gel douche Manava Envolée de pétales - 250ml","p":1.89,"u":"7,56 €/L","img":"https://fd15-photos.leclercdrive.fr/image.ashx?id=1980232&use=l&cat=p&typeid=i","cat":284594},{"id":96096,"n":"Gel douche Manava Crumble fruits rouges - 250ml","p":1.83,"u":"7,32 €/L","img":"https://fd15-photos.leclercdrive.fr/image.ashx?id=2486464&use=l&cat=p&typeid=i","cat":284594},{"id":96097,"n":"Gel douche Manava Noisettes caramel - 250ml","p":2.19,"u":"8,76 €/L","img":"https://fd15-photos.leclercdrive.fr/image.ashx?id=2805039&use=l&cat=p&typeid=i","cat":284594},{"id":96131,"n":"Soda Eco+ Gout orange - 1.5L","p":0.75,"u":"0,50 €/L","img":"https://fd15-photos.leclercdrive.fr/image.ashx?id=2741595&use=l&cat=p&typeid=i","cat":284532},{"id":96136,"n":"Mi-chaussette unie coton homme Noir/beige/taupe T39/42- x3","p":6.9,"u":"2,30 €/P","img":"https://fd15-photos.leclercdrive.fr/image.ashx?id=1546979&use=l&cat=p&typeid=i","cat":334130},{"id":96284,"n":"Pois chiches - 3x130g","p":2.15,"u":"5,51 €/KG","img":"https://fd15-photos.leclercdrive.fr/image.ashx?id=3002626&use=l&cat=p&typeid=i","cat":312609},{"id":96289,"n":"Biscuit apéritif ancel Sticks Bretzels Original - 300g","p":3.95,"u":"13,17 €/KG","img":"https://fd15-photos.leclercdrive.fr/image.ashx?id=2841196&use=l&cat=p&typeid=i","cat":297000},{"id":96350,"n":"Citrons verts lime  1kg","p":2.99,"u":"2,99 €/KG","img":"https://fd15-photos.leclercdrive.fr/image.ashx?id=1628545&use=l&cat=p&typeid=i","cat":284356},{"id":96368,"n":"Champagne Laurent Perrier Brut - La Cuvée - 75cl","p":50.45,"u":"67,27 €/L","img":"https://fd15-photos.leclercdrive.fr/image.ashx?id=2979740&use=l&cat=p&typeid=i","cat":284542},{"id":96379,"n":"Oignon rouge  1kg","p":2.79,"u":"2,79 €/KG","img":"https://fd15-photos.leclercdrive.fr/image.ashx?id=1632518&use=l&cat=p&typeid=i","cat":284352},{"id":96398,"n":"Compote Cool pomme banane bio Vitabio - 12x90g","p":11.29,"u":"10,45 €/KG","img":"https://fd15-photos.leclercdrive.fr/image.ashx?id=2621420&use=l&cat=p&typeid=i","cat":284508},{"id":96423,"n":"Sauce Teriyaki Kikkoman Grillade et marinade - 250ml","p":5.29,"u":"21,16 €/L","img":"https://fd15-photos.leclercdrive.fr/image.ashx?id=2857917&use=l&cat=p&typeid=i","cat":288992},{"id":96454,"n":"Soupe nouilles cup Yum Yum Saveur boeuf - 70g","p":1.77,"u":"25,29 €/KG","img":"https://fd15-photos.leclercdrive.fr/image.ashx?id=2025380&use=l&cat=p&typeid=i","cat":288992},{"id":96455,"n":"Soupe nouilles cup Yum Yum Saveur poulet - 70g","p":1.75,"u":"25,00 €/KG","img":"https://fd15-photos.leclercdrive.fr/image.ashx?id=2888563&use=l&cat=p&typeid=i","cat":288992},{"id":96457,"n":"Soupe nouilles cup Yum Yum Saveur crevette - 70g","p":1.67,"u":"23,86 €/KG","img":"https://fd15-photos.leclercdrive.fr/image.ashx?id=2922320&use=l&cat=p&typeid=i","cat":288992},{"id":96566,"n":"Soufflés Monster Munch Ketchup - 2x100g","p":3.69,"u":"18,45 €/KG","img":"https://fd15-photos.leclercdrive.fr/image.ashx?id=2918790&use=l&cat=p&typeid=i","cat":284449},{"id":96571,"n":"Soufflés Monster Munch Salé - 2x100g","p":3.79,"u":"18,95 €/KG","img":"https://fd15-photos.leclercdrive.fr/image.ashx?id=2920549&use=l&cat=p&typeid=i","cat":284449},{"id":96572,"n":"Soufflés Monster Munch Jambon fromage - 2x100g","p":3.79,"u":"18,95 €/KG","img":"https://fd15-photos.leclercdrive.fr/image.ashx?id=2918793&use=l&cat=p&typeid=i","cat":284449},{"id":96601,"n":"Dosettes Café Carte Noire  Arabica Espresso n°8 x60 - 420g","p":17.32,"u":"41,24 €/KG","img":"https://fd15-photos.leclercdrive.fr/image.ashx?id=2922188&use=l&cat=p&typeid=i","cat":293238},{"id":96686,"n":"Miel C'est Qui le Patron Fleurs de France - 250g","p":5.55,"u":"22,20 €/KG","img":"https://fd15-photos.leclercdrive.fr/image.ashx?id=2735107&use=l&cat=p&typeid=i","cat":287643},{"id":96777,"n":"Crème mains Inell Hydratante - 100ml","p":1.55,"u":"15,50 €/L","img":"https://fd15-photos.leclercdrive.fr/image.ashx?id=2515688&use=l&cat=p&typeid=i","cat":325354},{"id":96802,"n":"Foie gras canard IGP Quercy Nos Régions ont du Talent 200g","p":28.78,"u":"143,90 €/KG","img":"https://fd15-photos.leclercdrive.fr/image.ashx?id=2988153&use=l&cat=p&typeid=i","cat":316008},{"id":96832,"n":"Mini viennoiseries Epi d'Or x12 - 372g","p":4.49,"u":"12,07 €/KG","img":"https://fd15-photos.leclercdrive.fr/image.ashx?id=1879302&use=l&cat=p&typeid=i","cat":288858},{"id":96853,"n":"Pommes recette Périgord Findus Cèpes graisse de canard - 600g","p":3.21,"u":"5,35 €/KG","img":"https://fd15-photos.leclercdrive.fr/image.ashx?id=2840605&use=l&cat=p&typeid=i","cat":319823},{"id":96920,"n":"Câbles de démarrage TECH9 25mm2","p":21.32,"img":"https://fd15-photos.leclercdrive.fr/image.ashx?id=2162561&use=l&cat=p&typeid=i","cat":298252},{"id":96923,"n":"Câbles de démarrage TECH9 35mm2","p":42.74,"img":"https://fd15-photos.leclercdrive.fr/image.ashx?id=2162564&use=l&cat=p&typeid=i","cat":298252},{"id":96932,"n":"Saumon fumé Rondes des Mers ASC Norvège x2T - 75g","p":4.74,"u":"63,20 €/KG","img":"https://fd15-photos.leclercdrive.fr/image.ashx?id=2833123&use=l&cat=p&typeid=i","cat":285188},{"id":96934,"n":"Saumon fumé Bio Bio Village Atlantique x2T - 65g","p":5.99,"u":"92,15 €/KG","img":"https://fd15-photos.leclercdrive.fr/image.ashx?id=2839589&use=l&cat=p&typeid=i","cat":285188},{"id":96935,"n":"Saumon fumé Ronde des Mers Ecosse x2T - 75g","p":6.39,"u":"85,20 €/KG","img":"https://fd15-photos.leclercdrive.fr/image.ashx?id=2823093&use=l&cat=p&typeid=i","cat":285188},{"id":96936,"n":"Saumon fumé Ronde des Mers Ecosse x6T - 200g","p":11.99,"u":"59,95 €/KG","img":"https://fd15-photos.leclercdrive.fr/image.ashx?id=2450059&use=l&cat=p&typeid=i","cat":285188},{"id":96937,"n":"Saumon fumé Eco+ Norvège - 200g","p":6.18,"u":"30,90 €/KG","img":"https://fd15-photos.leclercdrive.fr/image.ashx?id=2307215&use=l&cat=p&typeid=i","cat":285188},{"id":96938,"n":"Saumon fumé Ronde des Mers ASC Norvège x6T - 210g","p":10.89,"u":"51,86 €/KG","img":"https://fd15-photos.leclercdrive.fr/image.ashx?id=2833135&use=l&cat=p&typeid=i","cat":285188},{"id":96939,"n":"Emincés Saumon Bio Bio Village 100g","p":9.99,"u":"99,90 €/KG","img":"https://fd15-photos.leclercdrive.fr/image.ashx?id=2954118&use=l&cat=p&typeid=i","cat":285188},{"id":96948,"n":"Tarama Gourmet 175g","p":4.59,"u":"26,23 €/KG","img":"https://fd15-photos.leclercdrive.fr/image.ashx?id=2885131&use=l&cat=p&typeid=i","cat":315999},{"id":96959,"n":"Pains au chocolat Epi d'Or x6 - 450g","p":3.99,"u":"8,87 €/KG","img":"https://fd15-photos.leclercdrive.fr/image.ashx?id=1983598&use=l&cat=p&typeid=i","cat":284267},{"id":96973,"n":"Burger Montagnard Charal 2x175g - 350g","p":8.69,"u":"24,83 €/KG","img":"https://fd15-photos.leclercdrive.fr/image.ashx?id=2741964&use=l&cat=p&typeid=i","cat":319822},{"id":97033,"n":"Gel Bain douche Manava Fleur de cerisier - 500ml","p":2.72,"u":"5,44 €/L","img":"https://fd15-photos.leclercdrive.fr/image.ashx?id=2618356&use=l&cat=p&typeid=i","cat":284594},{"id":97045,"n":"Thon entier Petit Navire Au naturel - 2x93g","p":4.6,"u":"24,73 €/KG","img":"https://fd15-photos.leclercdrive.fr/image.ashx?id=2961837&use=l&cat=p&typeid=i","cat":303867},{"id":97059,"n":"Poulet au curry bio Bio Village Riz quinoa sarrasin - 300g","p":5.15,"u":"17,17 €/KG","img":"https://fd15-photos.leclercdrive.fr/image.ashx?id=2622028&use=l&cat=p&typeid=i","cat":284953},{"id":97060,"n":"Tagada Haribo Sachet bonbons - 400g","p":4.35,"u":"10,88 €/KG","img":"https://fd15-photos.leclercdrive.fr/image.ashx?id=2801854&use=l&cat=p&typeid=i","cat":304250},{"id":97124,"n":"Manchons de poulet Eco+ 250g","p":4.4,"u":"17,60 €/KG","img":"https://fd15-photos.leclercdrive.fr/image.ashx?id=2742676&use=l&cat=p&typeid=i","cat":333685},{"id":97130,"n":"Manchons de poulet Eco+ Mexicains - 250g","p":3.95,"u":"15,80 €/KG","img":"https://fd15-photos.leclercdrive.fr/image.ashx?id=2903929&use=l&cat=p&typeid=i","cat":333685},{"id":97176,"n":"Feuilletés Compagnie Artique Thon  fromage boursin - 4x80g","p":7.55,"u":"94,38 €/KG","img":"https://fd15-photos.leclercdrive.fr/image.ashx?id=1745795&use=l&cat=p&typeid=i","cat":319776},{"id":97222,"n":"Yaourt lait brebis Bio Village Bio - Figue - 2x95g","p":2.75,"u":"14,47 €/KG","img":"https://fd15-photos.leclercdrive.fr/image.ashx?id=2658605&use=l&cat=p&typeid=i","cat":314998},{"id":97276,"n":"Bûche pâtissière cacao Forchy 6/8 parts - 350g","p":5.19,"u":"14,83 €/KG","img":"https://fd15-photos.leclercdrive.fr/image.ashx?id=2259235&use=l&cat=p&typeid=i","cat":284360},{"id":97277,"n":"Bûche pâtissière vanille Forchy 6/8 parts - 350g","p":5.24,"u":"14,97 €/KG","img":"https://fd15-photos.leclercdrive.fr/image.ashx?id=2259238&use=l&cat=p&typeid=i","cat":284360},{"id":97279,"n":"Bûche pâtissière café Forchy 6/8 parts - 350g","p":4.99,"u":"14,26 €/KG","img":"https://fd15-photos.leclercdrive.fr/image.ashx?id=2258864&use=l&cat=p&typeid=i","cat":284360},{"id":97359,"n":"Gyoza crevettes Ajinomoto Avec sauce soja  - 212g","p":8.25,"u":"38,92 €/KG","img":"https://fd15-photos.leclercdrive.fr/image.ashx?id=2590279&use=l&cat=p&typeid=i","cat":319774},{"id":97660,"n":"Céréales Jordans Country Crisp Chocolat Noir 70% - 850g","p":7.15,"u":"8,41 €/KG","img":"https://fd15-photos.leclercdrive.fr/image.ashx?id=2940336&use=l&cat=p&typeid=i","cat":309512},{"id":97662,"n":"Thé vert Twinings Menthe x25 - 38g","p":4.05,"u":"106,58 €/KG","img":"https://fd15-photos.leclercdrive.fr/image.ashx?id=2906763&use=l&cat=p&typeid=i","cat":293233},{"id":97665,"n":"Thé vert intense Twinings Menthe intense - x25 - 32g","p":3.59,"u":"112,19 €/KG","img":"https://fd15-photos.leclercdrive.fr/image.ashx?id=2919406&use=l&cat=p&typeid=i","cat":293233},{"id":97666,"n":"Thé vert gunpowder Twinings Menthe - x25 - 200g","p":9.39,"u":"46,95 €/KG","img":"https://fd15-photos.leclercdrive.fr/image.ashx?id=2955194&use=l&cat=p&typeid=i","cat":293233},{"id":97671,"n":"Thé russian Earl Grey Twinings 150g","p":8.29,"u":"55,27 €/KG","img":"https://fd15-photos.leclercdrive.fr/image.ashx?id=2950729&use=l&cat=p&typeid=i","cat":293233},{"id":97673,"n":"Thé Darjeeling Twinings Sachet - x25 - 50g","p":4.6,"u":"92,00 €/KG","img":"https://fd15-photos.leclercdrive.fr/image.ashx?id=2922116&use=l&cat=p&typeid=i","cat":293233},{"id":97677,"n":"Thé Twinings English breakfast x25 - 40g","p":5.4,"u":"135,00 €/KG","img":"https://fd15-photos.leclercdrive.fr/image.ashx?id=2893027&use=l&cat=p&typeid=i","cat":293233},{"id":97678,"n":"Céréales Jordans Country Crisp 4 Baies - 550g","p":4.55,"u":"8,27 €/KG","img":"https://fd15-photos.leclercdrive.fr/image.ashx?id=2997205&use=l&cat=p&typeid=i","cat":309512},{"id":97713,"n":"Soda Tonic Sprink's 6x33cl","p":4.95,"u":"2,50 €/L","img":"https://fd15-photos.leclercdrive.fr/image.ashx?id=2913757&use=l&cat=p&typeid=i","cat":284531},{"id":97832,"n":"Foie gras canard IGP Sud-Ouest Nos Régions ont du Talent 80g","p":9.9,"u":"123,75 €/KG","img":"https://fd15-photos.leclercdrive.fr/image.ashx?id=2743888&use=l&cat=p&typeid=i","cat":316008},{"id":98007,"n":"Vitamalt Gingembre 6x33cl","p":9.5,"u":"4,80 €/L","img":"https://fd15-photos.leclercdrive.fr/image.ashx?id=1559377&use=l&cat=p&typeid=i","cat":284531},{"id":98066,"n":"Vinaigre de nettoyage citron 14° Phebus - 1L","p":2.75,"u":"2,75 €/L","img":"https://fd15-photos.leclercdrive.fr/image.ashx?id=1564234&use=l&cat=p&typeid=i","cat":300576},{"id":98069,"n":"Vinaigre ménager framboise 9.5° - 1L","p":2.6,"u":"2,60 €/L","img":"https://fd15-photos.leclercdrive.fr/image.ashx?id=2848659&use=l&cat=p&typeid=i","cat":325365},{"id":98098,"n":"Liquide vaisselle Visior Antiodeur - 500ml","p":1.59,"u":"3,18 €/L","img":"https://fd15-photos.leclercdrive.fr/image.ashx?id=2951122&use=l&cat=p&typeid=i","cat":284655},{"id":98114,"n":"Serviettes Doulys Normal+ Teenage - x14","p":1.69,"u":"0,12 €/P","img":"https://fd15-photos.leclercdrive.fr/image.ashx?id=2839938&use=l&cat=p&typeid=i","cat":284624},{"id":98251,"n":"Liquide Vaisselle Brillance  VISIOR - 500ml","p":1.73,"u":"3,46 €/L","img":"https://fd15-photos.leclercdrive.fr/image.ashx?id=2951125&use=l&cat=p&typeid=i","cat":284655},{"id":98252,"n":"Liquide vaisselle Visior Antibactérien - 500ml","p":1.49,"u":"2,98 €/L","img":"https://fd15-photos.leclercdrive.fr/image.ashx?id=2951131&use=l&cat=p&typeid=i","cat":284655},{"id":98253,"n":"Liquide vaisselle Visior Désincrustant sel - 500ml","p":1.63,"u":"3,26 €/L","img":"https://fd15-photos.leclercdrive.fr/image.ashx?id=2951128&use=l&cat=p&typeid=i","cat":284655},{"id":98296,"n":"Semoule au lait Yabon  Nappage caramel - 4x125g","p":6.39,"u":"12,78 €/KG","img":"https://fd15-photos.leclercdrive.fr/image.ashx?id=2644289&use=l&cat=p&typeid=i","cat":284506},{"id":98417,"n":"Liquide vaisselle floral Visior 500ml","p":1.79,"u":"3,58 €/L","img":"https://fd15-photos.leclercdrive.fr/image.ashx?id=2951134&use=l&cat=p&typeid=i","cat":284655},{"id":98421,"n":"Foie gras bloc P. Chaumeyrac À la figue - 100g","p":9.12,"u":"91,20 €/KG","img":"https://fd15-photos.leclercdrive.fr/image.ashx?id=2804335&use=l&cat=p&typeid=i","cat":316008},{"id":98427,"n":"Spécial mie longue 2pi d'Or Conservation - 400g","p":3.29,"u":"8,23 €/KG","img":"https://fd15-photos.leclercdrive.fr/image.ashx?id=3012866&use=l&cat=p&typeid=i","cat":284477},{"id":98429,"n":"Petits pains précuits Epi d'Or 4x75g","p":2.56,"u":"8,53 €/KG","img":"https://fd15-photos.leclercdrive.fr/image.ashx?id=1982824&use=l&cat=p&typeid=i","cat":325069},{"id":98431,"n":"Lamelles de kebab France Kebab Poulet dinde - 750g","p":11.6,"u":"15,47 €/KG","img":"https://fd15-photos.leclercdrive.fr/image.ashx?id=2231876&use=l&cat=p&typeid=i","cat":319784},{"id":98440,"n":"Rôti de porc Fleury Michon -25% sel sans nitrite x4 - 160g","p":5.09,"u":"31,81 €/KG","img":"https://fd15-photos.leclercdrive.fr/image.ashx?id=2334569&use=l&cat=p&typeid=i","cat":316009},{"id":98459,"n":"Détachant liquide K2r avant lavage - 750ml","p":8.15,"u":"10,87 €/L","img":"https://fd15-photos.leclercdrive.fr/image.ashx?id=2104486&use=l&cat=p&typeid=i","cat":284651},{"id":98475,"n":"Blé soja haricots Céréal Bio  Façon Chili bio -220g","p":4.25,"u":"19,32 €/KG","img":"https://fd15-photos.leclercdrive.fr/image.ashx?id=2575096&use=l&cat=p&typeid=i","cat":287600},{"id":98499,"n":"Saumon fumé Petit Navire Ecosse - 4 tranches - 120g","p":8.99,"u":"74,92 €/KG","img":"https://fd15-photos.leclercdrive.fr/image.ashx?id=2950474&use=l&cat=p&typeid=i","cat":285188},{"id":98630,"n":"Compotes Douceur du Verger Panachées - x16","p":6.55,"u":"0,41 €/P","img":"https://fd15-photos.leclercdrive.fr/image.ashx?id=1986276&use=l&cat=p&typeid=i","cat":284416},{"id":98632,"n":"Poêlée  tagliatelle Côté Table Fruit de mer - 900g","p":6.68,"u":"7,42 €/KG","img":"https://fd15-photos.leclercdrive.fr/image.ashx?id=2971873&use=l&cat=p&typeid=i","cat":284254},{"id":98715,"n":"Frixion-clicker Pilot Bleu - + Recharge + Fineliner","p":9.1,"img":"https://fd15-photos.leclercdrive.fr/image.ashx?id=2935954&use=l&cat=p&typeid=i","cat":284696},{"id":98716,"n":"Frixion-clicker Pilot Rouge - + Recharge + Fineliner","p":9.05,"img":"https://fd15-photos.leclercdrive.fr/image.ashx?id=2935960&use=l&cat=p&typeid=i","cat":284696},{"id":98717,"n":"Crème Fraîche Elle&Vire Fleurette Entière -31% MG- 33cl","p":3.45,"u":"10,45 €/L","img":"https://fd15-photos.leclercdrive.fr/image.ashx?id=2992095&use=l&cat=p&typeid=i","cat":284381},{"id":98718,"n":"Frixion-clicker Pilot Vert - + Recharge + Fineliner","p":9.05,"img":"https://fd15-photos.leclercdrive.fr/image.ashx?id=2935963&use=l&cat=p&typeid=i","cat":284696},{"id":98719,"n":"Frixion-clicker Pilot Noir - + Recharge + Fineliner","p":9.05,"img":"https://fd15-photos.leclercdrive.fr/image.ashx?id=2935957&use=l&cat=p&typeid=i","cat":284696},{"id":98725,"n":"Frixion-ball Pilot Vert - + Recharge + Fineliner","p":8.45,"img":"https://fd15-photos.leclercdrive.fr/image.ashx?id=2935975&use=l&cat=p&typeid=i","cat":284696},{"id":98726,"n":"Frixion-ball Pilot Bleu - + Recharge + Fineliner","p":9.55,"img":"https://fd15-photos.leclercdrive.fr/image.ashx?id=2935966&use=l&cat=p&typeid=i","cat":284696},{"id":98728,"n":"Frixion-ball Pilot Noir - + Recharge + Fineliner","p":8.45,"img":"https://fd15-photos.leclercdrive.fr/image.ashx?id=2935969&use=l&cat=p&typeid=i","cat":284696},{"id":98729,"n":"Petits pois Bonduelle Extra fondant - 750g","p":4.21,"u":"5,61 €/KG","img":"https://fd15-photos.leclercdrive.fr/image.ashx?id=2910037&use=l&cat=p&typeid=i","cat":319805},{"id":98734,"n":"Recharges Pilot Frixion Ball Clicker   Gomme x6","p":13.6,"img":"https://fd15-photos.leclercdrive.fr/image.ashx?id=2546383&use=l&cat=p&typeid=i","cat":284696},{"id":98738,"n":"Stylo roller Frixion ball Noir - + 3 recharges","p":9.55,"img":"https://fd15-photos.leclercdrive.fr/image.ashx?id=2935945&use=l&cat=p&typeid=i","cat":284696},{"id":98807,"n":"Purée fruit bébé Blédina 6 mois Pomme cerise vanille - 4x100g","p":2.95,"u":"7,38 €/KG","img":"https://fd15-photos.leclercdrive.fr/image.ashx?id=2983024&use=l&cat=p&typeid=i","cat":312388},{"id":98809,"n":"Cornichons Maille Pasteurisés fin - 300g","p":4.46,"u":"14,87 €/KG","img":"https://fd15-photos.leclercdrive.fr/image.ashx?id=2082579&use=l&cat=p&typeid=i","cat":284458},{"id":98813,"n":"Dentifrice Parodontax Soin blancheur - 75ml","p":7.01,"u":"93,47 €/L","img":"https://fd15-photos.leclercdrive.fr/image.ashx?id=2606391&use=l&cat=p&typeid=i","cat":284612},{"id":98814,"n":"Dentifrice Parodontax Soin quotidien - 75ml","p":7.26,"u":"96,80 €/L","img":"https://fd15-photos.leclercdrive.fr/image.ashx?id=2606394&use=l&cat=p&typeid=i","cat":284612},{"id":98822,"n":"Purée fruit bébé Blédina 6 mois Pomme kiwi ananas - 4x100g","p":2.95,"u":"7,38 €/KG","img":"https://fd15-photos.leclercdrive.fr/image.ashx?id=2983030&use=l&cat=p&typeid=i","cat":312388},{"id":98827,"n":"Cube néon rose Post-it 325 feuilles 76mmx76mm","p":4.99,"img":"https://fd15-photos.leclercdrive.fr/image.ashx?id=2850150&use=l&cat=p&typeid=i","cat":334133},{"id":98828,"n":"Purée fruit bébé Blédina 6 mois Pomme poire mandarine - 4x100g","p":2.95,"u":"7,38 €/KG","img":"https://fd15-photos.leclercdrive.fr/image.ashx?id=2983033&use=l&cat=p&typeid=i","cat":312388},{"id":98831,"n":"Purée fruit bébé Blédina 6 mois Harmonie de fruits - 4x100g","p":2.95,"u":"7,38 €/KG","img":"https://fd15-photos.leclercdrive.fr/image.ashx?id=2983036&use=l&cat=p&typeid=i","cat":312388},{"id":98834,"n":"Purée fruit bébé Blédina 6 mois Pomme mangue passion - 4x100g","p":2.95,"u":"7,38 €/KG","img":"https://fd15-photos.leclercdrive.fr/image.ashx?id=2983039&use=l&cat=p&typeid=i","cat":312388},{"id":98837,"n":"Purée fruit bébé Blédina 6 mois Pomme fraises banane - 4x100g","p":2.95,"u":"7,38 €/KG","img":"https://fd15-photos.leclercdrive.fr/image.ashx?id=2983048&use=l&cat=p&typeid=i","cat":312388},{"id":98872,"n":"Boisson Thé Glacé FuzeTea Mangue Camomille - 1,25L","p":3.0,"u":"2,40 €/L","img":"https://fd15-photos.leclercdrive.fr/image.ashx?id=2997220&use=l&cat=p&typeid=i","cat":295019},{"id":98875,"n":"Thé glacé Fuze Tea  Pêche Hibiscus - 1,25L","p":3.06,"u":"2,45 €/L","img":"https://fd15-photos.leclercdrive.fr/image.ashx?id=2940393&use=l&cat=p&typeid=i","cat":295019},{"id":98899,"n":"Pétillant Cava Revesco brut Espagne - 75cl","p":11.3,"u":"15,07 €/L","img":"https://fd15-photos.leclercdrive.fr/image.ashx?id=2019834&use=l&cat=p&typeid=i","cat":289461},{"id":98903,"n":"Vin Chili rouge Casillero del Diablo 75cl","p":12.4,"u":"16,53 €/L","img":"https://fd15-photos.leclercdrive.fr/image.ashx?id=2597253&use=l&cat=p&typeid=i","cat":289556},{"id":98946,"n":"AOC Muscadet Sèvre&Maine sur Lie blanc prestige - 75cl","p":8.45,"u":"11,27 €/L","img":"https://fd15-photos.leclercdrive.fr/image.ashx?id=1648198&use=l&cat=p&typeid=i","cat":289557},{"id":98948,"n":"AOC Corbières Vin rouge Bio Nos racines - 75cl","p":9.33,"u":"12,44 €/L","img":"https://fd15-photos.leclercdrive.fr/image.ashx?id=2530044&use=l&cat=p&typeid=i","cat":289556},{"id":98971,"n":"Sac Multi Mix 500g","p":9.49,"u":"18,98 €/KG","img":"https://fd15-photos.leclercdrive.fr/image.ashx?id=2569803&use=l&cat=p&typeid=i","cat":304250},{"id":99197,"n":"Sauce froide Suzi Wan Aigre douce Pimentée - 350g","p":3.79,"u":"10,83 €/KG","img":"https://fd15-photos.leclercdrive.fr/image.ashx?id=2429902&use=l&cat=p&typeid=i","cat":288992},{"id":99216,"n":"Beurre Elle&Vire Condé sur Vire Doux - 82% MG - 250g","p":3.39,"u":"13,56 €/KG","img":"https://fd15-photos.leclercdrive.fr/image.ashx?id=2811131&use=l&cat=p&typeid=i","cat":284379},{"id":99281,"n":"Huile d'olive L'origine du Gout Vierge extra Arbequin - 50cl","p":12.49,"u":"24,98 €/L","img":"https://fd15-photos.leclercdrive.fr/image.ashx?id=1629744&use=l&cat=p&typeid=i","cat":284453},{"id":99416,"n":"Gel corps et cheveux Love&Green Bio - 500ml","p":9.54,"u":"19,08 €/L","img":"https://fd15-photos.leclercdrive.fr/image.ashx?id=2735713&use=l&cat=p&typeid=i","cat":284741},{"id":99418,"n":"Eau nettoyante Love & Green Bio sans parfum - 500ml","p":8.95,"u":"17,90 €/L","img":"https://fd15-photos.leclercdrive.fr/image.ashx?id=2696019&use=l&cat=p&typeid=i","cat":284741},{"id":99489,"n":"Lingettes Pampers Sensitive x80","p":4.57,"u":"0,06 €/P","img":"https://fd15-photos.leclercdrive.fr/image.ashx?id=2956664&use=l&cat=p&typeid=i","cat":284738},{"id":99503,"n":"Huile d'olive L'Origine du Goût Vierge Extra Picual - 50cl","p":12.45,"u":"24,90 €/L","img":"https://fd15-photos.leclercdrive.fr/image.ashx?id=1632767&use=l&cat=p&typeid=i","cat":284453},{"id":99545,"n":"Mogettes bio Bio VIllage 215g","p":2.35,"u":"10,93 €/KG","img":"https://fd15-photos.leclercdrive.fr/image.ashx?id=3002680&use=l&cat=p&typeid=i","cat":312606},{"id":99547,"n":"Haricots rouge Bio Village Bio - 205g","p":2.66,"u":"12,98 €/KG","img":"https://fd15-photos.leclercdrive.fr/image.ashx?id=3002686&use=l&cat=p&typeid=i","cat":312606},{"id":99553,"n":"Pois chiche Bio VIllage Bio - 215g","p":1.83,"u":"8,51 €/KG","img":"https://fd15-photos.leclercdrive.fr/image.ashx?id=3002683&use=l&cat=p&typeid=i","cat":312609},{"id":99562,"n":"Haricots verts Eco  Très fins - 440g","p":1.55,"u":"3,52 €/KG","img":"https://fd15-photos.leclercdrive.fr/image.ashx?id=3003723&use=l&cat=p&typeid=i","cat":312606},{"id":99564,"n":"Haricots Blancs à la tomate 800g","p":1.42,"u":"2,68 €/KG","img":"https://fd15-photos.leclercdrive.fr/image.ashx?id=2708348&use=l&cat=p&typeid=i","cat":312606},{"id":99570,"n":"Ratatouille Eco+ 750g","p":1.65,"u":"2,20 €/KG","img":"https://fd15-photos.leclercdrive.fr/image.ashx?id=2703446&use=l&cat=p&typeid=i","cat":312612},{"id":99574,"n":"Poêlée savoyarde  900g","p":5.18,"u":"5,76 €/KG","img":"https://fd15-photos.leclercdrive.fr/image.ashx?id=2478931&use=l&cat=p&typeid=i","cat":319823},{"id":99587,"n":"Spécialité au soja Nat&Vie Pistache - 4x100g","p":2.65,"u":"6,63 €/KG","img":"https://fd15-photos.leclercdrive.fr/image.ashx?id=2901473&use=l&cat=p&typeid=i","cat":316071},{"id":99703,"n":"Eau micellaire Diadermine Hydratant - 400ml","p":8.15,"u":"20,38 €/L","img":"https://fd15-photos.leclercdrive.fr/image.ashx?id=2549624&use=l&cat=p&typeid=i","cat":284603},{"id":99734,"n":"Capsules café L'Or Espresso Or Absolu N°9 x20","p":10.79,"u":"103,75 €/KG","img":"https://fd15-photos.leclercdrive.fr/image.ashx?id=2859971&use=l&cat=p&typeid=i","cat":284749},{"id":99758,"n":"Complément alimentaire Biosens Kilos tenaces bio - 500ml","p":13.6,"u":"27,20 €/L","img":"https://fd15-photos.leclercdrive.fr/image.ashx?id=2925409&use=l&cat=p&typeid=i","cat":284632},{"id":99759,"n":"Complément alimentaire Biosens Bio boost minceur - 500ml","p":15.5,"u":"31,00 €/L","img":"https://fd15-photos.leclercdrive.fr/image.ashx?id=2530597&use=l&cat=p&typeid=i","cat":284632},{"id":99760,"n":"Complément alimentaire Biosens Détox universel bio - 500ml","p":13.8,"u":"27,60 €/L","img":"https://fd15-photos.leclercdrive.fr/image.ashx?id=2864573&use=l&cat=p&typeid=i","cat":284632},{"id":99761,"n":"Complément alimentaire Biosens Express draineur bio - 500ml","p":13.8,"u":"27,60 €/L","img":"https://fd15-photos.leclercdrive.fr/image.ashx?id=2963196&use=l&cat=p&typeid=i","cat":284632},{"id":99762,"n":"Complément alimentaire Biosens Bio Perte de poids - 28g","p":8.75,"u":"312,50 €/KG","img":"https://fd15-photos.leclercdrive.fr/image.ashx?id=2190590&use=l&cat=p&typeid=i","cat":284632},{"id":99773,"n":"Biscuits La Barquette Lulu LU Abricot - 2x120g","p":4.06,"u":"16,92 €/KG","img":"https://fd15-photos.leclercdrive.fr/image.ashx?id=2905261&use=l&cat=p&typeid=i","cat":284489},{"id":99774,"n":"Biscuits sablés Granola Chocolat noir - 195g","p":2.8,"u":"14,36 €/KG","img":"https://fd15-photos.leclercdrive.fr/image.ashx?id=2982979&use=l&cat=p&typeid=i","cat":284488},{"id":99788,"n":"Capsules café L'Or Espresso Lungo Profondo N°8 x20","p":10.79,"u":"103,75 €/KG","img":"https://fd15-photos.leclercdrive.fr/image.ashx?id=3005796&use=l&cat=p&typeid=i","cat":284749},{"id":99813,"n":"Complément alimentaire Biosens Bio super curcuma - 18g","p":9.35,"u":"425,00 €/KG","img":"https://fd15-photos.leclercdrive.fr/image.ashx?id=2190599&use=l&cat=p&typeid=i","cat":284632},{"id":99880,"n":"Crème Visage Jour FPS 30 Nivea Anti-rides Cellular - 50ml","p":21.57,"u":"431,40 €/L","img":"https://fd15-photos.leclercdrive.fr/image.ashx?id=2298775&use=l&cat=p&typeid=i","cat":325345},{"id":99905,"n":"Biscuits Petit Ecolier LU Chocolat blanc - 150g","p":2.85,"u":"19,00 €/KG","img":"https://fd15-photos.leclercdrive.fr/image.ashx?id=2346678&use=l&cat=p&typeid=i","cat":284488},{"id":99913,"n":"Lotus Biscoff Speculoos Chocolat noir - 162g (6x2p)","p":2.89,"u":"17,84 €/KG","img":"https://fd15-photos.leclercdrive.fr/image.ashx?id=2672521&use=l&cat=p&typeid=i","cat":284487},{"id":99921,"n":"Shampooing Nateis Cheveux gris ou blancs - 250ml","p":1.69,"u":"6,76 €/L","img":"https://fd15-photos.leclercdrive.fr/image.ashx?id=2395820&use=l&cat=p&typeid=i","cat":284606},{"id":99922,"n":"Lait de douche Manava Framboise - 250ml","p":1.73,"u":"6,92 €/L","img":"https://fd15-photos.leclercdrive.fr/image.ashx?id=2618353&use=l&cat=p&typeid=i","cat":284594},{"id":99965,"n":"Biscuit speculoos Lotus Biscoff 750g (6x125g)","p":6.23,"u":"8,31 €/KG","img":"https://fd15-photos.leclercdrive.fr/image.ashx?id=2693818&use=l&cat=p&typeid=i","cat":284487},{"id":99967,"n":"Pois chiches bio Jardin Bio Au naturel - 420g","p":3.65,"u":"8,69 €/KG","img":"https://fd15-photos.leclercdrive.fr/image.ashx?id=2971215&use=l&cat=p&typeid=i","cat":312609},{"id":99973,"n":"Biscuits petit déjeuner Belvita Moelleux fruits rouges - 250g","p":4.45,"u":"17,80 €/KG","img":"https://fd15-photos.leclercdrive.fr/image.ashx?id=3005329&use=l&cat=p&typeid=i","cat":284491},{"id":99976,"n":"Biscuit petit déjeuner Belvita Brut - 600g","p":7.83,"u":"13,05 €/KG","img":"https://fd15-photos.leclercdrive.fr/image.ashx?id=2112935&use=l&cat=p&typeid=i","cat":285281},{"id":100017,"n":"Pain de mie Jacquet Maxi sans sucres ajoutés - 550g","p":2.48,"u":"4,51 €/KG","img":"https://fd15-photos.leclercdrive.fr/image.ashx?id=2935705&use=l&cat=p&typeid=i","cat":284477},{"id":100250,"n":"Yaourt nature sucré Kit-Kat Billes chocolat - 4x115g","p":4.6,"u":"10,00 €/KG","img":"https://fd15-photos.leclercdrive.fr/image.ashx?id=2875954&use=l&cat=p&typeid=i","cat":284414},{"id":100326,"n":"Lingettes Vanish  anti-décoloration - 30+30","p":7.69,"u":"0,13 €/P","img":"https://fd15-photos.leclercdrive.fr/image.ashx?id=2298421&use=l&cat=p&typeid=i","cat":290450},{"id":100334,"n":"Gel bain douche Manava Coton macadamia - 500ml","p":2.95,"u":"5,90 €/L","img":"https://fd15-photos.leclercdrive.fr/image.ashx?id=1644734&use=l&cat=p&typeid=i","cat":284594},{"id":100485,"n":"Chocolat noir Bio Village Bio Dégustation 85% cacao 100g","p":2.79,"u":"27,90 €/KG","img":"https://fd15-photos.leclercdrive.fr/image.ashx?id=2723380&use=l&cat=p&typeid=i","cat":284956},{"id":100594,"n":"Petit pois carotte Bio Village Bio - 215g","p":1.65,"u":"7,67 €/KG","img":"https://fd15-photos.leclercdrive.fr/image.ashx?id=3002692&use=l&cat=p&typeid=i","cat":312607},{"id":100595,"n":"Papier toilette Uni Vert Blanc 3 plis recyclés - x6","p":4.39,"u":"0,73 €/P","img":"https://fd15-photos.leclercdrive.fr/image.ashx?id=2571938&use=l&cat=p&typeid=i","cat":284634},{"id":100596,"n":"Petits pois fins Bio Village Bio - 230g","p":2.55,"u":"11,09 €/KG","img":"https://fd15-photos.leclercdrive.fr/image.ashx?id=3002689&use=l&cat=p&typeid=i","cat":312607},{"id":100604,"n":"Pur jus Bio Village Pomme mangue Bio - 1L","p":3.55,"u":"3,55 €/L","img":"https://fd15-photos.leclercdrive.fr/image.ashx?id=2901551&use=l&cat=p&typeid=i","cat":284917},{"id":100616,"n":"Jus pomme pétillant Bio Village Bio sans alcool - 75cl","p":3.8,"u":"5,07 €/L","img":"https://fd15-photos.leclercdrive.fr/image.ashx?id=2052277&use=l&cat=p&typeid=i","cat":289460},{"id":100618,"n":"Pur jus Bio Village Bio Pomme poire - 1L","p":3.09,"u":"3,09 €/L","img":"https://fd15-photos.leclercdrive.fr/image.ashx?id=2901554&use=l&cat=p&typeid=i","cat":284522},{"id":100625,"n":"Paleta Bellota 24 mois L'Origine du goût - 70g","p":9.99,"u":"142,71 €/KG","img":"https://fd15-photos.leclercdrive.fr/image.ashx?id=2221983&use=l&cat=p&typeid=i","cat":316007},{"id":100728,"n":"Gache tranchée La Boulangère 400g","p":4.94,"u":"12,35 €/KG","img":"https://fd15-photos.leclercdrive.fr/image.ashx?id=2912179&use=l&cat=p&typeid=i","cat":284478},{"id":100729,"n":"Croissants La Boulangère Pur beurre - x8 - 320g","p":4.9,"u":"15,31 €/KG","img":"https://fd15-photos.leclercdrive.fr/image.ashx?id=2750552&use=l&cat=p&typeid=i","cat":296366},{"id":100792,"n":"Wraps Old El Paso de blé complet x6 - 350g","p":5.59,"u":"15,97 €/KG","img":"https://fd15-photos.leclercdrive.fr/image.ashx?id=2940573&use=l&cat=p&typeid=i","cat":288993},{"id":100981,"n":"Courgettes Cuisinées Cassegrain à la Provençale 375g","p":6.2,"u":"16,53 €/KG","img":"https://fd15-photos.leclercdrive.fr/image.ashx?id=2977951&use=l&cat=p&typeid=i","cat":312612},{"id":100985,"n":"Infusion Infuselle Ricola Bonne nuit - 200g","p":4.23,"u":"21,15 €/KG","img":"https://fd15-photos.leclercdrive.fr/image.ashx?id=2660221&use=l&cat=p&typeid=i","cat":293234},{"id":100991,"n":"Céréales Trésor de Kellogg's Chocolat Noisettes - 410g","p":5.17,"u":"12,61 €/KG","img":"https://fd15-photos.leclercdrive.fr/image.ashx?id=2584238&use=l&cat=p&typeid=i","cat":309513},{"id":101047,"n":"Croquettes chat Ultima  Nature Poulet - 1.25kg","p":8.73,"u":"6,98 €/KG","img":"https://fd15-photos.leclercdrive.fr/image.ashx?id=2569959&use=l&cat=p&typeid=i","cat":284680},{"id":101050,"n":"Croquette chat stérilisé Ultima  Nature - Saumon - 1.25kg","p":12.91,"u":"10,33 €/KG","img":"https://fd15-photos.leclercdrive.fr/image.ashx?id=2569962&use=l&cat=p&typeid=i","cat":284680},{"id":101056,"n":"Adoucissant concentré Hyperdou Rosée du matin - 750ml","p":1.98,"u":"2,64 €/L","img":"https://fd15-photos.leclercdrive.fr/image.ashx?id=2602910&use=l&cat=p&typeid=i","cat":284650},{"id":101058,"n":"Adoucissant concentré Hyperdou Passion tropicale - 750ml","p":3.35,"u":"4,47 €/L","img":"https://fd15-photos.leclercdrive.fr/image.ashx?id=2683565&use=l&cat=p&typeid=i","cat":284650},{"id":101059,"n":"Adoucissant concentré Hyperdou Couché soleil - 750ml","p":2.04,"u":"2,72 €/L","img":"https://fd15-photos.leclercdrive.fr/image.ashx?id=2602943&use=l&cat=p&typeid=i","cat":284650},{"id":101080,"n":"Pot crème glacée Ben& Jerry's Cookie/Brownie 4 x 100ml","p":7.52,"u":"18,80 €/L","img":"https://fd15-photos.leclercdrive.fr/image.ashx?id=2657012&use=l&cat=p&typeid=i","cat":284725},{"id":101115,"n":"Céréales Trésor de Kellogg's Chocolat au Lait - 410g","p":5.37,"u":"13,10 €/KG","img":"https://fd15-photos.leclercdrive.fr/image.ashx?id=2584241&use=l&cat=p&typeid=i","cat":309513},{"id":101288,"n":"Mousse végétal Andros Chocolat - 4x55g","p":3.95,"u":"17,95 €/KG","img":"https://fd15-photos.leclercdrive.fr/image.ashx?id=2963433&use=l&cat=p&typeid=i","cat":316071},{"id":101337,"n":"Chiffonnade speck Negroni 85g","p":5.85,"u":"68,82 €/KG","img":"https://fd15-photos.leclercdrive.fr/image.ashx?id=2025185&use=l&cat=p&typeid=i","cat":316007},{"id":101341,"n":"Chiffonnade saucisson Negroni Italien - 85g","p":5.15,"u":"60,59 €/KG","img":"https://fd15-photos.leclercdrive.fr/image.ashx?id=1989819&use=l&cat=p&typeid=i","cat":316007},{"id":101368,"n":"Sauce vinaigrette balsamique Clovis - 55cl","p":9.26,"u":"16,84 €/L","img":"https://fd15-photos.leclercdrive.fr/image.ashx?id=2748239&use=l&cat=p&typeid=i","cat":284456},{"id":101369,"n":"Vinaigrette échalote Clovis - 55cl","p":8.52,"u":"15,49 €/L","img":"https://fd15-photos.leclercdrive.fr/image.ashx?id=2748245&use=l&cat=p&typeid=i","cat":284456},{"id":101372,"n":"Vinaigre Reims vieilli Clovis - 50cl","p":9.36,"u":"18,72 €/L","img":"https://fd15-photos.leclercdrive.fr/image.ashx?id=2281213&use=l&cat=p&typeid=i","cat":298543},{"id":101415,"n":"Couteaux en bois Homeside x20","p":2.9,"u":"0,15 €/P","img":"https://fd15-photos.leclercdrive.fr/image.ashx?id=1663736&use=l&cat=p&typeid=i","cat":334134},{"id":101416,"n":"Fourchettes en bois Homeside x20","p":2.9,"u":"0,15 €/P","img":"https://fd15-photos.leclercdrive.fr/image.ashx?id=1663733&use=l&cat=p&typeid=i","cat":334134},{"id":101418,"n":"Cuillères en bois Homeside x20","p":1.95,"u":"0,10 €/P","img":"https://fd15-photos.leclercdrive.fr/image.ashx?id=1663730&use=l&cat=p&typeid=i","cat":334134},{"id":101460,"n":"Ménagère réutillisable Homeside rouge - 18 couverts","p":3.9,"u":"0,22 €/P","img":"https://fd15-photos.leclercdrive.fr/image.ashx?id=1660498&use=l&cat=p&typeid=i","cat":334134},{"id":101461,"n":"Pâtes Collezione Barilla Fusilli Bucati Corti - 500g","p":2.05,"u":"4,10 €/KG","img":"https://fd15-photos.leclercdrive.fr/image.ashx?id=2991003&use=l&cat=p&typeid=i","cat":284427},{"id":101463,"n":"Petits Pois Bonduelle Légumes 100% Français Bio 360g","p":4.99,"u":"17,82 €/KG","img":"https://fd15-photos.leclercdrive.fr/image.ashx?id=2913073&use=l&cat=p&typeid=i","cat":312607},{"id":101466,"n":"Champignons de Paris Bonduelle Bio Emincés français - 230g","p":3.15,"u":"13,70 €/KG","img":"https://fd15-photos.leclercdrive.fr/image.ashx?id=2915721&use=l&cat=p&typeid=i","cat":312610},{"id":101473,"n":"Petit Pois, Carotte Cassegrain Tendre et Fondant 265g","p":3.2,"u":"12,08 €/KG","img":"https://fd15-photos.leclercdrive.fr/image.ashx?id=2951692&use=l&cat=p&typeid=i","cat":312607},{"id":101480,"n":"Filets de thon Saupiquet Au citron - 115g","p":3.47,"u":"30,17 €/KG","img":"https://fd15-photos.leclercdrive.fr/image.ashx?id=2846370&use=l&cat=p&typeid=i","cat":303867},{"id":101497,"n":"Porte-mines Matic Fun Bic HB 0.7mm - Pochette de 10","p":4.65,"img":"https://fd15-photos.leclercdrive.fr/image.ashx?id=2749931&use=l&cat=p&typeid=i","cat":284696},{"id":101504,"n":"AOC Clairette de Die doux BIO  Rives et Terrasses - 75cl","p":13.49,"u":"17,99 €/L","img":"https://fd15-photos.leclercdrive.fr/image.ashx?id=2826930&use=l&cat=p&typeid=i","cat":284544},{"id":101505,"n":"Jus de pruneaux Bio Village Bio - 1L","p":6.79,"u":"6,79 €/L","img":"https://fd15-photos.leclercdrive.fr/image.ashx?id=2901560&use=l&cat=p&typeid=i","cat":284915},{"id":101506,"n":"Boisson Cranberry  Bio Village   Bio - 1L","p":4.89,"u":"4,89 €/L","img":"https://fd15-photos.leclercdrive.fr/image.ashx?id=2958774&use=l&cat=p&typeid=i","cat":284915},{"id":101564,"n":"chocolat noir alter eco   republique dominicaine bio 100g","p":4.69,"u":"46,90 €/KG","img":"https://fd15-photos.leclercdrive.fr/image.ashx?id=2906556&use=l&cat=p&typeid=i","cat":284956},{"id":101602,"n":"Douceur satinée Délisse Vanille - 4x125g","p":2.39,"u":"4,78 €/KG","img":"https://fd15-photos.leclercdrive.fr/image.ashx?id=2129236&use=l&cat=p&typeid=i","cat":314999},{"id":101618,"n":"Haricots verts Bio Bonduelle 500g","p":5.55,"u":"11,10 €/KG","img":"https://fd15-photos.leclercdrive.fr/image.ashx?id=2913088&use=l&cat=p&typeid=i","cat":319805},{"id":101620,"n":"Matière grasse Rustica Omega 3 50%MG -Doux -250G","p":1.61,"u":"6,44 €/KG","img":"https://fd15-photos.leclercdrive.fr/image.ashx?id=2904583&use=l&cat=p&typeid=i","cat":315229},{"id":101629,"n":"Pur jus clémentine Bio Village Bio - 1L","p":3.48,"u":"3,48 €/L","img":"https://fd15-photos.leclercdrive.fr/image.ashx?id=2901548&use=l&cat=p&typeid=i","cat":284915},{"id":101680,"n":"Goûter Bio Village Pépites de Chocolat Bio - 150g","p":3.99,"u":"26,60 €/KG","img":"https://fd15-photos.leclercdrive.fr/image.ashx?id=2783443&use=l&cat=p&typeid=i","cat":284495},{"id":101688,"n":"Gel concentré vaisselle UniVert Citron - 685ml","p":7.85,"u":"11,46 €/L","img":"https://fd15-photos.leclercdrive.fr/image.ashx?id=2598003&use=l&cat=p&typeid=i","cat":284655},{"id":101716,"n":"Petit beurre Michel et Augustin Roquefort graine pavot - 100g","p":4.75,"u":"47,50 €/KG","img":"https://fd15-photos.leclercdrive.fr/image.ashx?id=2108978&use=l&cat=p&typeid=i","cat":297000},{"id":101720,"n":"Sablé Michel et Augustin AOP Brebis tomate piment - 100g","p":4.75,"u":"47,50 €/KG","img":"https://fd15-photos.leclercdrive.fr/image.ashx?id=2108984&use=l&cat=p&typeid=i","cat":297000},{"id":101732,"n":"Palmier Michel et Augustin Pur beurre caramelisé 120g","p":3.99,"u":"33,25 €/KG","img":"https://fd15-photos.leclercdrive.fr/image.ashx?id=2278766&use=l&cat=p&typeid=i","cat":284487},{"id":101734,"n":"Palmiers Michel et Augustin Pur beurre Framboise - 120g","p":5.19,"u":"43,25 €/KG","img":"https://fd15-photos.leclercdrive.fr/image.ashx?id=2278772&use=l&cat=p&typeid=i","cat":284489},{"id":101760,"n":"Crevettes entières ASC Eco+ 400g","p":7.85,"u":"19,63 €/KG","img":"https://fd15-photos.leclercdrive.fr/image.ashx?id=2081633&use=l&cat=p&typeid=i","cat":319787},{"id":101762,"n":"Noix de St Jacques Eco+ Sans corail - MSC - 300g","p":9.5,"u":"31,67 €/KG","img":"https://fd15-photos.leclercdrive.fr/image.ashx?id=2790868&use=l&cat=p&typeid=i","cat":319787},{"id":101833,"n":"Gel lavage Visior Concentré - 900ml","p":7.05,"u":"7,83 €/L","img":"https://fd15-photos.leclercdrive.fr/image.ashx?id=2598000&use=l&cat=p&typeid=i","cat":284657},{"id":101836,"n":"Pastilles anti-calcaire Texil x17","p":3.89,"u":"0,23 €/P","img":"https://fd15-photos.leclercdrive.fr/image.ashx?id=2964580&use=l&cat=p&typeid=i","cat":284653},{"id":101837,"n":"Pastilles anti-calcaire Texil x48","p":5.26,"u":"0,11 €/P","img":"https://fd15-photos.leclercdrive.fr/image.ashx?id=2964583&use=l&cat=p&typeid=i","cat":284653},{"id":101892,"n":"Demi-Grenailles Pom Bistro au Piment d'Espelette - 450g","p":5.09,"u":"11,31 €/KG","img":"https://fd15-photos.leclercdrive.fr/image.ashx?id=2866421&use=l&cat=p&typeid=i","cat":319792},{"id":101927,"n":"Briquette charbon de bois Weber Sac de 4kg","p":12.75,"u":"3,19 €/KG","img":"https://fd15-photos.leclercdrive.fr/image.ashx?id=2158419&use=l&cat=p&typeid=i","cat":335917},{"id":102002,"n":"Pain au seigle Bio Village Bio - Complet - 500g","p":3.45,"u":"6,90 €/KG","img":"https://fd15-photos.leclercdrive.fr/image.ashx?id=2686353&use=l&cat=p&typeid=i","cat":325069},{"id":102006,"n":"Gel bain douche Manava Pamplemousse raisin blanc-500ml","p":2.72,"u":"5,44 €/L","img":"https://fd15-photos.leclercdrive.fr/image.ashx?id=2652870&use=l&cat=p&typeid=i","cat":284594},{"id":102007,"n":"Gel douche Manava Gommant - 250ml","p":2.19,"u":"8,76 €/L","img":"https://fd15-photos.leclercdrive.fr/image.ashx?id=2805042&use=l&cat=p&typeid=i","cat":284594},{"id":102008,"n":"Gel douche Manava Sans savon - 500ml","p":3.39,"u":"6,78 €/L","img":"https://fd15-photos.leclercdrive.fr/image.ashx?id=2741303&use=l&cat=p&typeid=i","cat":284594},{"id":102010,"n":"Gel douche L'Arbre Vert Amande douce bien-être - 250ml","p":2.72,"u":"10,88 €/L","img":"https://fd15-photos.leclercdrive.fr/image.ashx?id=2457899&use=l&cat=p&typeid=i","cat":284594},{"id":102011,"n":"Crème désaltérante jour So Bio  Aloe Vera bio  - 50ml","p":9.4,"u":"188,00 €/L","img":"https://fd15-photos.leclercdrive.fr/image.ashx?id=2644223&use=l&cat=p&typeid=i","cat":325345},{"id":102020,"n":"Baume Skinactive Garnier Argan bio - 50ml","p":10.68,"u":"213,60 €/L","img":"https://fd15-photos.leclercdrive.fr/image.ashx?id=2457215&use=l&cat=p&typeid=i","cat":325345},{"id":102068,"n":"Poudre détachante - 500g Spéciale textiles - UNI VERT","p":4.34,"u":"8,68 €/KG","img":"https://fd15-photos.leclercdrive.fr/image.ashx?id=2869299&use=l&cat=p&typeid=i","cat":284651},{"id":102078,"n":"Tagliatelles Côté Table Poulet & champignons - 300g","p":3.28,"u":"10,93 €/KG","img":"https://fd15-photos.leclercdrive.fr/image.ashx?id=2893568&use=l&cat=p&typeid=i","cat":333665},{"id":102082,"n":"Poulet et risotto Côté Table Champignons - 280g","p":4.09,"u":"14,61 €/KG","img":"https://fd15-photos.leclercdrive.fr/image.ashx?id=2816145&use=l&cat=p&typeid=i","cat":333665},{"id":102104,"n":"Eau Aromatisée Vittel Aro bio Citron - 1L","p":2.09,"u":"2,09 €/L","img":"https://fd15-photos.leclercdrive.fr/image.ashx?id=2737093&use=l&cat=p&typeid=i","cat":284537},{"id":102172,"n":"Miel liquide l'apiculteur Des montagnes - 500g","p":7.95,"u":"15,90 €/KG","img":"https://fd15-photos.leclercdrive.fr/image.ashx?id=2327734&use=l&cat=p&typeid=i","cat":287643},{"id":102309,"n":"Pomme de terre de consommation  1kg","p":1.45,"u":"1,45 €/KG","img":"https://fd15-photos.leclercdrive.fr/image.ashx?id=1633283&use=l&cat=p&typeid=i","cat":284352},{"id":102335,"n":"Céréales muesli proteines Bio  bjorg soja - 375g","p":4.9,"u":"13,07 €/KG","img":"https://fd15-photos.leclercdrive.fr/image.ashx?id=2906205&use=l&cat=p&typeid=i","cat":309512},{"id":102336,"n":"Muesli croustillant chocolat  bio Terres et Céréales - 500g","p":6.4,"u":"12,80 €/KG","img":"https://fd15-photos.leclercdrive.fr/image.ashx?id=2802440&use=l&cat=p&typeid=i","cat":309512},{"id":102338,"n":"Muesli fruits rouges bio  Terres et Céréales - 500g","p":7.25,"u":"14,50 €/KG","img":"https://fd15-photos.leclercdrive.fr/image.ashx?id=2802443&use=l&cat=p&typeid=i","cat":309512},{"id":102374,"n":"Bière sans alcool Tourtel Twist Cerise 0,0° - 6x27,5cl","p":11.95,"u":"7,24 €/L","img":"https://fd15-photos.leclercdrive.fr/image.ashx?id=2688803&use=l&cat=p&typeid=i","cat":334877},{"id":102412,"n":"Kidibul Pomme  75cl","p":5.25,"u":"7,00 €/L","img":"https://fd15-photos.leclercdrive.fr/image.ashx?id=2766066&use=l&cat=p&typeid=i","cat":289460},{"id":102480,"n":"Petits Suisses Gervais 9,5%MG - 12x60g","p":3.99,"u":"5,54 €/KG","img":"https://fd15-photos.leclercdrive.fr/image.ashx?id=2230381&use=l&cat=p&typeid=i","cat":284409},{"id":102589,"n":"Chocolat Sensation fruit Lindt Framboise/Cranberry - 160g","p":5.24,"u":"32,75 €/KG","img":"https://fd15-photos.leclercdrive.fr/image.ashx?id=2208954&use=l&cat=p&typeid=i","cat":304238},{"id":102617,"n":"Eau minérale naturelle Vittel 1.5L","p":1.59,"u":"1,06 €/L","img":"https://fd15-photos.leclercdrive.fr/image.ashx?id=3002216&use=l&cat=p&typeid=i","cat":284535},{"id":102660,"n":"DOC Prosecco blanc Vilaveroni Bio - 75cl","p":14.84,"u":"19,79 €/L","img":"https://fd15-photos.leclercdrive.fr/image.ashx?id=2504236&use=l&cat=p&typeid=i","cat":289461},{"id":102669,"n":"Capsules café L'Or Espresso Or Rose N°7 x10","p":5.69,"u":"109,42 €/KG","img":"https://fd15-photos.leclercdrive.fr/image.ashx?id=2100290&use=l&cat=p&typeid=i","cat":284749},{"id":102676,"n":"Capsules café L'Or Barista Double Espresso N°7 x10","p":8.3,"u":"79,81 €/KG","img":"https://fd15-photos.leclercdrive.fr/image.ashx?id=1742978&use=l&cat=p&typeid=i","cat":284749},{"id":102678,"n":"Friandises chien Pedigree  Ranchos original poulet - 70g","p":4.25,"u":"60,71 €/KG","img":"https://fd15-photos.leclercdrive.fr/image.ashx?id=2897282&use=l&cat=p&typeid=i","cat":294527},{"id":102695,"n":"Friandises chien Pedigree Ranchos original bœuf - 70g","p":4.25,"u":"60,71 €/KG","img":"https://fd15-photos.leclercdrive.fr/image.ashx?id=2897279&use=l&cat=p&typeid=i","cat":294527},{"id":102819,"n":"Panaché Falsbourg Grenadine <0,5% - 20x25cl","p":9.39,"u":"1,88 €/L","img":"https://fd15-photos.leclercdrive.fr/image.ashx?id=2637964&use=l&cat=p&typeid=i","cat":334877},{"id":102834,"n":"Fils Copains Copines Colorés - 200g","p":2.29,"u":"11,45 €/KG","img":"https://fd15-photos.leclercdrive.fr/image.ashx?id=2934748&use=l&cat=p&typeid=i","cat":304250},{"id":102892,"n":"Céréales Jordans Granola Amande Noisette et Graine - 400g","p":5.59,"u":"13,98 €/KG","img":"https://fd15-photos.leclercdrive.fr/image.ashx?id=2475909&use=l&cat=p&typeid=i","cat":309512},{"id":102977,"n":"Bâtonnets Chocolat au lait Chaque jour sans gluten - 125g","p":5.09,"u":"40,72 €/KG","img":"https://fd15-photos.leclercdrive.fr/image.ashx?id=2523718&use=l&cat=p&typeid=i","cat":318654},{"id":102980,"n":"Chips ondulées nature Lay's Sel - 120g","p":2.06,"u":"17,17 €/KG","img":"https://fd15-photos.leclercdrive.fr/image.ashx?id=2788505&use=l&cat=p&typeid=i","cat":284447},{"id":102982,"n":"Chips Lay's Max Saveur sauce bbq - 120g","p":2.15,"u":"17,92 €/KG","img":"https://fd15-photos.leclercdrive.fr/image.ashx?id=2862164&use=l&cat=p&typeid=i","cat":284447},{"id":103006,"n":"Croquettes petits chiens Ultima Poulet - Chihuahua - 800g","p":7.46,"u":"9,33 €/KG","img":"https://fd15-photos.leclercdrive.fr/image.ashx?id=2940585&use=l&cat=p&typeid=i","cat":294526},{"id":103018,"n":"Chamallows Choco Haribo Boîte bonbons guimauve - 450g","p":8.99,"u":"19,98 €/KG","img":"https://fd15-photos.leclercdrive.fr/image.ashx?id=1969149&use=l&cat=p&typeid=i","cat":304250},{"id":103030,"n":"World Mix Haribo Boîte bonbons - 750g","p":9.39,"u":"12,52 €/KG","img":"https://fd15-photos.leclercdrive.fr/image.ashx?id=2984913&use=l&cat=p&typeid=i","cat":304250},{"id":103036,"n":"Pâte brisée Marie Pur beurre - 230g","p":3.59,"u":"15,61 €/KG","img":"https://fd15-photos.leclercdrive.fr/image.ashx?id=2318540&use=l&cat=p&typeid=i","cat":333681},{"id":103046,"n":"Céréales Trésor Kellogg's Chocolat Noisette - 750g","p":6.9,"u":"9,20 €/KG","img":"https://fd15-photos.leclercdrive.fr/image.ashx?id=2586291&use=l&cat=p&typeid=i","cat":309513},{"id":103047,"n":"Nutella Biscuit pâte à tartiner Cacao Noisettes - 304g","p":5.35,"u":"17,60 €/KG","img":"https://fd15-photos.leclercdrive.fr/image.ashx?id=2896432&use=l&cat=p&typeid=i","cat":284488},{"id":103050,"n":"Céréales Trésor de Kellogg's Chocolat au lait - 750g","p":7.83,"u":"10,44 €/KG","img":"https://fd15-photos.leclercdrive.fr/image.ashx?id=1662239&use=l&cat=p&typeid=i","cat":309513},{"id":103063,"n":"Paille Pik Haribo Sachet bonbons acidulés - 180g","p":2.5,"u":"13,89 €/KG","img":"https://fd15-photos.leclercdrive.fr/image.ashx?id=2984922&use=l&cat=p&typeid=i","cat":304250},{"id":103074,"n":"Tajine de Légumes Grillés Cassegrain à la Coriandre 375g","p":5.7,"u":"15,20 €/KG","img":"https://fd15-photos.leclercdrive.fr/image.ashx?id=2636955&use=l&cat=p&typeid=i","cat":312612},{"id":103078,"n":"Cocobat Haribo Sachet bonbons réglisse - 300g","p":2.15,"u":"7,17 €/KG","img":"https://fd15-photos.leclercdrive.fr/image.ashx?id=2805231&use=l&cat=p&typeid=i","cat":304250},{"id":103094,"n":"Crème légère semi épaisse  Bridélice 18%mg - 2x25cl","p":4.48,"u":"8,96 €/L","img":"https://fd15-photos.leclercdrive.fr/image.ashx?id=2806156&use=l&cat=p&typeid=i","cat":284381},{"id":103101,"n":"Crevettes d'équateur cuitEscal Cuites - ASC - 300g","p":13.24,"u":"44,13 €/KG","img":"https://fd15-photos.leclercdrive.fr/image.ashx?id=2411752&use=l&cat=p&typeid=i","cat":319787},{"id":103104,"n":"Crème entière 30% Président 2x25cl","p":4.78,"u":"9,56 €/L","img":"https://fd15-photos.leclercdrive.fr/image.ashx?id=2973577&use=l&cat=p&typeid=i","cat":284381},{"id":103144,"n":"Bière blonde Bud 5% - 6x25cl","p":8.85,"u":"5,90 €/L","img":"https://fd15-photos.leclercdrive.fr/image.ashx?id=2481032&use=l&cat=p&typeid=i","cat":334873},{"id":103150,"n":"Bière Rouge Kasteel 33cl","p":3.65,"u":"11,06 €/L","img":"https://fd15-photos.leclercdrive.fr/image.ashx?id=2433449&use=l&cat=p&typeid=i","cat":334872},{"id":103156,"n":"Frites Pom Bistro à la Graisse de Boeuf - 500g","p":4.79,"u":"9,58 €/KG","img":"https://fd15-photos.leclercdrive.fr/image.ashx?id=2866418&use=l&cat=p&typeid=i","cat":319791},{"id":103157,"n":"Rissolées Pom Bistro à la Graisse de Canard - 500g","p":4.8,"u":"9,60 €/KG","img":"https://fd15-photos.leclercdrive.fr/image.ashx?id=2866430&use=l&cat=p&typeid=i","cat":319792},{"id":103158,"n":"Tartine Grilletine de Pasquier Sans sucre ajouté - x18 - 255g","p":3.63,"u":"14,24 €/KG","img":"https://fd15-photos.leclercdrive.fr/image.ashx?id=2333057&use=l&cat=p&typeid=i","cat":284479},{"id":103184,"n":"IGP Cidre doux Val de Rance De Dégustation Bretagne - 75cl","p":3.95,"u":"5,27 €/L","img":"https://fd15-photos.leclercdrive.fr/image.ashx?id=2020722&use=l&cat=p&typeid=i","cat":334880},{"id":103189,"n":"IGP Cidre Brut Val de Rance De dégustation Bretagne 75cl","p":6.87,"u":"9,16 €/L","img":"https://fd15-photos.leclercdrive.fr/image.ashx?id=2020719&use=l&cat=p&typeid=i","cat":334880},{"id":103191,"n":"Bière sans alcool Tourtel Twist Pêche 0,0° - 6x27,5cl","p":7.55,"u":"4,58 €/L","img":"https://fd15-photos.leclercdrive.fr/image.ashx?id=2896564&use=l&cat=p&typeid=i","cat":334877},{"id":103197,"n":"Boisson thé infusé Fresh Tea Passion - 1L","p":1.79,"u":"1,79 €/L","img":"https://fd15-photos.leclercdrive.fr/image.ashx?id=2622278&use=l&cat=p&typeid=i","cat":295019},{"id":103259,"n":"IGP Méditerrannée rouge Cellier des Dauphins 6x25cl","p":12.31,"u":"8,21 €/L","img":"https://fd15-photos.leclercdrive.fr/image.ashx?id=2338144&use=l&cat=p&typeid=i","cat":289556},{"id":103260,"n":"Complément alimentaire Biosens Stimulant minceur Bio - 23g","p":6.45,"u":"280,43 €/KG","img":"https://fd15-photos.leclercdrive.fr/image.ashx?id=2084645&use=l&cat=p&typeid=i","cat":284632},{"id":103280,"n":"Sel marin Herbamare Bio - 275g","p":6.79,"u":"24,69 €/KG","img":"https://fd15-photos.leclercdrive.fr/image.ashx?id=2099744&use=l&cat=p&typeid=i","cat":284457},{"id":103283,"n":"IGP Cidre Bio Val de Rance Brut - 75cl","p":5.99,"u":"7,99 €/L","img":"https://fd15-photos.leclercdrive.fr/image.ashx?id=2277143&use=l&cat=p&typeid=i","cat":334880},{"id":103377,"n":"Cornichons bio Bio Village Vinaigre - 185g","p":3.28,"u":"17,73 €/KG","img":"https://fd15-photos.leclercdrive.fr/image.ashx?id=2974849&use=l&cat=p&typeid=i","cat":284458},{"id":103381,"n":"Whisky Grant's  Triple wood 40%vol - 70cl","p":27.73,"u":"39,61 €/L","img":"https://fd15-photos.leclercdrive.fr/image.ashx?id=2866022&use=l&cat=p&typeid=i","cat":284547},{"id":103436,"n":"Wrap au blé nature Mission 370g","p":3.8,"u":"10,27 €/KG","img":"https://fd15-photos.leclercdrive.fr/image.ashx?id=2890499&use=l&cat=p&typeid=i","cat":288993},{"id":103437,"n":"Wrap multigrains Mission 370g","p":4.1,"u":"11,08 €/KG","img":"https://fd15-photos.leclercdrive.fr/image.ashx?id=2890505&use=l&cat=p&typeid=i","cat":288993},{"id":103453,"n":"Panaché Falsbourg Grenadine - <0,5% vol. - 6x25cl","p":3.1,"u":"2,07 €/L","img":"https://fd15-photos.leclercdrive.fr/image.ashx?id=2637961&use=l&cat=p&typeid=i","cat":334877},{"id":103458,"n":"Vinaigre balsamique Maille Offre saisonnière - 75cl","p":6.89,"u":"9,19 €/L","img":"https://fd15-photos.leclercdrive.fr/image.ashx?id=2805678&use=l&cat=p&typeid=i","cat":298543},{"id":103470,"n":"Croquettes chat Purina One Poulet chat adulte - 450g","p":4.55,"u":"10,11 €/KG","img":"https://fd15-photos.leclercdrive.fr/image.ashx?id=2902265&use=l&cat=p&typeid=i","cat":284680},{"id":103499,"n":"Apéritif prêt à boire Martini Rossini 8° - 75cl","p":10.24,"pp":9.74,"u":"12,99 €/L","img":"https://fd15-photos.leclercdrive.fr/image.ashx?id=2866831&use=l&cat=p&typeid=i","cat":289461},{"id":103500,"n":"Panaché Falsbourg <0.5% vol. - 20x25cl","p":9.99,"u":"2,00 €/L","img":"https://fd15-photos.leclercdrive.fr/image.ashx?id=2637970&use=l&cat=p&typeid=i","cat":334877},{"id":103501,"n":"Pochons prémium Plénima chat au Saumon / Dinde - 4x85g","p":3.75,"u":"11,03 €/KG","img":"https://fd15-photos.leclercdrive.fr/image.ashx?id=2361128&use=l&cat=p&typeid=i","cat":285286},{"id":103503,"n":"Capsules Nescafé Dolce Gusto  Espresso Intenso - x16","p":7.35,"u":"65,63 €/KG","img":"https://fd15-photos.leclercdrive.fr/image.ashx?id=3009110&use=l&cat=p&typeid=i","cat":293239},{"id":103555,"n":"Crevettes décortiquée Pescanova À cuire - 300g","p":12.84,"u":"42,80 €/P","img":"https://fd15-photos.leclercdrive.fr/image.ashx?id=2277917&use=l&cat=p&typeid=i","cat":319787},{"id":103556,"n":"Queues de crevettes Pescanova Déjà cuites - 300g","p":12.45,"u":"41,50 €/P","img":"https://fd15-photos.leclercdrive.fr/image.ashx?id=2277920&use=l&cat=p&typeid=i","cat":319787},{"id":103563,"n":"Batonnets de glace Nuii Salted Caramel macadamia - 272g","p":7.5,"u":"27,57 €/KG","img":"https://fd15-photos.leclercdrive.fr/image.ashx?id=2506798&use=l&cat=p&typeid=i","cat":284265},{"id":103566,"n":"Batonnets de glaces Nuii Almond & java vanilla - x4","p":5.89,"u":"21,98 €/KG","img":"https://fd15-photos.leclercdrive.fr/image.ashx?id=2506801&use=l&cat=p&typeid=i","cat":284265},{"id":103619,"n":"Crème glacée Häagen-Dazs  Vanille - 400g","p":7.2,"u":"18,00 €/KG","img":"https://fd15-photos.leclercdrive.fr/image.ashx?id=2893429&use=l&cat=p&typeid=i","cat":284725},{"id":103621,"n":"Crème glacée Häagen-Dazs  Vanille pécan - 400g","p":7.2,"u":"18,00 €/KG","img":"https://fd15-photos.leclercdrive.fr/image.ashx?id=2893438&use=l&cat=p&typeid=i","cat":284725},{"id":103622,"n":"Crème glacée Häagen-Dazs Caramel speculoos Lotus - 400g","p":7.2,"u":"18,00 €/KG","img":"https://fd15-photos.leclercdrive.fr/image.ashx?id=2893441&use=l&cat=p&typeid=i","cat":284725},{"id":103657,"n":"Crème glacée Häagen-Dazs  Vanille noix macadamia - 400g","p":7.2,"u":"18,00 €/KG","img":"https://fd15-photos.leclercdrive.fr/image.ashx?id=2893444&use=l&cat=p&typeid=i","cat":284725},{"id":103661,"n":"Crème glacée Häagen-Dazs  Vanille caramel brownie - 386g","p":7.2,"u":"18,65 €/KG","img":"https://fd15-photos.leclercdrive.fr/image.ashx?id=2893468&use=l&cat=p&typeid=i","cat":284725},{"id":103665,"n":"Mini pots Häagen-Dazs  Caramel attraction x4 - 318g","p":8.3,"u":"25,86 €/KG","img":"https://fd15-photos.leclercdrive.fr/image.ashx?id=2992852&use=l&cat=p&typeid=i","cat":284725},{"id":103680,"n":"Mini pots Häagen-Dazs Vanille  noix de macadamia x4 - 324g","p":8.3,"u":"25,62 €/KG","img":"https://fd15-photos.leclercdrive.fr/image.ashx?id=3000162&use=l&cat=p&typeid=i","cat":284725},{"id":103684,"n":"Mini pots Häagen-Dazs  Favorite selection x4 - 318g","p":8.3,"u":"26,10 €/KG","img":"https://fd15-photos.leclercdrive.fr/image.ashx?id=3000165&use=l&cat=p&typeid=i","cat":284725},{"id":103692,"n":"Crème glacée Häagen-Dazs  Beurre de cacahuètes - 400g","p":7.2,"u":"18,00 €/KG","img":"https://fd15-photos.leclercdrive.fr/image.ashx?id=2893507&use=l&cat=p&typeid=i","cat":284725},{"id":103696,"n":"Fromage Maasdam Les Croisés 150g","p":2.89,"u":"19,27 €/KG","img":"https://fd15-photos.leclercdrive.fr/image.ashx?id=2031859&use=l&cat=p&typeid=i","cat":314028},{"id":103726,"n":"Masque Violet Démêlant Elsève Color-Vive - 150ml","p":11.85,"u":"79,00 €/L","img":"https://fd15-photos.leclercdrive.fr/image.ashx?id=2439281&use=l&cat=p&typeid=i","cat":284608},{"id":103728,"n":"Shampoing Violet Elsève Color-Vive Déjaunisseur - 200ml","p":5.9,"u":"29,50 €/L","img":"https://fd15-photos.leclercdrive.fr/image.ashx?id=2278121&use=l&cat=p&typeid=i","cat":284606},{"id":103780,"n":"Pâte feuilletée Marie Pur beurre - 230g","p":3.59,"u":"15,61 €/KG","img":"https://fd15-photos.leclercdrive.fr/image.ashx?id=2318543&use=l&cat=p&typeid=i","cat":333681},{"id":103816,"n":"Bâtonnets Trium   Poire chocolat - x4 - 302g","p":4.59,"u":"15,20 €/KG","img":"https://fd15-photos.leclercdrive.fr/image.ashx?id=2920779&use=l&cat=p&typeid=i","cat":284265},{"id":103818,"n":"Mangue Douceur du Verger Morceaux - 650g","p":5.39,"u":"8,29 €/KG","img":"https://fd15-photos.leclercdrive.fr/image.ashx?id=2898257&use=l&cat=p&typeid=i","cat":284268},{"id":103820,"n":"Mini pots de glace bonbons Smicy - x6 - 300g","p":5.09,"u":"16,97 €/KG","img":"https://fd15-photos.leclercdrive.fr/image.ashx?id=2064612&use=l&cat=p&typeid=i","cat":285250},{"id":103821,"n":"Glace cônes Smicy Bonbons - x8 - 328g","p":3.23,"u":"9,85 €/KG","img":"https://fd15-photos.leclercdrive.fr/image.ashx?id=2698174&use=l&cat=p&typeid=i","cat":285250},{"id":103822,"n":"Pizza Crousti Moelleuse Extrême Marie Tartiflette - 550g","p":7.9,"u":"14,36 €/KG","img":"https://fd15-photos.leclercdrive.fr/image.ashx?id=2996764&use=l&cat=p&typeid=i","cat":284256},{"id":103844,"n":"IGP Ile de Beauté vin rosé Terres Ocrées 12% vol - 75cl","p":6.49,"u":"8,65 €/L","img":"https://fd15-photos.leclercdrive.fr/image.ashx?id=2846526&use=l&cat=p&typeid=i","cat":289558},{"id":103890,"n":"Lasagnes au saumon Côté Table ASC - 300g","p":4.39,"u":"14,63 €/KG","img":"https://fd15-photos.leclercdrive.fr/image.ashx?id=2809879&use=l&cat=p&typeid=i","cat":284254},{"id":103891,"n":"Crème glacée Häagen-Dazs  Caramel au beurre salé - 400g","p":7.2,"u":"18,00 €/KG","img":"https://fd15-photos.leclercdrive.fr/image.ashx?id=2893435&use=l&cat=p&typeid=i","cat":284725},{"id":103914,"n":"Whisky Bushmill's Classic 40%vol - 70cl","p":30.33,"u":"43,33 €/L","img":"https://fd15-photos.leclercdrive.fr/image.ashx?id=2484449&use=l&cat=p&typeid=i","cat":284547},{"id":103915,"n":"Mimolette jeune Les Croisés 350g","p":4.95,"u":"14,14 €/KG","img":"https://fd15-photos.leclercdrive.fr/image.ashx?id=2046499&use=l&cat=p&typeid=i","cat":314028},{"id":103918,"n":"Bâtonnets  Maple  Peanut Butter et candian - x4","p":5.89,"u":"1,47 €/P","img":"https://fd15-photos.leclercdrive.fr/image.ashx?id=2506810&use=l&cat=p&typeid=i","cat":284265},{"id":103919,"n":"Bâtonnets  Nuii Idaho Valley  Cookies mint x4 - 244g","p":5.89,"u":"24,14 €/KG","img":"https://fd15-photos.leclercdrive.fr/image.ashx?id=2506807&use=l&cat=p&typeid=i","cat":284265},{"id":103922,"n":"Batonnets Nuii White chocolate&scandinavia x4","p":5.89,"u":"1,47 €/P","img":"https://fd15-photos.leclercdrive.fr/image.ashx?id=2922149&use=l&cat=p&typeid=i","cat":284265},{"id":103988,"n":"Thon naturel Petit Navire 3x140g","p":10.17,"u":"24,21 €/KG","img":"https://fd15-photos.leclercdrive.fr/image.ashx?id=2887479&use=l&cat=p&typeid=i","cat":303867},{"id":103990,"n":"Taboulé Garbit Tomates - 2x525g","p":6.15,"u":"11,71 €/KG","img":"https://fd15-photos.leclercdrive.fr/image.ashx?id=2105701&use=l&cat=p&typeid=i","cat":325094},{"id":103993,"n":"IGP Méditerranée rosé St Sagnol - 75cl","p":6.85,"u":"9,13 €/L","img":"https://fd15-photos.leclercdrive.fr/image.ashx?id=2923768&use=l&cat=p&typeid=i","cat":289558},{"id":104008,"n":"Jus innocent tutti frutti 900ml","p":4.55,"u":"5,06 €/L","img":"https://fd15-photos.leclercdrive.fr/image.ashx?id=2861737&use=l&cat=p&typeid=i","cat":285435},{"id":104016,"n":"Mon moment choucroute Stoeffler 410g","p":5.49,"u":"13,39 €/KG","img":"https://fd15-photos.leclercdrive.fr/image.ashx?id=2217437&use=l&cat=p&typeid=i","cat":333665},{"id":104024,"n":"AOC Rhum ambré Bourbon Barrel 41%vol Martinique - 70cl","p":16.69,"u":"23,84 €/L","img":"https://fd15-photos.leclercdrive.fr/image.ashx?id=2029973&use=l&cat=p&typeid=i","cat":284550},{"id":104025,"n":"Shampooing Le Petit Olivier Karité / Argan - 250 ml","p":4.55,"u":"18,20 €/KG","img":"https://fd15-photos.leclercdrive.fr/image.ashx?id=1670646&use=l&cat=p&typeid=i","cat":284606},{"id":104027,"n":"Rhum ambré Maison La Mauny 40%vol - 70cl","p":12.95,"u":"18,50 €/L","img":"https://fd15-photos.leclercdrive.fr/image.ashx?id=2956328&use=l&cat=p&typeid=i","cat":284550},{"id":104030,"n":"Spray démélant Le Petit Olivier Olive / karité / argan - 150 ml","p":5.3,"u":"35,33 €/L","img":"https://fd15-photos.leclercdrive.fr/image.ashx?id=1670655&use=l&cat=p&typeid=i","cat":284607},{"id":104036,"n":"Jus innocent plus  énergie chérie 750ml","p":4.55,"u":"6,07 €/L","img":"https://fd15-photos.leclercdrive.fr/image.ashx?id=2901082&use=l&cat=p&typeid=i","cat":284354},{"id":104053,"n":"Perle duo Gourmet Poisson et viandes - 12x85g","p":11.82,"u":"11,59 €/KG","img":"https://fd15-photos.leclercdrive.fr/image.ashx?id=2861761&use=l&cat=p&typeid=i","cat":285286},{"id":104062,"n":"Brioches Doowap Harrys X8 -320g Pépites choco sans additif","p":4.6,"u":"14,38 €/KG","img":"https://fd15-photos.leclercdrive.fr/image.ashx?id=2502998&use=l&cat=p&typeid=i","cat":293505},{"id":104087,"n":"IGP Méditerranée vin rosé Terres Ocrées - 75cl","p":4.95,"u":"6,60 €/L","img":"https://fd15-photos.leclercdrive.fr/image.ashx?id=2894743&use=l&cat=p&typeid=i","cat":289558},{"id":104092,"n":"Tagada Zip Fraîcheur Haribo Sachet bonbons - 220g","p":2.82,"u":"12,82 €/KG","img":"https://fd15-photos.leclercdrive.fr/image.ashx?id=2802359&use=l&cat=p&typeid=i","cat":304250},{"id":104094,"n":"Céréales Extra Kellogg's Aux 3 fruits rouges - 450g","p":4.6,"u":"10,22 €/KG","img":"https://fd15-photos.leclercdrive.fr/image.ashx?id=3003417&use=l&cat=p&typeid=i","cat":309512},{"id":104097,"n":"Fruits au sirop St Mamet Pêche douceur - 4x65g","p":6.35,"u":"24,42 €/KG","img":"https://fd15-photos.leclercdrive.fr/image.ashx?id=2429224&use=l&cat=p&typeid=i","cat":284507},{"id":104105,"n":"Cerneaux de noix pécan Vahiné 50g","p":2.6,"u":"52,00 €/KG","img":"https://fd15-photos.leclercdrive.fr/image.ashx?id=2474314&use=l&cat=p&typeid=i","cat":284504},{"id":104109,"n":"Les Timbales Gourmet Gold Boeuf plet saumon - 12x85g","p":11.47,"u":"11,25 €/KG","img":"https://fd15-photos.leclercdrive.fr/image.ashx?id=2861764&use=l&cat=p&typeid=i","cat":285286},{"id":104113,"n":"Brioches Doowap Harrys X12-480g Pépites choco sans additif","p":6.05,"u":"12,60 €/KG","img":"https://fd15-photos.leclercdrive.fr/image.ashx?id=2503001&use=l&cat=p&typeid=i","cat":293505},{"id":104114,"n":"Brioches Doowap Harrys X8 -320g Pépites choco lait sans additif","p":5.5,"u":"17,19 €/KG","img":"https://fd15-photos.leclercdrive.fr/image.ashx?id=2503004&use=l&cat=p&typeid=i","cat":293505},{"id":104115,"n":"Brioches Doowap Harrys X12-480g Pépites choco lait sans additif","p":6.05,"u":"12,60 €/KG","img":"https://fd15-photos.leclercdrive.fr/image.ashx?id=2503007&use=l&cat=p&typeid=i","cat":293505},{"id":104116,"n":"Galettes Sablés La Mère Poulard St-Michel - 125g","p":1.95,"u":"15,60 €/KG","img":"https://fd15-photos.leclercdrive.fr/image.ashx?id=2911384&use=l&cat=p&typeid=i","cat":284487},{"id":104117,"n":"Palets pur beurre Mère Poulard 125g","p":2.05,"u":"16,40 €/KG","img":"https://fd15-photos.leclercdrive.fr/image.ashx?id=2907018&use=l&cat=p&typeid=i","cat":284487},{"id":104121,"n":"Noix de cajou Benenuts Grillées à sec -165g","p":7.6,"u":"46,06 €/KG","img":"https://fd15-photos.leclercdrive.fr/image.ashx?id=2391786&use=l&cat=p&typeid=i","cat":284448},{"id":104183,"n":"Lamelles de kebab Noolam Halal","p":13.59,"u":"20,91 €/KG","img":"https://fd15-photos.leclercdrive.fr/image.ashx?id=1672747&use=l&cat=p&typeid=i","cat":319784},{"id":104192,"n":"Steak Hachés Normand Charal Pur Bœuf 12%MG - 10x100g - 1kg","p":16.45,"u":"16,45 €/KG","img":"https://fd15-photos.leclercdrive.fr/image.ashx?id=2742186&use=l&cat=p&typeid=i","cat":319778},{"id":104193,"n":"Coton-tiges Inell Recharge Tiges papier - x160","p":0.7,"img":"https://fd15-photos.leclercdrive.fr/image.ashx?id=2357704&use=l&cat=p&typeid=i","cat":284636},{"id":104264,"n":"Liqueur Angostura  Aromatic Bitter - 44,7° - 20cl","p":23.75,"u":"118,75 €/L","img":"https://fd15-photos.leclercdrive.fr/image.ashx?id=2018298&use=l&cat=p&typeid=i","cat":286032},{"id":104293,"n":"Pépites chunks Vahine 3 chocolats - 100g","p":3.6,"u":"36,00 €/KG","img":"https://fd15-photos.leclercdrive.fr/image.ashx?id=2559871&use=l&cat=p&typeid=i","cat":284504},{"id":104306,"n":"Fromage Bleu de brebis Société  110g","p":3.86,"u":"35,09 €/KG","img":"https://fd15-photos.leclercdrive.fr/image.ashx?id=2729725&use=l&cat=p&typeid=i","cat":314032},{"id":104325,"n":"Barres Figue GERBLE   - 150g","p":5.59,"u":"37,27 €/KG","img":"https://fd15-photos.leclercdrive.fr/image.ashx?id=2664085&use=l&cat=p&typeid=i","cat":318652},{"id":104362,"n":"Sauce Soja sucrée Tanoshi 200ml","p":4.85,"u":"24,25 €/L","img":"https://fd15-photos.leclercdrive.fr/image.ashx?id=2939439&use=l&cat=p&typeid=i","cat":288992},{"id":104365,"n":"Nouilles Ramen Tanoshi Poulet Teriyaki - 360g","p":3.69,"u":"10,25 €/KG","img":"https://fd15-photos.leclercdrive.fr/image.ashx?id=2912062&use=l&cat=p&typeid=i","cat":288992},{"id":104401,"n":"Bière blonde Belzebuth 8,5° - 33cl","p":4.05,"u":"12,27 €/L","img":"https://fd15-photos.leclercdrive.fr/image.ashx?id=1672435&use=l&cat=p&typeid=i","cat":334872},{"id":104418,"n":"Wraps blé nature grillé X6 - 370g","p":4.9,"u":"13,24 €/KG","img":"https://fd15-photos.leclercdrive.fr/image.ashx?id=2890511&use=l&cat=p&typeid=i","cat":288993},{"id":104446,"n":"Echalote longue 1 kg","p":4.95,"u":"4,95 €/KG","img":"https://fd15-photos.leclercdrive.fr/image.ashx?id=1631901&use=l&cat=p&typeid=i","cat":284352},{"id":104484,"n":"Tropicana Jus d'orange Avec Pulpe - 90cl","p":3.69,"u":"4,10 €/L","img":"https://fd15-photos.leclercdrive.fr/image.ashx?id=3011140&use=l&cat=p&typeid=i","cat":285435},{"id":104485,"n":"Tropicana Jus d'orange Sans pulpe - 90cl","p":3.69,"u":"4,10 €/L","img":"https://fd15-photos.leclercdrive.fr/image.ashx?id=2524266&use=l&cat=p&typeid=i","cat":285435},{"id":104487,"n":"Tropicana Jus de pomme 90cl","p":4.45,"u":"4,94 €/L","img":"https://fd15-photos.leclercdrive.fr/image.ashx?id=2533526&use=l&cat=p&typeid=i","cat":285435},{"id":104558,"n":"Feuilletés charcutiers 8x65g","p":6.55,"u":"12,60 €/KG","img":"https://fd15-photos.leclercdrive.fr/image.ashx?id=1677154&use=l&cat=p&typeid=i","cat":319776},{"id":104562,"n":"Fusées Yeti Maxijet  330g","p":4.95,"u":"15,00 €/KG","img":"https://fd15-photos.leclercdrive.fr/image.ashx?id=2681823&use=l&cat=p&typeid=i","cat":285250},{"id":104863,"n":"Céréales Bio Lion de Nestlé Caramel / Chocolat - 400g","p":5.39,"u":"13,48 €/KG","img":"https://fd15-photos.leclercdrive.fr/image.ashx?id=2792939&use=l&cat=p&typeid=i","cat":309513},{"id":104880,"n":"Barres Céréales Extra Kellogg's Chocolat au lait - 4x32g","p":5.76,"u":"45,00 €/KG","img":"https://fd15-photos.leclercdrive.fr/image.ashx?id=2736610&use=l&cat=p&typeid=i","cat":285869},{"id":104888,"n":"Miettes de Thon Eco + Huile - 104g","p":2.19,"u":"21,06 €/KG","img":"https://fd15-photos.leclercdrive.fr/image.ashx?id=2824241&use=l&cat=p&typeid=i","cat":303867},{"id":105016,"n":"Serviette hygiénique Always Platinum normal x24","p":5.48,"img":"https://fd15-photos.leclercdrive.fr/image.ashx?id=2884102&use=l&cat=p&typeid=i","cat":284624},{"id":105067,"n":"Savon liquide Bio N.A.E Apaisant - 300ml","p":6.77,"u":"22,57 €/L","img":"https://fd15-photos.leclercdrive.fr/image.ashx?id=1892972&use=l&cat=p&typeid=i","cat":284597},{"id":105068,"n":"Savon liquide Bio N.A.E Revitalisant - 300ml","p":6.77,"u":"22,57 €/L","img":"https://fd15-photos.leclercdrive.fr/image.ashx?id=1954460&use=l&cat=p&typeid=i","cat":284597},{"id":105086,"n":"AOC Rhum blanc agricole JM Martinique - 50%vol - 1L","p":20.5,"u":"20,50 €/L","img":"https://fd15-photos.leclercdrive.fr/image.ashx?id=1676411&use=l&cat=p&typeid=i","cat":284550},{"id":105117,"n":"Aguacana cachaça 37.5%vol - 70cl","p":16.95,"u":"24,21 €/L","img":"https://fd15-photos.leclercdrive.fr/image.ashx?id=2961801&use=l&cat=p&typeid=i","cat":284550},{"id":105119,"n":"AOP Champagne Brut Piper Heidsieck - 75cl","p":29.99,"u":"39,99 €/L","img":"https://fd15-photos.leclercdrive.fr/image.ashx?id=2431548&use=l&cat=p&typeid=i","cat":284542},{"id":105123,"n":"Vermouth Noilly Prat Original 18° - 70cl","p":11.55,"u":"15,40 €/L","img":"https://fd15-photos.leclercdrive.fr/image.ashx?id=2858174&use=l&cat=p&typeid=i","cat":284913},{"id":105178,"n":"Tortillas chorizo  Table du Monde - 500g","p":6.29,"u":"12,58 €/KG","img":"https://fd15-photos.leclercdrive.fr/image.ashx?id=1675409&use=l&cat=p&typeid=i","cat":333673},{"id":105181,"n":"Bière blonde bio Bio Village  5.5%vol -75cl","p":5.85,"u":"7,80 €/L","img":"https://fd15-photos.leclercdrive.fr/image.ashx?id=2579147&use=l&cat=p&typeid=i","cat":334873},{"id":105182,"n":"Crème desserts Délisse Saveur Praline - 4x100g","p":2.95,"u":"7,38 €/KG","img":"https://fd15-photos.leclercdrive.fr/image.ashx?id=2590925&use=l&cat=p&typeid=i","cat":285041},{"id":105197,"n":"Douceur satinée Délisse Citron - 4x125g","p":2.25,"u":"18,00 €/KG","img":"https://fd15-photos.leclercdrive.fr/image.ashx?id=2486467&use=l&cat=p&typeid=i","cat":314999},{"id":105218,"n":"Poêlée de pâtes Coté Table Poulet/Champignon - 900g","p":5.08,"u":"5,64 €/KG","img":"https://fd15-photos.leclercdrive.fr/image.ashx?id=2626979&use=l&cat=p&typeid=i","cat":284254},{"id":105222,"n":"Batonnets Smicy Citron - x10","p":3.15,"u":"0,32 €/P","img":"https://fd15-photos.leclercdrive.fr/image.ashx?id=2614515&use=l&cat=p&typeid=i","cat":285250},{"id":105223,"n":"Glaces cônes Eco+ Vanille - x8 - 556g","p":2.99,"u":"5,38 €/KG","img":"https://fd15-photos.leclercdrive.fr/image.ashx?id=2742682&use=l&cat=p&typeid=i","cat":284264},{"id":105286,"n":"Colin D'Alaska Parallèles - MSC Au naturel - 190g","p":4.49,"u":"23,63 €/KG","img":"https://fd15-photos.leclercdrive.fr/image.ashx?id=2022465&use=l&cat=p&typeid=i","cat":305147},{"id":105287,"n":"Foie de Morue Fumé Parallèles MSC - 121g","p":2.42,"u":"20,00 €/KG","img":"https://fd15-photos.leclercdrive.fr/image.ashx?id=2022474&use=l&cat=p&typeid=i","cat":305147},{"id":105288,"n":"Filets de Hareng Parallèles MSC - Fumés huile - 190g","p":2.94,"u":"15,47 €/KG","img":"https://fd15-photos.leclercdrive.fr/image.ashx?id=2022468&use=l&cat=p&typeid=i","cat":305147},{"id":105290,"n":"Petites Sardines Parallèles MSC - 190g","p":5.41,"u":"28,47 €/KG","img":"https://fd15-photos.leclercdrive.fr/image.ashx?id=2022462&use=l&cat=p&typeid=i","cat":305146},{"id":105427,"n":"Beurre gastronomique Président Demi-sel - 80% MG - 225g","p":3.87,"u":"17,20 €/KG","img":"https://fd15-photos.leclercdrive.fr/image.ashx?id=2740553&use=l&cat=p&typeid=i","cat":284379},{"id":105460,"n":"Madeleine longues Le Ster Raisins - x20 - 250g","p":3.05,"u":"12,20 €/KG","img":"https://fd15-photos.leclercdrive.fr/image.ashx?id=2962551&use=l&cat=p&typeid=i","cat":284492},{"id":105742,"n":"Poivre création moulin Ducros 34g","p":3.85,"u":"113,24 €/KG","img":"https://fd15-photos.leclercdrive.fr/image.ashx?id=2354407&use=l&cat=p&typeid=i","cat":284457},{"id":105778,"n":"Roquefort AOP Société Offre Gourmande - 200g","p":7.39,"u":"36,95 €/KG","img":"https://fd15-photos.leclercdrive.fr/image.ashx?id=2878768&use=l&cat=p&typeid=i","cat":314032},{"id":105782,"n":"Chaussée aux Moines 230g","p":4.07,"u":"17,70 €/KG","img":"https://fd15-photos.leclercdrive.fr/image.ashx?id=2771756&use=l&cat=p&typeid=i","cat":329184},{"id":106006,"n":"Pur jus de pomme Jafaden 2L","p":3.89,"u":"1,95 €/L","img":"https://fd15-photos.leclercdrive.fr/image.ashx?id=2956774&use=l&cat=p&typeid=i","cat":284522},{"id":106026,"n":"Matière grasse Rustica cuisson et patisserie -500G","p":3.6,"u":"7,20 €/KG","img":"https://fd15-photos.leclercdrive.fr/image.ashx?id=2904586&use=l&cat=p&typeid=i","cat":315229},{"id":106046,"n":"Graine de lin bio Happy Bio Brun - 250g","p":4.35,"u":"17,40 €/KG","img":"https://fd15-photos.leclercdrive.fr/image.ashx?id=2970996&use=l&cat=p&typeid=i","cat":284357},{"id":106099,"n":"Porte-mines rechargeable Bic Noir 2mm HB 1+6 mines offertes","p":8.1,"img":"https://fd15-photos.leclercdrive.fr/image.ashx?id=1938528&use=l&cat=p&typeid=i","cat":284696},{"id":106204,"n":"IGP Méditerranée Rosé Studio by Miraval - 75cl","p":17.9,"u":"23,87 €/L","img":"https://fd15-photos.leclercdrive.fr/image.ashx?id=1691895&use=l&cat=p&typeid=i","cat":289558},{"id":106265,"n":"Edulcorant Pure Via Stick x40 - 60g","p":6.19,"u":"103,17 €/KG","img":"https://fd15-photos.leclercdrive.fr/image.ashx?id=2590598&use=l&cat=p&typeid=i","cat":324846},{"id":106274,"n":"Croustilles Party Belin Emmental - 210g","p":3.85,"u":"18,33 €/KG","img":"https://fd15-photos.leclercdrive.fr/image.ashx?id=2961263&use=l&cat=p&typeid=i","cat":284449},{"id":106275,"n":"Croustilles Party Belin Cacahuète - 210g","p":3.0,"u":"14,29 €/KG","img":"https://fd15-photos.leclercdrive.fr/image.ashx?id=3000875&use=l&cat=p&typeid=i","cat":284449},{"id":106450,"n":"Slips coton stretch Dim Noir - Taille 5 - x3","p":23.9,"u":"7,97 €/P","img":"https://fd15-photos.leclercdrive.fr/image.ashx?id=2560669&use=l&cat=p&typeid=i","cat":291524},{"id":106473,"n":"Repas bébé Blédichef 15 mois Patate légumes poulet - 250g","p":3.15,"u":"12,60 €/KG","img":"https://fd15-photos.leclercdrive.fr/image.ashx?id=2877703&use=l&cat=p&typeid=i","cat":312238},{"id":106477,"n":"Repas bébé Blédichef 18 mois  Blanquette de volaille - 250g","p":3.15,"u":"12,60 €/KG","img":"https://fd15-photos.leclercdrive.fr/image.ashx?id=2558861&use=l&cat=p&typeid=i","cat":312238},{"id":106568,"n":"Tropicana Jus multifruits 90 cl","p":3.69,"u":"4,10 €/L","img":"https://fd15-photos.leclercdrive.fr/image.ashx?id=2529276&use=l&cat=p&typeid=i","cat":285435},{"id":106569,"n":"Tropicana banane mandarine 90cl","p":3.95,"u":"4,39 €/L","img":"https://fd15-photos.leclercdrive.fr/image.ashx?id=2533529&use=l&cat=p&typeid=i","cat":285435},{"id":106639,"n":"Culotte écologiq Mots d'Enfants T5 : 12/18kg - x20","p":9.13,"u":"0,46 €/P","img":"https://fd15-photos.leclercdrive.fr/image.ashx?id=2907243&use=l&cat=p&typeid=i","cat":290633},{"id":106640,"n":"Bac gourmand Eskiss Citron meringue - 500g","p":4.0,"u":"8,00 €/KG","img":"https://fd15-photos.leclercdrive.fr/image.ashx?id=2982646&use=l&cat=p&typeid=i","cat":284263},{"id":106641,"n":"Culotte écologiq Mots d'Enfants T6 : +16kg - x18","p":10.29,"u":"0,57 €/P","img":"https://fd15-photos.leclercdrive.fr/image.ashx?id=2430710&use=l&cat=p&typeid=i","cat":290633},{"id":106690,"n":"Gel douche Bionaïa Abricot bio - 250ml","p":2.0,"u":"8,00 €/L","img":"https://fd15-photos.leclercdrive.fr/image.ashx?id=2512478&use=l&cat=p&typeid=i","cat":284594},{"id":106705,"n":"Café Espresso Malongo Commerce équitable x16 -104g","p":7.88,"u":"75,77 €/KG","img":"https://fd15-photos.leclercdrive.fr/image.ashx?id=2971963&use=l&cat=p&typeid=i","cat":293241},{"id":106732,"n":"Sirop La Maison Guiot Citron jaune de Sicile - 70cl","p":5.29,"u":"7,56 €/L","img":"https://fd15-photos.leclercdrive.fr/image.ashx?id=2857138&use=l&cat=p&typeid=i","cat":295020},{"id":106750,"n":"Eau micellaire So Bio Etic Aloe purifiante bio - 500ml","p":8.35,"u":"16,70 €/L","img":"https://fd15-photos.leclercdrive.fr/image.ashx?id=2577009&use=l&cat=p&typeid=i","cat":284603},{"id":106751,"n":"Après-shampooing So Bio Etic Karité Argan bio - 200ml","p":8.35,"u":"41,75 €/L","img":"https://fd15-photos.leclercdrive.fr/image.ashx?id=2787059&use=l&cat=p&typeid=i","cat":284607},{"id":106768,"n":"Shampooing bio So Bio Etic Coco & Acide Hyaluronique-250ml","p":7.1,"u":"28,40 €/L","img":"https://fd15-photos.leclercdrive.fr/image.ashx?id=2788727&use=l&cat=p&typeid=i","cat":284606},{"id":106770,"n":"Dentifrice protection Dentavie Propolis/menthe bio - 75ml","p":5.33,"u":"71,07 €/L","img":"https://fd15-photos.leclercdrive.fr/image.ashx?id=2494779&use=l&cat=p&typeid=i","cat":284612},{"id":106979,"n":"Crème glacée Häagen-Dazs  Vanille cookie dough - 394g","p":7.2,"u":"18,27 €/KG","img":"https://fd15-photos.leclercdrive.fr/image.ashx?id=2893459&use=l&cat=p&typeid=i","cat":284725},{"id":106985,"n":"Mini pots Häagen-Dazs  Vanille Collection x4 - 321g","p":8.4,"u":"26,17 €/KG","img":"https://fd15-photos.leclercdrive.fr/image.ashx?id=2992858&use=l&cat=p&typeid=i","cat":284725},{"id":106986,"n":"Crème glacée Häagen-Dazs  Vanille pralines - 400g","p":7.2,"u":"18,00 €/KG","img":"https://fd15-photos.leclercdrive.fr/image.ashx?id=2893453&use=l&cat=p&typeid=i","cat":284725},{"id":106987,"n":"Mini pots Häagen-Dazs Caramel  Beurre salé x4 - 324g","p":9.29,"u":"28,67 €/KG","img":"https://fd15-photos.leclercdrive.fr/image.ashx?id=2992849&use=l&cat=p&typeid=i","cat":284725},{"id":107140,"n":"Sablés Michel et Augustin Beaufort poivre blanc - 100g","p":4.75,"u":"47,50 €/KG","img":"https://fd15-photos.leclercdrive.fr/image.ashx?id=2108981&use=l&cat=p&typeid=i","cat":297000},{"id":107198,"n":"Règle plate Maped Vert - flexible 30cm","p":2.67,"img":"https://fd15-photos.leclercdrive.fr/image.ashx?id=1690592&use=l&cat=p&typeid=i","cat":334133},{"id":107206,"n":"Paire de ciseaux Esquisse Bleu foncé - Bout rond 13cm x1","p":1.2,"img":"https://fd15-photos.leclercdrive.fr/image.ashx?id=1698511&use=l&cat=p&typeid=i","cat":334133},{"id":107211,"n":"Jus innocent myrtille cassis 900ml","p":3.98,"u":"4,42 €/L","img":"https://fd15-photos.leclercdrive.fr/image.ashx?id=2891235&use=l&cat=p&typeid=i","cat":285435},{"id":107212,"n":"Jus innocent pomme fruits rouges 900ml","p":4.45,"u":"4,94 €/L","img":"https://fd15-photos.leclercdrive.fr/image.ashx?id=2184735&use=l&cat=p&typeid=i","cat":285435},{"id":107246,"n":"Cahier Force 8 Clairefontaine Vert Anis - 96p - 21x29.7cm A4","p":2.59,"img":"https://fd15-photos.leclercdrive.fr/image.ashx?id=1687367&use=l&cat=p&typeid=i","cat":284697},{"id":107247,"n":"Cahier piqûre Force 8 Bleu Lagon - 96 pages - 24x32cm","p":3.25,"img":"https://fd15-photos.leclercdrive.fr/image.ashx?id=1687370&use=l&cat=p&typeid=i","cat":284697},{"id":107248,"n":"Cahier piqûre Force 8 Bleu Marine 96 pages - 24x32cm","p":3.25,"img":"https://fd15-photos.leclercdrive.fr/image.ashx?id=1687373&use=l&cat=p&typeid=i","cat":284697},{"id":107252,"n":"Cahier piqûre Force 8 Jaune - 96 pages - 24x32cm","p":3.25,"img":"https://fd15-photos.leclercdrive.fr/image.ashx?id=1687379&use=l&cat=p&typeid=i","cat":284697},{"id":107253,"n":"Cahier piqûre Force 8 Orange - 96 pages - 24x32cm","p":3.25,"img":"https://fd15-photos.leclercdrive.fr/image.ashx?id=1687382&use=l&cat=p&typeid=i","cat":284697},{"id":107255,"n":"Cahier piqûre Force 8 Rose - 96 pages - 24x32cm","p":3.25,"img":"https://fd15-photos.leclercdrive.fr/image.ashx?id=1687385&use=l&cat=p&typeid=i","cat":284697},{"id":107260,"n":"Cahier piqûre Force 8 Bleu Marine 96 pages - 24x32cm","p":4.89,"img":"https://fd15-photos.leclercdrive.fr/image.ashx?id=1687397&use=l&cat=p&typeid=i","cat":284697},{"id":107262,"n":"Cahier piqûre Force 8 Jaune - 96 pages - 24x32cm","p":4.89,"img":"https://fd15-photos.leclercdrive.fr/image.ashx?id=1687400&use=l&cat=p&typeid=i","cat":284697},{"id":107264,"n":"Cahier piqûre Force 8 Rose - 96 pages - 24x32cm","p":4.89,"img":"https://fd15-photos.leclercdrive.fr/image.ashx?id=1687406&use=l&cat=p&typeid=i","cat":284697},{"id":107265,"n":"Cahier piqûre Force 8 Orange - 96 pages - 24x32cm","p":4.89,"img":"https://fd15-photos.leclercdrive.fr/image.ashx?id=1687409&use=l&cat=p&typeid=i","cat":284697},{"id":107278,"n":"Cahier Force 8 Clairefontaine Bleu Marine 140 pages - 24x32cm","p":7.69,"img":"https://fd15-photos.leclercdrive.fr/image.ashx?id=1687433&use=l&cat=p&typeid=i","cat":284697},{"id":107279,"n":"Cahier Force 8 Clairefontaine Orange - 140 pages - 24x32cm","p":7.69,"img":"https://fd15-photos.leclercdrive.fr/image.ashx?id=1689951&use=l&cat=p&typeid=i","cat":284697},{"id":107281,"n":"Cahier Force 8 Clairefontaine Rouge - 140 pages - 24x32cm","p":7.69,"img":"https://fd15-photos.leclercdrive.fr/image.ashx?id=1687436&use=l&cat=p&typeid=i","cat":284697},{"id":107282,"n":"Cahier Force 8 Clairefontaine Vert Anis - 140 pages - 24x32cm","p":7.69,"img":"https://fd15-photos.leclercdrive.fr/image.ashx?id=1687439&use=l&cat=p&typeid=i","cat":284697},{"id":107283,"n":"Cahier Force 8 Clairefontaine Violet - 140 pages - 24x32cm","p":7.69,"img":"https://fd15-photos.leclercdrive.fr/image.ashx?id=1687442&use=l&cat=p&typeid=i","cat":284697},{"id":107384,"n":"Bacon Justin Bridou  16 Tranches - 160g","p":3.95,"u":"24,69 €/KG","img":"https://fd15-photos.leclercdrive.fr/image.ashx?id=2924110&use=l&cat=p&typeid=i","cat":316007},{"id":107506,"n":"Cahier Koverbook Clairefontaine Jaune - 48 pages - 17x22cm","p":2.49,"img":"https://fd15-photos.leclercdrive.fr/image.ashx?id=1687625&use=l&cat=p&typeid=i","cat":284697},{"id":107517,"n":"Cahier Koverbook Clairefontaine Violet - 48 pages - 17x22cm","p":2.49,"img":"https://fd15-photos.leclercdrive.fr/image.ashx?id=1687643&use=l&cat=p&typeid=i","cat":284697},{"id":107527,"n":"Protège-document Esquisse Noir - A4 - 60 vues","p":2.84,"img":"https://fd15-photos.leclercdrive.fr/image.ashx?id=1698724&use=l&cat=p&typeid=i","cat":284745},{"id":107529,"n":"Protège-document Esquisse Noir - A4 - 80 vues","p":3.15,"img":"https://fd15-photos.leclercdrive.fr/image.ashx?id=1698730&use=l&cat=p&typeid=i","cat":284745},{"id":107564,"n":"Chemise Kreacover Exacompta Violet - 24x32cm","p":5.45,"img":"https://fd15-photos.leclercdrive.fr/image.ashx?id=1687685&use=l&cat=p&typeid=i","cat":284745},{"id":107605,"n":"Cahier Clairefontaine Koverbook Jaune - 96 pages - 21x29.7cm","p":3.49,"img":"https://fd15-photos.leclercdrive.fr/image.ashx?id=1687799&use=l&cat=p&typeid=i","cat":284697},{"id":107610,"n":"Cahier Clairefontaine Koverbook Vert  - 96 pages - 21x29.7cm","p":3.49,"img":"https://fd15-photos.leclercdrive.fr/image.ashx?id=1687814&use=l&cat=p&typeid=i","cat":284697},{"id":107645,"n":"Aluminium Albal 20m","p":3.6,"img":"https://fd15-photos.leclercdrive.fr/image.ashx?id=2551444&use=l&cat=p&typeid=i","cat":334134},{"id":107646,"n":"Film 2 en 1 Albal  20m","p":5.25,"img":"https://fd15-photos.leclercdrive.fr/image.ashx?id=2551453&use=l&cat=p&typeid=i","cat":334134},{"id":107653,"n":"Lait de coco bio Jardin Bio Bio - 225ml","p":3.0,"u":"13,33 €/L","img":"https://fd15-photos.leclercdrive.fr/image.ashx?id=2875471&use=l&cat=p&typeid=i","cat":288992},{"id":107789,"n":"Vinaigre balsamique de modène  IGP Bio 50cl","p":10.85,"u":"21,70 €/L","img":"https://fd15-photos.leclercdrive.fr/image.ashx?id=2737468&use=l&cat=p&typeid=i","cat":298543},{"id":107825,"n":"Bac gourmand Eskiss Vanille pécan - 500g","p":4.29,"u":"8,58 €/KG","img":"https://fd15-photos.leclercdrive.fr/image.ashx?id=2982640&use=l&cat=p&typeid=i","cat":284263},{"id":107827,"n":"Bac gourmand Eskiss Vanille caramel - 500g","p":4.19,"u":"8,38 €/KG","img":"https://fd15-photos.leclercdrive.fr/image.ashx?id=2982649&use=l&cat=p&typeid=i","cat":284263},{"id":107841,"n":"Bac gourmand Eskiss Crème brulée - 500g","p":3.35,"u":"6,70 €/KG","img":"https://fd15-photos.leclercdrive.fr/image.ashx?id=2982643&use=l&cat=p&typeid=i","cat":284263},{"id":107847,"n":"Bac gourmand Eskiss Vanille speculoos - 500g","p":4.65,"u":"9,30 €/KG","img":"https://fd15-photos.leclercdrive.fr/image.ashx?id=2982652&use=l&cat=p&typeid=i","cat":284263},{"id":107864,"n":"Bac gourmand Eskiss Café - 500g","p":4.49,"u":"8,98 €/KG","img":"https://fd15-photos.leclercdrive.fr/image.ashx?id=2982655&use=l&cat=p&typeid=i","cat":284263},{"id":107868,"n":"Bac gourmand Eskiss Chocolat Liegeois - 500g","p":4.19,"u":"8,38 €/KG","img":"https://fd15-photos.leclercdrive.fr/image.ashx?id=2982658&use=l&cat=p&typeid=i","cat":284263},{"id":107870,"n":"Bac gourmand Eskiss Vanille fruits rouge - 500g","p":4.55,"u":"9,10 €/KG","img":"https://fd15-photos.leclercdrive.fr/image.ashx?id=2982661&use=l&cat=p&typeid=i","cat":284263},{"id":107910,"n":"Protège-documents Esquisse  Noir - A4 - 40 vues","p":2.42,"img":"https://fd15-photos.leclercdrive.fr/image.ashx?id=1690032&use=l&cat=p&typeid=i","cat":284745},{"id":108146,"n":"Boisson aux fruits Oasis Tropical - 2L","p":3.8,"u":"1,90 €/L","img":"https://fd15-photos.leclercdrive.fr/image.ashx?id=2996569&use=l&cat=p&typeid=i","cat":295018},{"id":108180,"n":"Compotes Pom'Potes Gourdes BIO  Multivariétés - 12x90g","p":9.99,"u":"9,25 €/KG","img":"https://fd15-photos.leclercdrive.fr/image.ashx?id=2926212&use=l&cat=p&typeid=i","cat":284508},{"id":108216,"n":"Coffret Compas grafic Maped Vert - 3p - Interchangeable","p":4.48,"img":"https://fd15-photos.leclercdrive.fr/image.ashx?id=1690724&use=l&cat=p&typeid=i","cat":334133},{"id":108217,"n":"Coffret Compas grafic Maped Violet - 3p - Interchangeable","p":4.48,"img":"https://fd15-photos.leclercdrive.fr/image.ashx?id=1690727&use=l&cat=p&typeid=i","cat":334133},{"id":108316,"n":"Lot de 2 spatules pour plancha Beaux Jours","p":10.61,"img":"https://fd15-photos.leclercdrive.fr/image.ashx?id=1685139&use=l&cat=p&typeid=i","cat":335920},{"id":108342,"n":"Cahier piqûre Force 8 96 pages Jaune - 17x22cm","p":1.69,"img":"https://fd15-photos.leclercdrive.fr/image.ashx?id=1688549&use=l&cat=p&typeid=i","cat":284697},{"id":108345,"n":"Cahier Force 8 Clairefontaine Orange - 17x22cm - 96 pages","p":1.69,"img":"https://fd15-photos.leclercdrive.fr/image.ashx?id=1688558&use=l&cat=p&typeid=i","cat":284697},{"id":108349,"n":"Cahier Force 8 Clairefontaine Rose - 17x22cm - 96 pages","p":1.69,"img":"https://fd15-photos.leclercdrive.fr/image.ashx?id=1688567&use=l&cat=p&typeid=i","cat":284697},{"id":108351,"n":"Cahier Force 8 Clairefontaine Rouge  - 17x22cm - 96 pages","p":1.69,"img":"https://fd15-photos.leclercdrive.fr/image.ashx?id=1688573&use=l&cat=p&typeid=i","cat":284697},{"id":108354,"n":"Cahier Force 8 Clairefontaine Vert Anis - 17x22cm - 96 pages","p":1.69,"img":"https://fd15-photos.leclercdrive.fr/image.ashx?id=1690152&use=l&cat=p&typeid=i","cat":284697},{"id":108356,"n":"Cahier Force 8 Clairefontaine Violet  - 17x22cm - 96 pages","p":1.69,"img":"https://fd15-photos.leclercdrive.fr/image.ashx?id=1688585&use=l&cat=p&typeid=i","cat":284697},{"id":108422,"n":"Matière grasse Primevere 63%MG - oméga 3 - 240g","p":2.78,"u":"11,58 €/KG","img":"https://fd15-photos.leclercdrive.fr/image.ashx?id=2979060&use=l&cat=p&typeid=i","cat":315229},{"id":108443,"n":"Dentifrice Sanogyl Soin essentiel blancheur - 75ml","p":2.71,"u":"36,13 €/L","img":"https://fd15-photos.leclercdrive.fr/image.ashx?id=2453484&use=l&cat=p&typeid=i","cat":284612},{"id":108449,"n":"Déodorant spray Monsavon Fleur Lotus-200ml","p":2.59,"u":"12,95 €/L","img":"https://fd15-photos.leclercdrive.fr/image.ashx?id=2643914&use=l&cat=p&typeid=i","cat":284595},{"id":108469,"n":"Savon Cigale Bio Hypoallergénique -100g","p":1.99,"u":"19,90 €/KG","img":"https://fd15-photos.leclercdrive.fr/image.ashx?id=2360398&use=l&cat=p&typeid=i","cat":284597},{"id":108685,"n":"Grille ronde double barbecue  Diamètre 37cm - Beaux Jours","p":18.11,"img":"https://fd15-photos.leclercdrive.fr/image.ashx?id=1685145&use=l&cat=p&typeid=i","cat":335920},{"id":108686,"n":"Pince barbecue Beaux jours En inox","p":9.54,"img":"https://fd15-photos.leclercdrive.fr/image.ashx?id=1685136&use=l&cat=p&typeid=i","cat":335920},{"id":108707,"n":"Filtres à café Uni vert Bruns n°4 - x80","p":1.9,"u":"0,02 €/P","img":"https://fd15-photos.leclercdrive.fr/image.ashx?id=2634878&use=l&cat=p&typeid=i","cat":284751},{"id":108711,"n":"Gel Douche Fa Crème Cacao coco flacon - 250ml","p":2.74,"u":"10,96 €/L","img":"https://fd15-photos.leclercdrive.fr/image.ashx?id=2995097&use=l&cat=p&typeid=i","cat":284594},{"id":108712,"n":"Gel douche Fa Caribbean Wave flacon - 250ml","p":2.54,"u":"10,16 €/L","img":"https://fd15-photos.leclercdrive.fr/image.ashx?id=2110236&use=l&cat=p&typeid=i","cat":284594},{"id":108717,"n":"Vinaigrette légère Amora Moutarde - 380ml","p":2.95,"u":"7,76 €/L","img":"https://fd15-photos.leclercdrive.fr/image.ashx?id=2654170&use=l&cat=p&typeid=i","cat":284456},{"id":108724,"n":"Thé glacé Bio Village Bio Pêche - 1L","p":2.49,"u":"2,49 €/L","img":"https://fd15-photos.leclercdrive.fr/image.ashx?id=2670392&use=l&cat=p&typeid=i","cat":295019},{"id":108725,"n":"Thé glacé Bio Village Bio Menthe - 1L","p":2.45,"u":"2,45 €/L","img":"https://fd15-photos.leclercdrive.fr/image.ashx?id=2664362&use=l&cat=p&typeid=i","cat":295019},{"id":108799,"n":"Pain Burger Harrys Nature - 300g","p":2.5,"u":"8,33 €/KG","img":"https://fd15-photos.leclercdrive.fr/image.ashx?id=2569476&use=l&cat=p&typeid=i","cat":325067},{"id":108804,"n":"Compotes Pom'Potes Gourdes  Pomme Nature - 4x90g","p":3.45,"u":"9,58 €/KG","img":"https://fd15-photos.leclercdrive.fr/image.ashx?id=2968079&use=l&cat=p&typeid=i","cat":284508},{"id":108843,"n":"Capsules Nescafé Dolce Gusto  Espresso Intenso - x30","p":12.25,"u":"58,33 €/KG","img":"https://fd15-photos.leclercdrive.fr/image.ashx?id=2859869&use=l&cat=p&typeid=i","cat":293239},{"id":108844,"n":"Plat bébé soir Blédichef 12mois Spaghetti crème légumes -2x230g","p":5.09,"u":"11,07 €/KG","img":"https://fd15-photos.leclercdrive.fr/image.ashx?id=2643494&use=l&cat=p&typeid=i","cat":312239},{"id":108874,"n":"Recharge désodorisant Febreze 0% - Orchidée - 300ml","p":5.8,"u":"19,33 €/L","img":"https://fd15-photos.leclercdrive.fr/image.ashx?id=2206727&use=l&cat=p&typeid=i","cat":311626},{"id":108885,"n":"Comté Le Montarlier Président 340g","p":9.49,"u":"27,91 €/KG","img":"https://fd15-photos.leclercdrive.fr/image.ashx?id=2364006&use=l&cat=p&typeid=i","cat":314034},{"id":108891,"n":"Croccante alla Mozzarella  Galbani - 150g","p":3.99,"u":"26,60 €/KG","img":"https://fd15-photos.leclercdrive.fr/image.ashx?id=2786000&use=l&cat=p&typeid=i","cat":314027},{"id":108936,"n":"AOP Comté Entremont Rapé - 130g","p":5.29,"u":"40,69 €/KG","img":"https://fd15-photos.leclercdrive.fr/image.ashx?id=2983165&use=l&cat=p&typeid=i","cat":314035},{"id":109002,"n":"Purée fruit bébé Blédina 4 mois Pomme mirabelle - 4x100g","p":2.95,"u":"7,38 €/KG","img":"https://fd15-photos.leclercdrive.fr/image.ashx?id=2309264&use=l&cat=p&typeid=i","cat":312387},{"id":109111,"n":"Calculette Texas Instrument TI-83 premium - Noir/Blanc","p":120.0,"img":"https://fd15-photos.leclercdrive.fr/image.ashx?id=2593974&use=l&cat=p&typeid=i","cat":334133},{"id":109112,"n":"Nectar Bio Village Bio Mangue - 1L","p":3.39,"u":"3,39 €/L","img":"https://fd15-photos.leclercdrive.fr/image.ashx?id=2954121&use=l&cat=p&typeid=i","cat":284916},{"id":109115,"n":"Nectar Bio Village Bio Abricot - 1L","p":3.09,"u":"3,09 €/L","img":"https://fd15-photos.leclercdrive.fr/image.ashx?id=2954124&use=l&cat=p&typeid=i","cat":284915},{"id":109116,"n":"Nectar de goyave Bio Village Bio - 1L","p":3.29,"u":"3,29 €/L","img":"https://fd15-photos.leclercdrive.fr/image.ashx?id=2954127&use=l&cat=p&typeid=i","cat":284916},{"id":109118,"n":"Pur jus de fruits Bio Village Bio - 1L","p":4.65,"u":"4,65 €/L","img":"https://fd15-photos.leclercdrive.fr/image.ashx?id=2901563&use=l&cat=p&typeid=i","cat":284917},{"id":109136,"n":"Bol carotte riz bio Bio Village Potimarron Dès 6 mois - 2x200g","p":4.05,"u":"10,13 €/KG","img":"https://fd15-photos.leclercdrive.fr/image.ashx?id=2704762&use=l&cat=p&typeid=i","cat":312239},{"id":109138,"n":"Smoothie innocent  énergie zeste 750ml","p":5.2,"u":"6,93 €/L","img":"https://fd15-photos.leclercdrive.fr/image.ashx?id=2892223&use=l&cat=p&typeid=i","cat":285435},{"id":109267,"n":"Panaché Force 4 0,4° - 10x25cl","p":7.15,"u":"2,86 €/L","img":"https://fd15-photos.leclercdrive.fr/image.ashx?id=2473321&use=l&cat=p&typeid=i","cat":334877},{"id":109274,"n":"Yaourt Enfant Petits Filous Aromatisé à la Fraise - 6x100g","p":3.99,"u":"6,65 €/KG","img":"https://fd15-photos.leclercdrive.fr/image.ashx?id=2748434&use=l&cat=p&typeid=i","cat":284415},{"id":109309,"n":"Bol semoule 8 mois Bio Village Bio Patate douce lait - 2x200g","p":3.45,"u":"8,63 €/KG","img":"https://fd15-photos.leclercdrive.fr/image.ashx?id=2704807&use=l&cat=p&typeid=i","cat":312239},{"id":109310,"n":"Bol Bio Village 6 mois bio Petits pois Riz Maïs - 2x200g","p":3.49,"u":"8,73 €/KG","img":"https://fd15-photos.leclercdrive.fr/image.ashx?id=2704819&use=l&cat=p&typeid=i","cat":312239},{"id":109317,"n":"Bol Bio village 6 mois Bio Ratatouille Quinoa - 2x200g","p":3.45,"u":"8,63 €/KG","img":"https://fd15-photos.leclercdrive.fr/image.ashx?id=2704822&use=l&cat=p&typeid=i","cat":312239},{"id":109321,"n":"Bol carotte tomates Bio Village Riz poulet bio 6 mois - 2x200g","p":3.79,"u":"9,48 €/KG","img":"https://fd15-photos.leclercdrive.fr/image.ashx?id=2704834&use=l&cat=p&typeid=i","cat":312235},{"id":109322,"n":"Bol legume vert riz Bio Village Saumon bio - 6 mois - 2x200g","p":3.35,"u":"8,38 €/KG","img":"https://fd15-photos.leclercdrive.fr/image.ashx?id=2704792&use=l&cat=p&typeid=i","cat":312235},{"id":109348,"n":"Panaché Falsbourg <0.5% vol. Canettes - 6x33cl","p":3.59,"u":"1,81 €/L","img":"https://fd15-photos.leclercdrive.fr/image.ashx?id=2637958&use=l&cat=p&typeid=i","cat":334853},{"id":109369,"n":"Panaché Falsbourg  <0.5% vol. - 10X25cl","p":4.99,"u":"2,00 €/L","img":"https://fd15-photos.leclercdrive.fr/image.ashx?id=2637967&use=l&cat=p&typeid=i","cat":334877},{"id":109384,"n":"Pur Jus de fruits Tropicana Sanguinello - 90cl","p":4.59,"u":"5,10 €/L","img":"https://fd15-photos.leclercdrive.fr/image.ashx?id=2533535&use=l&cat=p&typeid=i","cat":285435},{"id":109418,"n":"Rillettes de Thon MSC Ronde des Mers - 125g","p":2.25,"u":"18,00 €/KG","img":"https://fd15-photos.leclercdrive.fr/image.ashx?id=2436696&use=l&cat=p&typeid=i","cat":303867},{"id":109437,"n":"Repas bébé Blédichef 12 mois  Couscous - 2x230g","p":5.35,"u":"11,63 €/KG","img":"https://fd15-photos.leclercdrive.fr/image.ashx?id=2479706&use=l&cat=p&typeid=i","cat":312237},{"id":109441,"n":"Thon entier MSC Pêche Océan Naturel - 140g","p":3.54,"u":"25,29 €/KG","img":"https://fd15-photos.leclercdrive.fr/image.ashx?id=2942211&use=l&cat=p&typeid=i","cat":303867},{"id":109447,"n":"Bol carottes Bio Village Bio - 4 mois - 2x120g","p":1.59,"u":"6,63 €/KG","img":"https://fd15-photos.leclercdrive.fr/image.ashx?id=2704768&use=l&cat=p&typeid=i","cat":312239},{"id":109450,"n":"Bol haricots verts bio Bio Village - 4 mois - 2x120g","p":1.65,"u":"6,88 €/KG","img":"https://fd15-photos.leclercdrive.fr/image.ashx?id=2704777&use=l&cat=p&typeid=i","cat":312239},{"id":109452,"n":"Bol potiron courge bio Bio Village - 4 mois - 2x120g","p":1.65,"u":"6,88 €/KG","img":"https://fd15-photos.leclercdrive.fr/image.ashx?id=2704816&use=l&cat=p&typeid=i","cat":312234},{"id":109453,"n":"Bol petit pois bio Bio Village - 4 mois - 2x120g","p":1.85,"u":"7,71 €/KG","img":"https://fd15-photos.leclercdrive.fr/image.ashx?id=2704810&use=l&cat=p&typeid=i","cat":312234},{"id":109455,"n":"Boisson lactée Danao Orange Banane Fraise - 900ml","p":3.99,"u":"4,43 €/L","img":"https://fd15-photos.leclercdrive.fr/image.ashx?id=2609908&use=l&cat=p&typeid=i","cat":285435},{"id":109457,"n":"Boisson lactée Danao Pêche Abricot - 900ml","p":4.69,"u":"5,21 €/L","img":"https://fd15-photos.leclercdrive.fr/image.ashx?id=2606367&use=l&cat=p&typeid=i","cat":285435},{"id":109462,"n":"Crème fraiche de brebis Délisse 30%MG - 200ml","p":3.64,"u":"18,20 €/L","img":"https://fd15-photos.leclercdrive.fr/image.ashx?id=1694701&use=l&cat=p&typeid=i","cat":284381},{"id":109548,"n":"Olives vertes bio Bio Village - 160g","p":3.85,"u":"24,06 €/KG","img":"https://fd15-photos.leclercdrive.fr/image.ashx?id=2552448&use=l&cat=p&typeid=i","cat":284450},{"id":109555,"n":"Poudre à lever Bio Village Bio - 5x35g","p":1.29,"u":"36,86 €/KG","img":"https://fd15-photos.leclercdrive.fr/image.ashx?id=1694832&use=l&cat=p&typeid=i","cat":284504},{"id":109565,"n":"Thon entier MSC Pêche Océan Naturel - 93g","p":2.06,"u":"22,15 €/KG","img":"https://fd15-photos.leclercdrive.fr/image.ashx?id=2942217&use=l&cat=p&typeid=i","cat":303867},{"id":109580,"n":"Terrine de campagne Bio Village Bio - 180g","p":4.48,"u":"24,89 €/KG","img":"https://fd15-photos.leclercdrive.fr/image.ashx?id=1710227&use=l&cat=p&typeid=i","cat":305149},{"id":109607,"n":"Skyr Danone nature 0%mg - 480g","p":4.99,"u":"10,40 €/KG","img":"https://fd15-photos.leclercdrive.fr/image.ashx?id=2810615&use=l&cat=p&typeid=i","cat":284409},{"id":109643,"n":"Pois chiches Notre Jardin Bocal 570g","p":1.59,"u":"2,79 €/KG","img":"https://fd15-photos.leclercdrive.fr/image.ashx?id=2578499&use=l&cat=p&typeid=i","cat":312609},{"id":109646,"n":"Olives noires Rustica 360g","p":2.69,"u":"7,47 €/KG","img":"https://fd15-photos.leclercdrive.fr/image.ashx?id=1962885&use=l&cat=p&typeid=i","cat":284450},{"id":109648,"n":"Haricots rouge Bocal 570g","p":1.44,"u":"2,53 €/KG","img":"https://fd15-photos.leclercdrive.fr/image.ashx?id=2578496&use=l&cat=p&typeid=i","cat":312606},{"id":109656,"n":"Olives vertes entières Rustica  360g","p":2.69,"u":"7,47 €/KG","img":"https://fd15-photos.leclercdrive.fr/image.ashx?id=1962882&use=l&cat=p&typeid=i","cat":284458},{"id":109661,"n":"Boisson gazeuse Sprink's Orange - 1.5L","p":2.25,"u":"1,50 €/L","img":"https://fd15-photos.leclercdrive.fr/image.ashx?id=2304920&use=l&cat=p&typeid=i","cat":284532},{"id":109662,"n":"Chocolats Schoko-bons Kinder 125g","p":4.2,"u":"33,60 €/KG","img":"https://fd15-photos.leclercdrive.fr/image.ashx?id=2498461&use=l&cat=p&typeid=i","cat":304238},{"id":109663,"n":"Lait concentré sucré Nestlé Ecrémé sans lactose - 387g","p":2.8,"u":"7,24 €/KG","img":"https://fd15-photos.leclercdrive.fr/image.ashx?id=2301349&use=l&cat=p&typeid=i","cat":299162},{"id":109664,"n":"Tomato Ketchup Allégé Heinz 50% sucre/sel en moins - 625g","p":4.16,"u":"6,66 €/KG","img":"https://fd15-photos.leclercdrive.fr/image.ashx?id=2927717&use=l&cat=p&typeid=i","cat":284455},{"id":109749,"n":"Liquide de rinçage Uni Vert Lave-vaisselle Ecologique-750ml","p":2.55,"u":"3,40 €/L","img":"https://fd15-photos.leclercdrive.fr/image.ashx?id=2184134&use=l&cat=p&typeid=i","cat":284657},{"id":109753,"n":"Sauce crudité Amora Nature - 380ml","p":2.8,"u":"7,37 €/KG","img":"https://fd15-photos.leclercdrive.fr/image.ashx?id=2644995&use=l&cat=p&typeid=i","cat":284456},{"id":109756,"n":"Sauce gourmet Amora Poivre - 188g","p":3.15,"u":"16,76 €/KG","img":"https://fd15-photos.leclercdrive.fr/image.ashx?id=2181056&use=l&cat=p&typeid=i","cat":318430},{"id":109857,"n":"AOC Luberon Rouge Rives & Terrasses - 75cl","p":5.55,"u":"7,40 €/L","img":"https://fd15-photos.leclercdrive.fr/image.ashx?id=2756888&use=l&cat=p&typeid=i","cat":289556},{"id":109873,"n":"Pur jus de pomme Jafaden Douceur - 1L","p":2.39,"u":"2,39 €/L","img":"https://fd15-photos.leclercdrive.fr/image.ashx?id=2863178&use=l&cat=p&typeid=i","cat":284522},{"id":109915,"n":"IGP Aude Vin rouge Bio Indomptable de Cigalus - 75cl","p":23.32,"u":"31,09 €/L","img":"https://fd15-photos.leclercdrive.fr/image.ashx?id=2406127&use=l&cat=p&typeid=i","cat":289556},{"id":109970,"n":"Huile Spéciale Pizza Soléou 25cl","p":1.99,"u":"7,96 €/L","img":"https://fd15-photos.leclercdrive.fr/image.ashx?id=2549651&use=l&cat=p&typeid=i","cat":284453},{"id":110000,"n":"Cornichons fins AMORA Bocal - 540g","p":4.99,"u":"9,24 €/KG","img":"https://fd15-photos.leclercdrive.fr/image.ashx?id=2672710&use=l&cat=p&typeid=i","cat":284458},{"id":110005,"n":"Repas bébé Blédichef 12 mois  Riz légumes poulet - 2x230g","p":5.35,"u":"11,63 €/KG","img":"https://fd15-photos.leclercdrive.fr/image.ashx?id=2361843&use=l&cat=p&typeid=i","cat":312237},{"id":110009,"n":"Boisson végétale Bio Village Epeautre bio - 1l","p":2.82,"u":"2,82 €/L","img":"https://fd15-photos.leclercdrive.fr/image.ashx?id=2384935&use=l&cat=p&typeid=i","cat":316067},{"id":110020,"n":"Ravioli Bolognaise Zapetti Boeuf - 800g","p":6.85,"u":"8,56 €/KG","img":"https://fd15-photos.leclercdrive.fr/image.ashx?id=2547029&use=l&cat=p&typeid=i","cat":284442},{"id":110027,"n":"Croquettes Chat bifensis One Stérilisé Contrôle poids 1.5kg","p":12.05,"u":"8,03 €/KG","img":"https://fd15-photos.leclercdrive.fr/image.ashx?id=2871142&use=l&cat=p&typeid=i","cat":284680},{"id":110034,"n":"Caresse Antillaise Prune - 1L","p":2.65,"u":"2,65 €/L","img":"https://fd15-photos.leclercdrive.fr/image.ashx?id=1704079&use=l&cat=p&typeid=i","cat":284916},{"id":110039,"n":"Boisson amande Nat & Vie Sans sucre - 1L","p":2.89,"u":"2,89 €/L","img":"https://fd15-photos.leclercdrive.fr/image.ashx?id=2882340&use=l&cat=p&typeid=i","cat":316067},{"id":110071,"n":"Mini Pizzas Fromage Turini  x9 - 270g","p":3.39,"u":"12,56 €/KG","img":"https://fd15-photos.leclercdrive.fr/image.ashx?id=1702062&use=l&cat=p&typeid=i","cat":319822},{"id":110095,"n":"Sauce chinoise 290g","p":2.69,"u":"9,28 €/KG","img":"https://fd15-photos.leclercdrive.fr/image.ashx?id=2458145&use=l&cat=p&typeid=i","cat":318431},{"id":110097,"n":"Café en grains Plantation  Noir - 500g","p":10.99,"u":"21,98 €/KG","img":"https://fd15-photos.leclercdrive.fr/image.ashx?id=1702158&use=l&cat=p&typeid=i","cat":293237},{"id":110098,"n":"Sirop la maison Guiot Framboise - 70cl","p":4.79,"u":"6,84 €/L","img":"https://fd15-photos.leclercdrive.fr/image.ashx?id=2857141&use=l&cat=p&typeid=i","cat":295020},{"id":110101,"n":"Huile d'olive vierge extra 1.5L","p":13.59,"u":"9,06 €/L","img":"https://fd15-photos.leclercdrive.fr/image.ashx?id=2898035&use=l&cat=p&typeid=i","cat":284453},{"id":110103,"n":"Huile d'olive vierge extra 25cl","p":3.09,"u":"12,36 €/L","img":"https://fd15-photos.leclercdrive.fr/image.ashx?id=2892349&use=l&cat=p&typeid=i","cat":284453},{"id":110115,"n":"Cahier Esquisse - 96 p Vert - 21x29.7cm","p":1.25,"img":"https://fd15-photos.leclercdrive.fr/image.ashx?id=981962&use=l&cat=p&typeid=i","cat":284697},{"id":110121,"n":"Whisky Aberlour 10 ans Forest Single Malt Scotch 40% vol 70cl","p":39.7,"u":"56,71 €/L","img":"https://fd15-photos.leclercdrive.fr/image.ashx?id=3014871&use=l&cat=p&typeid=i","cat":284547},{"id":110130,"n":"Dessert lacté Bio Village Bio - Abricot 6-9 mois 4x100g","p":3.15,"u":"7,88 €/KG","img":"https://fd15-photos.leclercdrive.fr/image.ashx?id=2709752&use=l&cat=p&typeid=i","cat":312392},{"id":110131,"n":"Sandwich polaire Coté Snack Jambon chèvre - 135g","p":4.35,"u":"32,22 €/KG","img":"https://fd15-photos.leclercdrive.fr/image.ashx?id=2619731&use=l&cat=p&typeid=i","cat":333658},{"id":110134,"n":"Dessert lacté Bio Village Bio  6-9 mois 4x100g","p":2.98,"u":"7,45 €/KG","img":"https://fd15-photos.leclercdrive.fr/image.ashx?id=2709758&use=l&cat=p&typeid=i","cat":312392},{"id":110139,"n":"Dessert lacté bio Bio Village Brassé nature sucré - 4x100g","p":3.07,"u":"7,68 €/KG","img":"https://fd15-photos.leclercdrive.fr/image.ashx?id=2709761&use=l&cat=p&typeid=i","cat":312392},{"id":110143,"n":"Bol carotte bio Bio Village Pomme de terre saumon 2x200g","p":2.89,"u":"7,23 €/KG","img":"https://fd15-photos.leclercdrive.fr/image.ashx?id=2704765&use=l&cat=p&typeid=i","cat":312236},{"id":110145,"n":"Bol courgette Bio Village Riz veau bio - 12 mois - 200g","p":4.39,"u":"10,98 €/KG","img":"https://fd15-photos.leclercdrive.fr/image.ashx?id=2704774&use=l&cat=p&typeid=i","cat":312237},{"id":110146,"n":"Matière grasse Rustica Tournesol -60%MG -1/2 sel -500G","p":2.5,"u":"5,00 €/KG","img":"https://fd15-photos.leclercdrive.fr/image.ashx?id=2949421&use=l&cat=p&typeid=i","cat":315229},{"id":110147,"n":"Bol boulghour bio Bio Village Carotte Boeuf 12 mois 2x200g","p":3.6,"u":"9,00 €/KG","img":"https://fd15-photos.leclercdrive.fr/image.ashx?id=2704759&use=l&cat=p&typeid=i","cat":312237},{"id":110150,"n":"Bol légumes  Bio Village Bio Poulet - 8mois - 2x200g","p":3.6,"u":"9,00 €/KG","img":"https://fd15-photos.leclercdrive.fr/image.ashx?id=2704780&use=l&cat=p&typeid=i","cat":312236},{"id":110154,"n":"Hachis parmentier Marie 300g","p":5.59,"u":"18,63 €/KG","img":"https://fd15-photos.leclercdrive.fr/image.ashx?id=2833315&use=l&cat=p&typeid=i","cat":333665},{"id":110159,"n":"Bol légumes saumon Bio Village Bio - 12 mois - 2x200g","p":3.75,"u":"9,38 €/KG","img":"https://fd15-photos.leclercdrive.fr/image.ashx?id=2704783&use=l&cat=p&typeid=i","cat":312237},{"id":110164,"n":"Bol légumes vert Bio Village Pâtes dinde bio 8 mois - 2x200g","p":3.49,"u":"8,73 €/KG","img":"https://fd15-photos.leclercdrive.fr/image.ashx?id=2704789&use=l&cat=p&typeid=i","cat":312236},{"id":110165,"n":"Repas bébé bio Bio Village Légumes à la provençale 2x120g","p":2.05,"u":"8,54 €/KG","img":"https://fd15-photos.leclercdrive.fr/image.ashx?id=2704786&use=l&cat=p&typeid=i","cat":312239},{"id":110170,"n":"Bol panais carotte Bio Village Poulet bio - 12 mois - 2x200g","p":4.05,"u":"10,13 €/KG","img":"https://fd15-photos.leclercdrive.fr/image.ashx?id=2704801&use=l&cat=p&typeid=i","cat":312237},{"id":110171,"n":"Bol Bio Village Patate douce bio 4 mois 2x120g","p":1.8,"u":"7,50 €/KG","img":"https://fd15-photos.leclercdrive.fr/image.ashx?id=2704804&use=l&cat=p&typeid=i","cat":312239},{"id":110173,"n":"Tomates Les Originales Panier du Primeur - 750g","p":6.65,"u":"8,87 €/KG","img":"https://fd15-photos.leclercdrive.fr/image.ashx?id=2408531&use=l&cat=p&typeid=i","cat":284352},{"id":110177,"n":"Bol Bio Village Pot au feu bio 8 mois - 2x200g","p":4.29,"u":"10,73 €/KG","img":"https://fd15-photos.leclercdrive.fr/image.ashx?id=2704813&use=l&cat=p&typeid=i","cat":312236},{"id":110179,"n":"Bol risotto Tomate Bio Village Aubergine bio - 2x200g","p":3.6,"u":"9,00 €/KG","img":"https://fd15-photos.leclercdrive.fr/image.ashx?id=2704825&use=l&cat=p&typeid=i","cat":312237},{"id":110182,"n":"Bol Spaghetti Bio Village 8mois Bio Bolognaise - 2x200g","p":3.99,"u":"9,98 €/KG","img":"https://fd15-photos.leclercdrive.fr/image.ashx?id=2704828&use=l&cat=p&typeid=i","cat":312236},{"id":110309,"n":"AOC Châteauneuf du Pape rouge Domaine Vieux Chemin - 75cl","p":37.05,"u":"49,40 €/L","img":"https://fd15-photos.leclercdrive.fr/image.ashx?id=1893031&use=l&cat=p&typeid=i","cat":289556},{"id":110464,"n":"Batons glacés Disco'fruit Yeti 8x40g","p":4.95,"u":"15,47 €/KG","img":"https://fd15-photos.leclercdrive.fr/image.ashx?id=2733805&use=l&cat=p&typeid=i","cat":285250},{"id":110509,"n":"boisson végétale lait d'amande non grillée sans sucre alpro-1l","p":3.38,"u":"3,38 €/L","img":"https://fd15-photos.leclercdrive.fr/image.ashx?id=2980085&use=l&cat=p&typeid=i","cat":316067},{"id":110556,"n":"Jus innocent plus  infatigableu 750ml","p":4.05,"u":"5,40 €/L","img":"https://fd15-photos.leclercdrive.fr/image.ashx?id=2862874&use=l&cat=p&typeid=i","cat":285435},{"id":110568,"n":"Gel Lubrifiant Intime Durex Naturel Confort Base Eau 100ml","p":10.6,"u":"106,00 €/L","img":"https://fd15-photos.leclercdrive.fr/image.ashx?id=2960687&use=l&cat=p&typeid=i","cat":285160},{"id":110573,"n":"Culotte absorbante Chorys Plus médium - x14","p":11.25,"u":"0,80 €/P","img":"https://fd15-photos.leclercdrive.fr/image.ashx?id=2458109&use=l&cat=p&typeid=i","cat":284628},{"id":110574,"n":"Culotte absorbante Chorys Plus large - x14","p":13.21,"u":"0,94 €/P","img":"https://fd15-photos.leclercdrive.fr/image.ashx?id=2458112&use=l&cat=p&typeid=i","cat":284628},{"id":110575,"n":"Dentifrice Bionaïa Coco Aloe Vera bio - 75ml","p":2.62,"u":"34,93 €/L","img":"https://fd15-photos.leclercdrive.fr/image.ashx?id=2529549&use=l&cat=p&typeid=i","cat":284612},{"id":110577,"n":"Serviette incontinence Chorys Normal - x16","p":2.79,"u":"0,17 €/P","img":"https://fd15-photos.leclercdrive.fr/image.ashx?id=2393899&use=l&cat=p&typeid=i","cat":284628},{"id":110589,"n":"Serviette incontinence Chorys Super+ - x14","p":2.92,"u":"0,21 €/P","img":"https://fd15-photos.leclercdrive.fr/image.ashx?id=2162003&use=l&cat=p&typeid=i","cat":284628},{"id":110599,"n":"Spray multiusages You  500ml","p":6.15,"u":"12,30 €/L","img":"https://fd15-photos.leclercdrive.fr/image.ashx?id=2311606&use=l&cat=p&typeid=i","cat":325357},{"id":110620,"n":"AOP Bordeaux Vin rouge Dourthe La grande cuvée - 75 cl","p":14.63,"u":"19,51 €/L","img":"https://fd15-photos.leclercdrive.fr/image.ashx?id=2846415&use=l&cat=p&typeid=i","cat":289556},{"id":110676,"n":"Riz cuisine Bio Village Fluide bio - 3x20cl","p":4.15,"u":"6,92 €/KG","img":"https://fd15-photos.leclercdrive.fr/image.ashx?id=2717260&use=l&cat=p&typeid=i","cat":288381},{"id":110678,"n":"Bouillon cube Bio Village Volaille Bio - x8 - 80g","p":2.49,"u":"31,13 €/KG","img":"https://fd15-photos.leclercdrive.fr/image.ashx?id=2140950&use=l&cat=p&typeid=i","cat":288379},{"id":110681,"n":"Mayonaise Bio Bio Village Dijon - 238g","p":2.65,"u":"11,13 €/KG","img":"https://fd15-photos.leclercdrive.fr/image.ashx?id=2664869&use=l&cat=p&typeid=i","cat":298295},{"id":110707,"n":"Beurre gastronomique Les Croisé Doux - 82% MG - 250g","p":3.37,"u":"13,48 €/KG","img":"https://fd15-photos.leclercdrive.fr/image.ashx?id=2833005&use=l&cat=p&typeid=i","cat":284379},{"id":110708,"n":"Beurre Les Croisés Demi-sel - 80% MG - 250g","p":3.35,"u":"13,40 €/KG","img":"https://fd15-photos.leclercdrive.fr/image.ashx?id=2778084&use=l&cat=p&typeid=i","cat":284379},{"id":110712,"n":"Boisson lacté Délisse Vanille - 6x20cl","p":2.95,"u":"2,46 €/L","img":"https://fd15-photos.leclercdrive.fr/image.ashx?id=2171916&use=l&cat=p&typeid=i","cat":295246},{"id":110764,"n":"Roller Gelocity Bic Bleu   6 recharges - 1 pièce","p":7.34,"img":"https://fd15-photos.leclercdrive.fr/image.ashx?id=2239435&use=l&cat=p&typeid=i","cat":284696},{"id":110849,"n":"Dentifrice Bionaïa Charbon bio - 75ml","p":2.64,"u":"35,20 €/L","img":"https://fd15-photos.leclercdrive.fr/image.ashx?id=2529546&use=l&cat=p&typeid=i","cat":284612},{"id":110854,"n":"Fido Purina Bacon twist - 120g","p":3.3,"u":"27,50 €/KG","img":"https://fd15-photos.leclercdrive.fr/image.ashx?id=2447163&use=l&cat=p&typeid=i","cat":294527},{"id":110857,"n":"Boisson effervescente base vin Désalcoolisé Diane D’Arria 75cl","p":4.89,"u":"6,52 €/L","img":"https://fd15-photos.leclercdrive.fr/image.ashx?id=2149728&use=l&cat=p&typeid=i","cat":289460},{"id":110858,"n":"Jus pour bébé Naturnes 6 mois Poire Banane Bio - 200ml","p":1.8,"u":"9,00 €/L","img":"https://fd15-photos.leclercdrive.fr/image.ashx?id=2406238&use=l&cat=p&typeid=i","cat":312388},{"id":110865,"n":"Le kebab lamelles France Kebab Sans conservateurs 400g","p":7.39,"u":"18,48 €/KG","img":"https://fd15-photos.leclercdrive.fr/image.ashx?id=2288422&use=l&cat=p&typeid=i","cat":319784},{"id":110884,"n":"Viande hachée Bio Yooji Dinde - 6 mois et   - 120g","p":6.86,"u":"57,17 €/KG","img":"https://fd15-photos.leclercdrive.fr/image.ashx?id=2575738&use=l&cat=p&typeid=i","cat":290631},{"id":110913,"n":"Sirop sport Grenadine - 60cl","p":5.69,"u":"9,48 €/L","img":"https://fd15-photos.leclercdrive.fr/image.ashx?id=1892348&use=l&cat=p&typeid=i","cat":295020},{"id":110914,"n":"Sirop de menthe Sport 60cl","p":4.32,"u":"7,20 €/L","img":"https://fd15-photos.leclercdrive.fr/image.ashx?id=1892345&use=l&cat=p&typeid=i","cat":295020},{"id":110941,"n":"AOC Champagne Laurent Perrier Demi-sec Harmony - 75cl","p":50.45,"u":"67,27 €/L","img":"https://fd15-photos.leclercdrive.fr/image.ashx?id=2443985&use=l&cat=p&typeid=i","cat":284542},{"id":111359,"n":"Rôti porc supérieur Bio Village 4 Tranches bio - 120g","p":5.69,"u":"47,42 €/KG","img":"https://fd15-photos.leclercdrive.fr/image.ashx?id=2837102&use=l&cat=p&typeid=i","cat":316009},{"id":111362,"n":"Poitrine Fumée Eco+ 4 tranches","p":3.77,"u":"0,94 €/TRC","img":"https://fd15-photos.leclercdrive.fr/image.ashx?id=2709559&use=l&cat=p&typeid=i","cat":316011},{"id":111363,"n":"Allumettes Eco+ Nature - 2x100g","p":2.07,"u":"10,35 €/KG","img":"https://fd15-photos.leclercdrive.fr/image.ashx?id=2688255&use=l&cat=p&typeid=i","cat":316011},{"id":111365,"n":"Lardons Eco+ Fumés - 180g","p":1.91,"u":"10,61 €/KG","img":"https://fd15-photos.leclercdrive.fr/image.ashx?id=2805066&use=l&cat=p&typeid=i","cat":316011},{"id":111368,"n":"Lardons nature Eco+ 180g","p":1.91,"u":"10,61 €/KG","img":"https://fd15-photos.leclercdrive.fr/image.ashx?id=2809888&use=l&cat=p&typeid=i","cat":316011},{"id":111369,"n":"Allumettes Eco+ Fumées - 2x100g","p":2.08,"u":"10,40 €/KG","img":"https://fd15-photos.leclercdrive.fr/image.ashx?id=2688258&use=l&cat=p&typeid=i","cat":316011},{"id":111385,"n":"Croquette chat stérilisé Ultima Boeuf - 1.5kg","p":9.5,"u":"6,33 €/KG","img":"https://fd15-photos.leclercdrive.fr/image.ashx?id=2921903&use=l&cat=p&typeid=i","cat":284680},{"id":111414,"n":"Repas bébé Blédichef 12 mois  Spaghetti bolognaise - 230g","p":2.99,"u":"13,00 €/KG","img":"https://fd15-photos.leclercdrive.fr/image.ashx?id=2643491&use=l&cat=p&typeid=i","cat":312237},{"id":111418,"n":"Repas bébé Blédichef 15 mois Risotto courgette saumon - 250g","p":3.1,"u":"12,40 €/KG","img":"https://fd15-photos.leclercdrive.fr/image.ashx?id=2643488&use=l&cat=p&typeid=i","cat":312238},{"id":111420,"n":"Compotes Materne Coupelles  Pomme Nature - 12x100g","p":6.19,"u":"5,16 €/KG","img":"https://fd15-photos.leclercdrive.fr/image.ashx?id=3010867&use=l&cat=p&typeid=i","cat":284508},{"id":111422,"n":"Compotes Pom'Potes Gourdes  Pomm P. Frais P. Framb - 32x90g","p":21.19,"u":"7,36 €/KG","img":"https://fd15-photos.leclercdrive.fr/image.ashx?id=2870182&use=l&cat=p&typeid=i","cat":284508},{"id":111423,"n":"Compotes Materne Coupelles  Multivariétés Jaunes - 12x100g","p":7.72,"u":"6,43 €/KG","img":"https://fd15-photos.leclercdrive.fr/image.ashx?id=3012191&use=l&cat=p&typeid=i","cat":284508},{"id":111424,"n":"Repas bébé Blédichef 12 mois  Hachis parmentier - 230g","p":2.9,"u":"12,61 €/KG","img":"https://fd15-photos.leclercdrive.fr/image.ashx?id=2478571&use=l&cat=p&typeid=i","cat":312237},{"id":111425,"n":"Chips lentilles Vico Fines herbes - 85g","p":3.67,"u":"43,18 €/KG","img":"https://fd15-photos.leclercdrive.fr/image.ashx?id=3000096&use=l&cat=p&typeid=i","cat":284447},{"id":111426,"n":"Chips lentille Vico Tomate mozzarella - 85g","p":3.86,"u":"45,41 €/KG","img":"https://fd15-photos.leclercdrive.fr/image.ashx?id=2989255&use=l&cat=p&typeid=i","cat":284447},{"id":111428,"n":"Thé vert citron vert Twinings Gingembre - 20 sachets - 32g","p":4.4,"u":"137,50 €/KG","img":"https://fd15-photos.leclercdrive.fr/image.ashx?id=2893042&use=l&cat=p&typeid=i","cat":293233},{"id":111430,"n":"Compotes Materne Coupelles  Multivariétés Rouges - 12x100g","p":7.3,"u":"6,08 €/KG","img":"https://fd15-photos.leclercdrive.fr/image.ashx?id=3010870&use=l&cat=p&typeid=i","cat":284508},{"id":111433,"n":"Repas bébé Blédichef 18 mois  Paëlla - 250g","p":3.15,"u":"12,60 €/KG","img":"https://fd15-photos.leclercdrive.fr/image.ashx?id=2951587&use=l&cat=p&typeid=i","cat":312238},{"id":111435,"n":"Repas bébé Blédichef 18 mois  Ratatouille poulet - 250g","p":3.15,"u":"12,60 €/KG","img":"https://fd15-photos.leclercdrive.fr/image.ashx?id=2951596&use=l&cat=p&typeid=i","cat":312238},{"id":111437,"n":"Sauce Pesto Rustico Barilla Basilic et Courgette - 200g","p":3.59,"u":"17,95 €/KG","img":"https://fd15-photos.leclercdrive.fr/image.ashx?id=2368402&use=l&cat=p&typeid=i","cat":287599},{"id":111439,"n":"Pesto rustico Barilla Pomodori secchi - 200g","p":3.25,"u":"16,25 €/KG","img":"https://fd15-photos.leclercdrive.fr/image.ashx?id=2368396&use=l&cat=p&typeid=i","cat":287599},{"id":111448,"n":"Snack Bio Village Lentilles bio - 60g","p":2.89,"u":"48,17 €/KG","img":"https://fd15-photos.leclercdrive.fr/image.ashx?id=1709361&use=l&cat=p&typeid=i","cat":284449},{"id":111455,"n":"Pot bébé truite 6-9mois Babybio Carotte potimarron bio - 2x200g","p":4.2,"u":"10,50 €/KG","img":"https://fd15-photos.leclercdrive.fr/image.ashx?id=2857344&use=l&cat=p&typeid=i","cat":312236},{"id":111587,"n":"Café dosettes Tassimo L'Or XL Classique x16","p":7.59,"u":"55,81 €/KG","img":"https://fd15-photos.leclercdrive.fr/image.ashx?id=2100308&use=l&cat=p&typeid=i","cat":293240},{"id":111588,"n":"Café moulu Lobodis Caraïbes Bio - 250g","p":9.61,"u":"38,44 €/KG","img":"https://fd15-photos.leclercdrive.fr/image.ashx?id=2492698&use=l&cat=p&typeid=i","cat":284750},{"id":111589,"n":"Capsules café L'Or Espresso Sontuoso N°8 x10","p":5.69,"u":"109,42 €/KG","img":"https://fd15-photos.leclercdrive.fr/image.ashx?id=2393750&use=l&cat=p&typeid=i","cat":284749},{"id":111590,"n":"Capsules café L'Or Espresso Lungo Mattinata N°5 x10","p":5.69,"u":"109,42 €/KG","img":"https://fd15-photos.leclercdrive.fr/image.ashx?id=3002309&use=l&cat=p&typeid=i","cat":284749},{"id":111607,"n":"Café capsules Illy Espresso Intense - x10 - 57g","p":8.71,"u":"152,81 €/KG","img":"https://fd15-photos.leclercdrive.fr/image.ashx?id=1754920&use=l&cat=p&typeid=i","cat":284749},{"id":111644,"n":"Nectar multifruits Bio Village Bio - 1.5L","p":2.95,"u":"1,97 €/L","img":"https://fd15-photos.leclercdrive.fr/image.ashx?id=2954130&use=l&cat=p&typeid=i","cat":284917},{"id":111645,"n":"Nectar de pomme Bio Village Bio - 1.5L","p":2.99,"u":"1,99 €/L","img":"https://fd15-photos.leclercdrive.fr/image.ashx?id=2954133&use=l&cat=p&typeid=i","cat":284522},{"id":111695,"n":"Boisson lactée  Bio Candy'UP Chocolat - 4x20cl","p":3.49,"u":"4,36 €/L","img":"https://fd15-photos.leclercdrive.fr/image.ashx?id=1984945&use=l&cat=p&typeid=i","cat":295246},{"id":111700,"n":"Citronnade Bio Village Bio - 1L","p":1.79,"u":"1,79 €/L","img":"https://fd15-photos.leclercdrive.fr/image.ashx?id=2655719&use=l&cat=p&typeid=i","cat":295018},{"id":111746,"n":"Dés de fromage au basilic Petit Marché - 120g","p":3.99,"u":"33,25 €/KG","img":"https://fd15-photos.leclercdrive.fr/image.ashx?id=2511561&use=l&cat=p&typeid=i","cat":314027},{"id":111749,"n":"Dés de fromage aux noix Petit Marché - 120g","p":3.99,"u":"33,25 €/KG","img":"https://fd15-photos.leclercdrive.fr/image.ashx?id=2511558&use=l&cat=p&typeid=i","cat":314027},{"id":111785,"n":"Soda Pepsi Cola cerise sans sucres - 1.5L","p":4.15,"u":"2,77 €/L","img":"https://fd15-photos.leclercdrive.fr/image.ashx?id=2734924&use=l&cat=p&typeid=i","cat":284530},{"id":111829,"n":"Compote Charles & Alice Pommes Fraises - 4x100g","p":2.95,"u":"7,38 €/KG","img":"https://fd15-photos.leclercdrive.fr/image.ashx?id=2757338&use=l&cat=p&typeid=i","cat":284416},{"id":111863,"n":"Vinaigrette Clovis Tomate séchée - 55cl","p":7.45,"u":"13,55 €/L","img":"https://fd15-photos.leclercdrive.fr/image.ashx?id=2748251&use=l&cat=p&typeid=i","cat":284456},{"id":111864,"n":"Vinaigrette Xérès Clovis Basilic - 35cl","p":5.3,"u":"15,14 €/L","img":"https://fd15-photos.leclercdrive.fr/image.ashx?id=1721902&use=l&cat=p&typeid=i","cat":284456},{"id":111866,"n":"Vinaigrette de Reims Clovis  Moutarde à l'ancienne - 35cl","p":5.51,"u":"15,74 €/L","img":"https://fd15-photos.leclercdrive.fr/image.ashx?id=1721899&use=l&cat=p&typeid=i","cat":284456},{"id":111893,"n":"Crème anti-crevasses Primoplast Talons - 60ml","p":1.92,"u":"32,00 €/L","img":"https://fd15-photos.leclercdrive.fr/image.ashx?id=2856567&use=l&cat=p&typeid=i","cat":325354},{"id":111894,"n":"Coloration Perfect Mousse  Schwarzkopf - 668 noisette","p":14.3,"img":"https://fd15-photos.leclercdrive.fr/image.ashx?id=2856709&use=l&cat=p&typeid=i","cat":288899},{"id":111895,"n":"Coloration Perfect Mousse Schwarzkopf - 500 châtain","p":14.3,"img":"https://fd15-photos.leclercdrive.fr/image.ashx?id=2970882&use=l&cat=p&typeid=i","cat":288899},{"id":111897,"n":"Coloration Casting crème gloss Prune exquise N°316","p":18.55,"img":"https://fd15-photos.leclercdrive.fr/image.ashx?id=2869074&use=l&cat=p&typeid=i","cat":288899},{"id":111898,"n":"Coloration permanente Garnier Châtain foncé pur 3.0 Olia","p":17.1,"u":"142,50 €/L","img":"https://fd15-photos.leclercdrive.fr/image.ashx?id=2323619&use=l&cat=p&typeid=i","cat":288899},{"id":111899,"n":"Coloration Perfect Mousse Schwarzkopf - 465 châtain choco","p":13.45,"img":"https://fd15-photos.leclercdrive.fr/image.ashx?id=2921555&use=l&cat=p&typeid=i","cat":288899},{"id":111900,"n":"Coloration Permanente Olia 4.0 Chatain Pur sans ammoniaque","p":17.1,"img":"https://fd15-photos.leclercdrive.fr/image.ashx?id=2471319&use=l&cat=p&typeid=i","cat":288899},{"id":111901,"n":"Coloration Permanente Olia 4.15 Marron Glacé","p":17.1,"img":"https://fd15-photos.leclercdrive.fr/image.ashx?id=2471322&use=l&cat=p&typeid=i","cat":288899},{"id":111902,"n":"Coloration Permanente Olia 5.0 Chatain Clair","p":17.1,"img":"https://fd15-photos.leclercdrive.fr/image.ashx?id=2471325&use=l&cat=p&typeid=i","cat":288899},{"id":111903,"n":"Coloration Permanente Olia 5.3 Chatain Clair Doré","p":17.1,"img":"https://fd15-photos.leclercdrive.fr/image.ashx?id=2520494&use=l&cat=p&typeid=i","cat":288899},{"id":111906,"n":"Déodorant compressé Ushuaïa Grenade - 100ml","p":5.0,"u":"50,00 €/L","img":"https://fd15-photos.leclercdrive.fr/image.ashx?id=2474608&use=l&cat=p&typeid=i","cat":284595},{"id":111907,"n":"Déodorant compressé Ushuaïa Fleur d'Oranger - 100ml","p":5.15,"u":"51,50 €/L","img":"https://fd15-photos.leclercdrive.fr/image.ashx?id=2474614&use=l&cat=p&typeid=i","cat":284595},{"id":111908,"n":"Huile d'amande douce Primoplast 100ml","p":4.69,"u":"46,90 €/L","img":"https://fd15-photos.leclercdrive.fr/image.ashx?id=2856576&use=l&cat=p&typeid=i","cat":284630},{"id":111910,"n":"Gommage tube Manava 150ml","p":2.92,"u":"19,47 €/L","img":"https://fd15-photos.leclercdrive.fr/image.ashx?id=2515691&use=l&cat=p&typeid=i","cat":284594},{"id":111911,"n":"Crème anti-rides Bionaïa Bio - 50ml","p":10.19,"u":"203,80 €/L","img":"https://fd15-photos.leclercdrive.fr/image.ashx?id=2946463&use=l&cat=p&typeid=i","cat":325345},{"id":111921,"n":"Dessert végétal soja Alpro Mangue sans sucres - 400g","p":3.63,"u":"9,08 €/KG","img":"https://fd15-photos.leclercdrive.fr/image.ashx?id=2976086&use=l&cat=p&typeid=i","cat":316071},{"id":111938,"n":"Bière blonde Affligem  Sans alcool - 6x25cl","p":8.99,"u":"5,99 €/L","img":"https://fd15-photos.leclercdrive.fr/image.ashx?id=2979695&use=l&cat=p&typeid=i","cat":334877},{"id":111939,"n":"Crémant de Loire Lacheteau Rosé - 75cl","p":13.39,"u":"17,85 €/L","img":"https://fd15-photos.leclercdrive.fr/image.ashx?id=2431920&use=l&cat=p&typeid=i","cat":284544},{"id":111986,"n":"Repas bébé Blédichef 12 mois  Ratatouille duo poissons - 230g","p":2.84,"u":"12,35 €/KG","img":"https://fd15-photos.leclercdrive.fr/image.ashx?id=2852366&use=l&cat=p&typeid=i","cat":312237},{"id":111990,"n":"Plat bébé soir Blédichef 18mois Pâtes épinards carotte - 250g","p":3.05,"u":"12,20 €/KG","img":"https://fd15-photos.leclercdrive.fr/image.ashx?id=2479027&use=l&cat=p&typeid=i","cat":312239},{"id":111991,"n":"Repas bébé Blédichef 18 mois  Légumes volaille basquaise-250g","p":3.15,"u":"12,60 €/KG","img":"https://fd15-photos.leclercdrive.fr/image.ashx?id=2852369&use=l&cat=p&typeid=i","cat":312238},{"id":112025,"n":"Fromage St Marcellin IGP 25%mg NRT - 80g","p":1.99,"u":"24,88 €/KG","img":"https://fd15-photos.leclercdrive.fr/image.ashx?id=2174738&use=l&cat=p&typeid=i","cat":329558},{"id":112026,"n":"Fromage Saint Félicien Dauphine NRT - 180g","p":2.5,"u":"13,89 €/KG","img":"https://fd15-photos.leclercdrive.fr/image.ashx?id=2600617&use=l&cat=p&typeid=i","cat":329558},{"id":112038,"n":"Piles Duracell 2016 - x2","p":2.99,"u":"1,50 €/P","img":"https://fd15-photos.leclercdrive.fr/image.ashx?id=2831396&use=l&cat=p&typeid=i","cat":300572},{"id":112055,"n":"Camembert Bons Mayennais Le Bio au lait entier - 250g","p":4.79,"u":"19,16 €/KG","img":"https://fd15-photos.leclercdrive.fr/image.ashx?id=2883495&use=l&cat=p&typeid=i","cat":314033},{"id":112143,"n":"Oignon rouge Panier du Primeur x4","p":2.29,"u":"0,57 €/P","img":"https://fd15-photos.leclercdrive.fr/image.ashx?id=2966490&use=l&cat=p&typeid=i","cat":284352},{"id":112150,"n":"Graisse à Frire Vegétaline 100% végétale - 1kg","p":9.8,"u":"9,80 €/KG","img":"https://fd15-photos.leclercdrive.fr/image.ashx?id=1928297&use=l&cat=p&typeid=i","cat":315229},{"id":112153,"n":"Planta Fin Cuisson 79%MG - 500ml","p":3.29,"u":"6,58 €/L","img":"https://fd15-photos.leclercdrive.fr/image.ashx?id=2793083&use=l&cat=p&typeid=i","cat":315229},{"id":112177,"n":"Prunes jaunes Bio Village Barquette 500g","p":10.75,"u":"21,50 €/KG","img":"https://fd15-photos.leclercdrive.fr/image.ashx?id=2878642&use=l&cat=p&typeid=i","cat":284356},{"id":112210,"n":"Bière blonde Affligem 6x25cl","p":7.85,"u":"5,23 €/L","img":"https://fd15-photos.leclercdrive.fr/image.ashx?id=2530323&use=l&cat=p&typeid=i","cat":334852},{"id":112326,"n":"Riz basmati Vivien Paille Eco - 2kg","p":9.26,"u":"4,63 €/KG","img":"https://fd15-photos.leclercdrive.fr/image.ashx?id=2421730&use=l&cat=p&typeid=i","cat":284428},{"id":112334,"n":"Lamelles de kebab France Kebab Sans conservateurs 650g","p":11.6,"u":"17,85 €/KG","img":"https://fd15-photos.leclercdrive.fr/image.ashx?id=2231879&use=l&cat=p&typeid=i","cat":319784},{"id":112335,"n":"Sauce soja carafe Kikkoman 150ml","p":7.02,"u":"46,80 €/L","img":"https://fd15-photos.leclercdrive.fr/image.ashx?id=2536290&use=l&cat=p&typeid=i","cat":288992},{"id":112336,"n":"Sauce soja Kikkoman Bouteille - 15cl","p":3.6,"u":"24,00 €/L","img":"https://fd15-photos.leclercdrive.fr/image.ashx?id=2879847&use=l&cat=p&typeid=i","cat":288383},{"id":112367,"n":"Protège matelas Tissaia Imperméable 90x190cm coton","p":23.9,"img":"https://fd15-photos.leclercdrive.fr/image.ashx?id=2380244&use=l&cat=p&typeid=i","cat":288835},{"id":112374,"n":"Matière grasse Saint Hubert Sans sel - 50mg omega 3 - 250g","p":2.34,"u":"9,36 €/KG","img":"https://fd15-photos.leclercdrive.fr/image.ashx?id=3000120&use=l&cat=p&typeid=i","cat":315229},{"id":112522,"n":"Calvados Père Magloire Fine 40%vol - 70cl","p":36.74,"u":"52,49 €/L","img":"https://fd15-photos.leclercdrive.fr/image.ashx?id=1973195&use=l&cat=p&typeid=i","cat":286032},{"id":112550,"n":"Feuille de chêne 125g","p":2.79,"u":"22,32 €/KG","img":"https://fd15-photos.leclercdrive.fr/image.ashx?id=2693315&use=l&cat=p&typeid=i","cat":284353},{"id":112556,"n":"Oignon rouge Bio  Bio Village - 500g","p":3.42,"u":"6,84 €/KG","img":"https://fd15-photos.leclercdrive.fr/image.ashx?id=3015147&use=l&cat=p&typeid=i","cat":284352},{"id":112583,"n":"Biscuits Milka Chocolat au lait - 150g","p":2.75,"u":"18,33 €/KG","img":"https://fd15-photos.leclercdrive.fr/image.ashx?id=2347326&use=l&cat=p&typeid=i","cat":284488},{"id":112588,"n":"Raclette 8 Coupelles Elsay Ovale GTH-004T","p":42.9,"img":"https://fd15-photos.leclercdrive.fr/image.ashx?id=1760098&use=l&cat=p&typeid=i","cat":334140},{"id":112609,"n":"Dosettes café Lavazza Intenso - x36 - 250g","p":9.57,"u":"38,28 €/KG","img":"https://fd15-photos.leclercdrive.fr/image.ashx?id=2323853&use=l&cat=p&typeid=i","cat":293238},{"id":112621,"n":"Riz au lait La Laitière Vanille - 4x115g","p":3.96,"u":"8,61 €/KG","img":"https://fd15-photos.leclercdrive.fr/image.ashx?id=2661151&use=l&cat=p&typeid=i","cat":284418},{"id":112624,"n":"Semoule au lait La Laitière Vanille - 4x115g","p":3.17,"u":"6,89 €/KG","img":"https://fd15-photos.leclercdrive.fr/image.ashx?id=2654578&use=l&cat=p&typeid=i","cat":284418},{"id":112625,"n":"Crème Héritier Guyot  Mûre Sauvage - 15%vol - 70cl","p":12.28,"u":"17,54 €/L","img":"https://fd15-photos.leclercdrive.fr/image.ashx?id=1726421&use=l&cat=p&typeid=i","cat":286032},{"id":112662,"n":"Vin mousseux Charles Volner Soirée blanche - 75cl","p":10.31,"u":"13,75 €/L","img":"https://fd15-photos.leclercdrive.fr/image.ashx?id=1727814&use=l&cat=p&typeid=i","cat":284544},{"id":112666,"n":"Meringues Valdelice Fantaisie P'tit bout - 250g","p":2.35,"u":"9,40 €/KG","img":"https://fd15-photos.leclercdrive.fr/image.ashx?id=2865854&use=l&cat=p&typeid=i","cat":327605},{"id":112694,"n":"Foie gras canard IGP Sud-Ouest Label Rouge Lobe NRT - 200g","p":24.95,"u":"124,75 €/KG","img":"https://fd15-photos.leclercdrive.fr/image.ashx?id=2743906&use=l&cat=p&typeid=i","cat":316008},{"id":112695,"n":"Gianduiotti chocolat Novi 160g","p":6.6,"u":"41,25 €/KG","img":"https://fd15-photos.leclercdrive.fr/image.ashx?id=2615155&use=l&cat=p&typeid=i","cat":327595},{"id":112761,"n":"Kid Smile McCain 850g","p":2.8,"u":"3,29 €/KG","img":"https://fd15-photos.leclercdrive.fr/image.ashx?id=2745802&use=l&cat=p&typeid=i","cat":319792},{"id":112764,"n":"Potatoes aux herbes McCain Country Potatoes - 780g","p":3.19,"u":"4,09 €/KG","img":"https://fd15-photos.leclercdrive.fr/image.ashx?id=2973342&use=l&cat=p&typeid=i","cat":319791},{"id":112792,"n":"Cassoulet William Saurin  2x840g","p":9.61,"u":"5,72 €/KG","img":"https://fd15-photos.leclercdrive.fr/image.ashx?id=2298514&use=l&cat=p&typeid=i","cat":284440},{"id":112905,"n":"Soupe liquide bouteille Liebig  Velouté Potiron Chataîgne -75cl","p":4.79,"u":"6,39 €/L","img":"https://fd15-photos.leclercdrive.fr/image.ashx?id=2842564&use=l&cat=p&typeid=i","cat":284462},{"id":112947,"n":"Tablette de Chocolat Côte d'Or Praliné lait cajou amande 200g","p":4.89,"u":"24,45 €/KG","img":"https://fd15-photos.leclercdrive.fr/image.ashx?id=2957773&use=l&cat=p&typeid=i","cat":284497},{"id":113052,"n":"Confiture Bonne Maman Cerise intense - 335g","p":3.65,"u":"10,90 €/KG","img":"https://fd15-photos.leclercdrive.fr/image.ashx?id=2341023&use=l&cat=p&typeid=i","cat":284480},{"id":113058,"n":"AOC Côtes du Rhône ss sulfites rouge Rives & Terrasses - 75cl","p":7.78,"u":"10,37 €/L","img":"https://fd15-photos.leclercdrive.fr/image.ashx?id=2846189&use=l&cat=p&typeid=i","cat":289556},{"id":113108,"n":"Tartine Grilletine de Pasquier Froment - x18 - 242g","p":2.59,"u":"10,70 €/KG","img":"https://fd15-photos.leclercdrive.fr/image.ashx?id=2333060&use=l&cat=p&typeid=i","cat":284479},{"id":113118,"n":"Dès de meule Les Croisés Fruitée - 150g","p":2.35,"u":"15,67 €/KG","img":"https://fd15-photos.leclercdrive.fr/image.ashx?id=1864494&use=l&cat=p&typeid=i","cat":314027},{"id":113120,"n":"Dès de chèvre Les Croisés 150g","p":3.03,"u":"20,20 €/KG","img":"https://fd15-photos.leclercdrive.fr/image.ashx?id=1728732&use=l&cat=p&typeid=i","cat":314027},{"id":113127,"n":"Groseilles Panier du Primeur 125g","p":5.49,"u":"43,92 €/KG","img":"https://fd15-photos.leclercdrive.fr/image.ashx?id=2414573&use=l&cat=p&typeid=i","cat":284356},{"id":113128,"n":"Mûre Panier du Primeur 125g","p":7.85,"u":"62,80 €/KG","img":"https://fd15-photos.leclercdrive.fr/image.ashx?id=2414576&use=l&cat=p&typeid=i","cat":284356},{"id":113163,"n":"Framboises Panier du Primeur 125g","p":6.5,"u":"52,00 €/KG","img":"https://fd15-photos.leclercdrive.fr/image.ashx?id=2843800&use=l&cat=p&typeid=i","cat":284356},{"id":113292,"n":"Boisson énergisante Monster Energy Punch Pipeline - 50CL","p":2.65,"u":"5,30 €/L","img":"https://fd15-photos.leclercdrive.fr/image.ashx?id=2207436&use=l&cat=p&typeid=i","cat":284533},{"id":113558,"n":"Compotes Pom'Potes Gourdes  5 Fruits Exotiques - 4x90g","p":2.95,"u":"8,19 €/KG","img":"https://fd15-photos.leclercdrive.fr/image.ashx?id=2990424&use=l&cat=p&typeid=i","cat":284508},{"id":113580,"n":"Filtre à café Melita 1x6 Original brun - x40","p":2.9,"u":"24,17 €/KG","img":"https://fd15-photos.leclercdrive.fr/image.ashx?id=2882047&use=l&cat=p&typeid=i","cat":284751},{"id":113628,"n":"Cabillaud à l'oseille Marie 400g","p":6.9,"u":"17,25 €/KG","img":"https://fd15-photos.leclercdrive.fr/image.ashx?id=2996743&use=l&cat=p&typeid=i","cat":319786},{"id":113680,"n":"Brioche tressée Nature Harrys Sucre perlé sans additif - 500g","p":5.85,"u":"11,70 €/KG","img":"https://fd15-photos.leclercdrive.fr/image.ashx?id=2503013&use=l&cat=p&typeid=i","cat":284478},{"id":113701,"n":"Ovale Président L'Extra Fondant - 200g","p":3.95,"u":"19,75 €/KG","img":"https://fd15-photos.leclercdrive.fr/image.ashx?id=3008248&use=l&cat=p&typeid=i","cat":314033},{"id":113703,"n":"Bûche de chèvre Président 380g","p":6.42,"u":"16,89 €/KG","img":"https://fd15-photos.leclercdrive.fr/image.ashx?id=2516167&use=l&cat=p&typeid=i","cat":314031},{"id":113709,"n":"Crème dessert La Laitière Pot de crème caramel - 4x100g","p":3.61,"u":"9,03 €/KG","img":"https://fd15-photos.leclercdrive.fr/image.ashx?id=2849683&use=l&cat=p&typeid=i","cat":285041},{"id":113760,"n":"Sirop la maison Guiot Pastèque - 70cl","p":6.14,"u":"8,77 €/L","img":"https://fd15-photos.leclercdrive.fr/image.ashx?id=2857144&use=l&cat=p&typeid=i","cat":295020},{"id":113771,"n":"Shirataki Gayelord Hauser Konjac avoine - 150g","p":3.77,"u":"25,13 €/KG","img":"https://fd15-photos.leclercdrive.fr/image.ashx?id=2156809&use=l&cat=p&typeid=i","cat":318652},{"id":113773,"n":"Tagliatelle Gayelord Hauser Sans rinçage, Konjac - 160g","p":2.57,"u":"16,06 €/KG","img":"https://fd15-photos.leclercdrive.fr/image.ashx?id=2827086&use=l&cat=p&typeid=i","cat":318652},{"id":113774,"n":"Assiette riz Bio Village Bio Légumes vert  12 mois 230g","p":2.51,"u":"10,91 €/KG","img":"https://fd15-photos.leclercdrive.fr/image.ashx?id=2900205&use=l&cat=p&typeid=i","cat":312237},{"id":113776,"n":"Assiette pâtes bio Bio Village Epinard carotte 15 mois - 250g","p":2.19,"u":"8,76 €/KG","img":"https://fd15-photos.leclercdrive.fr/image.ashx?id=2900211&use=l&cat=p&typeid=i","cat":312238},{"id":113777,"n":"Assiette Bio Village Carotte pâtes 18 mois bio 260g","p":2.51,"u":"9,65 €/KG","img":"https://fd15-photos.leclercdrive.fr/image.ashx?id=2900214&use=l&cat=p&typeid=i","cat":312238},{"id":113779,"n":"Assiette bio Bio Village Haricot vert dinde 12 mois 230g","p":2.79,"u":"12,13 €/KG","img":"https://fd15-photos.leclercdrive.fr/image.ashx?id=2900217&use=l&cat=p&typeid=i","cat":312237},{"id":113786,"n":"Assiette Tajine Bio Village Bio  15 mois 250g","p":2.67,"u":"10,68 €/KG","img":"https://fd15-photos.leclercdrive.fr/image.ashx?id=2878756&use=l&cat=p&typeid=i","cat":312238},{"id":113787,"n":"Assiette pâtes bio Bio Village Légumes saumon 18 mois 260g","p":2.79,"u":"10,73 €/KG","img":"https://fd15-photos.leclercdrive.fr/image.ashx?id=2900232&use=l&cat=p&typeid=i","cat":312238},{"id":113789,"n":"Assiette bio Bio Village Pot au feu - 18 mois - 260g","p":2.62,"u":"10,08 €/KG","img":"https://fd15-photos.leclercdrive.fr/image.ashx?id=2900235&use=l&cat=p&typeid=i","cat":312238},{"id":113790,"n":"Assiette 12 mois Bio Village Spaghetti bolognaise bio - 230g","p":2.25,"u":"9,78 €/KG","img":"https://fd15-photos.leclercdrive.fr/image.ashx?id=2900238&use=l&cat=p&typeid=i","cat":312237},{"id":113792,"n":"Assiette bio 15mois Bio Village Legumes volaille basquaise 250g","p":2.45,"u":"9,80 €/KG","img":"https://fd15-photos.leclercdrive.fr/image.ashx?id=2900244&use=l&cat=p&typeid=i","cat":312238},{"id":113793,"n":"Assiette bio Bio Village Carotte boeuf pdt 15mois 250g","p":2.99,"u":"11,96 €/KG","img":"https://fd15-photos.leclercdrive.fr/image.ashx?id=2900241&use=l&cat=p&typeid=i","cat":312238},{"id":113794,"n":"Assiette bio Bio Village Tomate aubergine 18 mois 260g","p":2.3,"u":"8,85 €/KG","img":"https://fd15-photos.leclercdrive.fr/image.ashx?id=2900247&use=l&cat=p&typeid=i","cat":312238},{"id":113796,"n":"Bol lentille corail Bio Village Dès 8 mois bio - 2x200g","p":3.75,"u":"9,38 €/KG","img":"https://fd15-photos.leclercdrive.fr/image.ashx?id=2704795&use=l&cat=p&typeid=i","cat":312239},{"id":113803,"n":"IGP Terres du midi vin rosé  Prieur Barsanne 12% vol - 75cl","p":4.58,"u":"6,11 €/L","img":"https://fd15-photos.leclercdrive.fr/image.ashx?id=2694109&use=l&cat=p&typeid=i","cat":289558},{"id":113808,"n":"Crème dessert La Laitière Pot de crème vanille - 4x100g","p":3.95,"u":"9,88 €/KG","img":"https://fd15-photos.leclercdrive.fr/image.ashx?id=2875969&use=l&cat=p&typeid=i","cat":285041},{"id":113811,"n":"Crème dessert La Laitière Pot de crème chocolat - 4x100g","p":3.57,"u":"8,93 €/KG","img":"https://fd15-photos.leclercdrive.fr/image.ashx?id=2875966&use=l&cat=p&typeid=i","cat":285041},{"id":113813,"n":"Crème dessert La Laitière Pot de crème café - 4x100g","p":4.05,"u":"10,13 €/KG","img":"https://fd15-photos.leclercdrive.fr/image.ashx?id=2875963&use=l&cat=p&typeid=i","cat":285041},{"id":113819,"n":"Sorbet plein fruit L'Angelys Mirabelle - 500g","p":6.32,"u":"12,64 €/KG","img":"https://fd15-photos.leclercdrive.fr/image.ashx?id=2963562&use=l&cat=p&typeid=i","cat":284263},{"id":113838,"n":"AOC vin blanc Gewurztraminer Alsace Bio Rebmann - 75cl","p":14.55,"u":"19,40 €/L","img":"https://fd15-photos.leclercdrive.fr/image.ashx?id=2639915&use=l&cat=p&typeid=i","cat":289557},{"id":113839,"n":"AOC Coteaux Varois en Provence Rosé Bio Terres Ocrées - 75cl","p":10.1,"u":"13,47 €/L","img":"https://fd15-photos.leclercdrive.fr/image.ashx?id=2695349&use=l&cat=p&typeid=i","cat":289558},{"id":113851,"n":"100% pur Jus bio Bio Village Petit-déjeuner  - 1L","p":5.1,"u":"5,10 €/L","img":"https://fd15-photos.leclercdrive.fr/image.ashx?id=2901566&use=l&cat=p&typeid=i","cat":284521},{"id":113855,"n":"Boisson thé Fresh Tea Pêche abricot - 1.5L","p":2.35,"u":"1,57 €/L","img":"https://fd15-photos.leclercdrive.fr/image.ashx?id=2622281&use=l&cat=p&typeid=i","cat":295019},{"id":113857,"n":"Crème Caramel La Laitière 8x100g","p":8.14,"u":"10,18 €/KG","img":"https://fd15-photos.leclercdrive.fr/image.ashx?id=2763094&use=l&cat=p&typeid=i","cat":285041},{"id":113858,"n":"Yaourt à la grecque YAOS Nature - 8x125g","p":6.29,"u":"6,29 €/KG","img":"https://fd15-photos.leclercdrive.fr/image.ashx?id=2418462&use=l&cat=p&typeid=i","cat":314999},{"id":113971,"n":"Huile d'Olive Puget 25cl","p":6.5,"u":"26,00 €/L","img":"https://fd15-photos.leclercdrive.fr/image.ashx?id=2343297&use=l&cat=p&typeid=i","cat":284453},{"id":113973,"n":"Biscuits Baiocchi Mulino Bianco Chocolat noisette - 260g","p":3.37,"u":"12,96 €/KG","img":"https://fd15-photos.leclercdrive.fr/image.ashx?id=2787968&use=l&cat=p&typeid=i","cat":284488},{"id":113998,"n":"Girasoli Lustucru Selection  Ricotta Epinard - 250g","p":2.99,"u":"11,96 €/KG","img":"https://fd15-photos.leclercdrive.fr/image.ashx?id=2974351&use=l&cat=p&typeid=i","cat":333682},{"id":114020,"n":"Bière aromatisée  Desperados 5.9%vol - Boite 50cl","p":2.55,"u":"5,10 €/L","img":"https://fd15-photos.leclercdrive.fr/image.ashx?id=2977303&use=l&cat=p&typeid=i","cat":334853},{"id":114023,"n":"Thon au naturel Petit Navire Démarche Responsable - 280g","p":6.38,"u":"22,79 €/KG","img":"https://fd15-photos.leclercdrive.fr/image.ashx?id=2909974&use=l&cat=p&typeid=i","cat":303867},{"id":114091,"n":"Lait corps satinant Inell 250ml","p":3.79,"u":"15,16 €/L","img":"https://fd15-photos.leclercdrive.fr/image.ashx?id=2691697&use=l&cat=p&typeid=i","cat":325349},{"id":114092,"n":"Brosse à dents bambou Dentamyl Médium - 1 pièce","p":2.6,"img":"https://fd15-photos.leclercdrive.fr/image.ashx?id=2783495&use=l&cat=p&typeid=i","cat":284614},{"id":114093,"n":"Brosse à dents bambou Dentamyl Souple - 1 pièce","p":2.7,"img":"https://fd15-photos.leclercdrive.fr/image.ashx?id=2790997&use=l&cat=p&typeid=i","cat":284614},{"id":114094,"n":"Shampooing douche Petit Manava Pêche abricot - 500ml","p":3.24,"u":"6,48 €/L","img":"https://fd15-photos.leclercdrive.fr/image.ashx?id=2410636&use=l&cat=p&typeid=i","cat":284606},{"id":114095,"n":"Mouchoirs blancs 3 plis Caresse Boîte - x150","p":2.82,"u":"0,02 €/P","img":"https://fd15-photos.leclercdrive.fr/image.ashx?id=2779298&use=l&cat=p&typeid=i","cat":284638},{"id":114096,"n":"Culotte Chorys Taille XL - x10","p":13.99,"u":"1,40 €/P","img":"https://fd15-photos.leclercdrive.fr/image.ashx?id=2623016&use=l&cat=p&typeid=i","cat":284628},{"id":114098,"n":"Lingettes Pampers Freshclean - 3x52","p":7.1,"u":"0,05 €/P","img":"https://fd15-photos.leclercdrive.fr/image.ashx?id=2964066&use=l&cat=p&typeid=i","cat":284738},{"id":114099,"n":"Lingettes Pampers Freshclean - x52","p":2.82,"u":"0,05 €/P","img":"https://fd15-photos.leclercdrive.fr/image.ashx?id=2280365&use=l&cat=p&typeid=i","cat":284738},{"id":114100,"n":"Lingettes Pampers Sensitive - 3x52","p":7.3,"u":"0,05 €/P","img":"https://fd15-photos.leclercdrive.fr/image.ashx?id=2543441&use=l&cat=p&typeid=i","cat":284738},{"id":114101,"n":"Culottes Mots d'enfants T4 : 8/15kg - x42","p":14.96,"u":"0,36 €/P","img":"https://fd15-photos.leclercdrive.fr/image.ashx?id=2907234&use=l&cat=p&typeid=i","cat":290633},{"id":114102,"n":"Change culottes Mots d'enfants T5 : 12/18kg - x40","p":12.88,"u":"0,32 €/P","img":"https://fd15-photos.leclercdrive.fr/image.ashx?id=2907237&use=l&cat=p&typeid=i","cat":290633},{"id":114103,"n":"Change culottes Mots d'enfants T6 : +16kg - x36","p":13.42,"u":"0,37 €/P","img":"https://fd15-photos.leclercdrive.fr/image.ashx?id=2907240&use=l&cat=p&typeid=i","cat":290633},{"id":114152,"n":"Pâtes bio Jardin Bio Bon tuyaux semi-complets - 500g","p":2.4,"u":"4,80 €/KG","img":"https://fd15-photos.leclercdrive.fr/image.ashx?id=2963190&use=l&cat=p&typeid=i","cat":284427},{"id":114156,"n":"Huile vierge coco Jardin Bio  Bio - 460g","p":12.68,"u":"27,57 €/KG","img":"https://fd15-photos.leclercdrive.fr/image.ashx?id=2790036&use=l&cat=p&typeid=i","cat":284453},{"id":114161,"n":"Sachet assortiment Toblerone 248g","p":7.66,"u":"30,89 €/KG","img":"https://fd15-photos.leclercdrive.fr/image.ashx?id=2912647&use=l&cat=p&typeid=i","cat":327595},{"id":114169,"n":"Père Noël Milka Lait - 90g","p":3.78,"u":"42,00 €/KG","img":"https://fd15-photos.leclercdrive.fr/image.ashx?id=2488106&use=l&cat=p&typeid=i","cat":327592},{"id":114170,"n":"Père Noël Milka Noisettes - 95g","p":3.98,"u":"41,89 €/KG","img":"https://fd15-photos.leclercdrive.fr/image.ashx?id=2881503&use=l&cat=p&typeid=i","cat":327592},{"id":114187,"n":"Barres amandes Toblerone 360g","p":8.55,"u":"23,75 €/KG","img":"https://fd15-photos.leclercdrive.fr/image.ashx?id=2912650&use=l&cat=p&typeid=i","cat":327595},{"id":114245,"n":"Fromage Beaufort NRT AOP  200g","p":7.29,"u":"36,45 €/KG","img":"https://fd15-photos.leclercdrive.fr/image.ashx?id=2271969&use=l&cat=p&typeid=i","cat":329184},{"id":114269,"n":"Puissance 4 Dès 6 ans - 2 joueurs","p":14.99,"img":"https://fd15-photos.leclercdrive.fr/image.ashx?id=2293171&use=l&cat=p&typeid=i","cat":334378},{"id":114273,"n":"Cassolette Gourmande  Aux St-Jacques - 300g","p":14.95,"u":"49,83 €/KG","img":"https://fd15-photos.leclercdrive.fr/image.ashx?id=1752220&use=l&cat=p&typeid=i","cat":319775},{"id":114400,"n":"Thon entier MSC Pêche Océan A l'huile - 104g","p":2.85,"u":"27,40 €/KG","img":"https://fd15-photos.leclercdrive.fr/image.ashx?id=2942208&use=l&cat=p&typeid=i","cat":303867},{"id":114411,"n":"Dès de cheddar  Les Croisés 150g","p":2.35,"u":"15,67 €/KG","img":"https://fd15-photos.leclercdrive.fr/image.ashx?id=2422553&use=l&cat=p&typeid=i","cat":314027},{"id":114502,"n":"Spray détachant Dr Beckmann Au fiel - 500ml","p":5.89,"u":"11,78 €/L","img":"https://fd15-photos.leclercdrive.fr/image.ashx?id=1747922&use=l&cat=p&typeid=i","cat":284651},{"id":114580,"n":"IGP Foie gras Jean Larnaudie Bloc - barquette - 2x170g","p":29.99,"u":"88,21 €/KG","img":"https://fd15-photos.leclercdrive.fr/image.ashx?id=2915784&use=l&cat=p&typeid=i","cat":316008},{"id":114586,"n":"Foie gras canard Jean Larnaudie Bloc sel de guérande - 2x170g","p":29.95,"u":"88,09 €/KG","img":"https://fd15-photos.leclercdrive.fr/image.ashx?id=2915787&use=l&cat=p&typeid=i","cat":316008},{"id":114652,"n":"Mouchoirs blanc 2 plis Caresse Boîte mouchoirs papier - x180","p":2.43,"u":"0,01 €/P","img":"https://fd15-photos.leclercdrive.fr/image.ashx?id=2752640&use=l&cat=p&typeid=i","cat":284638},{"id":114805,"n":"Coeur Coulant Bonne Maman Chocolat - 2x80g","p":4.1,"u":"25,63 €/KG","img":"https://fd15-photos.leclercdrive.fr/image.ashx?id=2912326&use=l&cat=p&typeid=i","cat":284419},{"id":114810,"n":"Parmigiano Reg AOP Casa Azzurra Râpé -  200g","p":5.99,"u":"29,95 €/KG","img":"https://fd15-photos.leclercdrive.fr/image.ashx?id=2261957&use=l&cat=p&typeid=i","cat":314035},{"id":114841,"n":"AOP Côtes de Provence rosé Impérial Pradel - 75cl","p":14.38,"u":"19,17 €/L","img":"https://fd15-photos.leclercdrive.fr/image.ashx?id=2804406&use=l&cat=p&typeid=i","cat":289558},{"id":114854,"n":"Célébrations 385g","p":12.72,"u":"33,04 €/KG","img":"https://fd15-photos.leclercdrive.fr/image.ashx?id=2980061&use=l&cat=p&typeid=i","cat":284499},{"id":114902,"n":"Foie gras de canard Sel de  Guérande Delpeyrat 330g","p":19.9,"u":"60,30 €/KG","img":"https://fd15-photos.leclercdrive.fr/image.ashx?id=1760629&use=l&cat=p&typeid=i","cat":305148},{"id":114911,"n":"Bloc de Foie gras de canard  Armagnac Delpeyrat 330g","p":19.9,"u":"60,30 €/KG","img":"https://fd15-photos.leclercdrive.fr/image.ashx?id=1755205&use=l&cat=p&typeid=i","cat":305148},{"id":114956,"n":"Skyr Myrtille Délisse 450g","p":4.55,"u":"10,11 €/KG","img":"https://fd15-photos.leclercdrive.fr/image.ashx?id=2992552&use=l&cat=p&typeid=i","cat":315000},{"id":114970,"n":"Beurrier tendre Président Doux - 82% MG - 125g","p":2.45,"u":"19,60 €/KG","img":"https://fd15-photos.leclercdrive.fr/image.ashx?id=2917435&use=l&cat=p&typeid=i","cat":284379},{"id":115013,"n":"Liquide vaisselle Uni Vert Ecologique citron - 750ml","p":2.15,"u":"2,87 €/L","img":"https://fd15-photos.leclercdrive.fr/image.ashx?id=2999517&use=l&cat=p&typeid=i","cat":284655},{"id":115014,"n":"Lingette micro fibres Mamison Ecran - 1 pièce","p":3.1,"img":"https://fd15-photos.leclercdrive.fr/image.ashx?id=2595113&use=l&cat=p&typeid=i","cat":325358},{"id":115016,"n":"Protège slip Chorys Ultra mini discret - x28","p":1.84,"u":"0,07 €/P","img":"https://fd15-photos.leclercdrive.fr/image.ashx?id=2003029&use=l&cat=p&typeid=i","cat":284625},{"id":115017,"n":"Protège slip Chorys Ultra mini long - x24","p":1.77,"u":"0,07 €/P","img":"https://fd15-photos.leclercdrive.fr/image.ashx?id=1962795&use=l&cat=p&typeid=i","cat":284628},{"id":115046,"n":"Brioche tressée tranchée Harrys Nature sans additif - 450g","p":4.7,"u":"10,44 €/KG","img":"https://fd15-photos.leclercdrive.fr/image.ashx?id=2503010&use=l&cat=p&typeid=i","cat":284478},{"id":115070,"n":"Tarte tatin pommes Bonne Maman 2x120g","p":3.65,"u":"15,21 €/KG","img":"https://fd15-photos.leclercdrive.fr/image.ashx?id=2879092&use=l&cat=p&typeid=i","cat":284419},{"id":115113,"n":"Tirlibibi Haribo Boîte bonbons - 750g","p":8.55,"u":"11,40 €/KG","img":"https://fd15-photos.leclercdrive.fr/image.ashx?id=2806922&use=l&cat=p&typeid=i","cat":304250},{"id":115115,"n":"Les Schtroumpfs Haribo Sachet bonbons - 300g","p":2.9,"u":"9,67 €/KG","img":"https://fd15-photos.leclercdrive.fr/image.ashx?id=2788475&use=l&cat=p&typeid=i","cat":304250},{"id":115116,"n":"Chamallows Haribo Guimauves   - 300g","p":3.49,"u":"11,63 €/KG","img":"https://fd15-photos.leclercdrive.fr/image.ashx?id=2984937&use=l&cat=p&typeid=i","cat":304250},{"id":115124,"n":"Terrine chien Bio Poulet légume - 300g","p":1.99,"u":"6,63 €/KG","img":"https://fd15-photos.leclercdrive.fr/image.ashx?id=2333808&use=l&cat=p&typeid=i","cat":284673},{"id":115126,"n":"Terrines pour chats Plénima Boeuf bio  - 100g","p":0.89,"u":"8,90 €/KG","img":"https://fd15-photos.leclercdrive.fr/image.ashx?id=2619752&use=l&cat=p&typeid=i","cat":285601},{"id":115127,"n":"Pain burger Epi d'Or Brioché x4 - 300g","p":2.99,"u":"9,97 €/KG","img":"https://fd15-photos.leclercdrive.fr/image.ashx?id=1958880&use=l&cat=p&typeid=i","cat":325067},{"id":115130,"n":"Pain de mie Epi d'Or Sans croute - 500g","p":4.69,"u":"9,38 €/KG","img":"https://fd15-photos.leclercdrive.fr/image.ashx?id=2301241&use=l&cat=p&typeid=i","cat":284477},{"id":115152,"n":"Eau florale Bio Naïa Rose bio - 200ml","p":6.79,"u":"33,95 €/L","img":"https://fd15-photos.leclercdrive.fr/image.ashx?id=2610253&use=l&cat=p&typeid=i","cat":325345},{"id":115155,"n":"Gommage visage Bio Naïa Bio - 75ml","p":4.99,"u":"66,53 €/L","img":"https://fd15-photos.leclercdrive.fr/image.ashx?id=2436690&use=l&cat=p&typeid=i","cat":325346},{"id":115156,"n":"Stick lèvres Bio Naïa Bio - 1 pièce","p":3.39,"img":"https://fd15-photos.leclercdrive.fr/image.ashx?id=2518837&use=l&cat=p&typeid=i","cat":285485},{"id":115158,"n":"Gelée bio Bio Naïa A l'aloe vera bio - 200ml","p":6.79,"u":"33,95 €/L","img":"https://fd15-photos.leclercdrive.fr/image.ashx?id=2436699&use=l&cat=p&typeid=i","cat":325350},{"id":115161,"n":"Infusion Bio La Tisanière Nuit Oranger - x20 Sachets","p":4.5,"u":"150,00 €/KG","img":"https://fd15-photos.leclercdrive.fr/image.ashx?id=2477061&use=l&cat=p&typeid=i","cat":293234},{"id":115163,"n":"Infusion Twinings Ayurveda gingembre miel et citron x20","p":5.29,"u":"165,31 €/KG","img":"https://fd15-photos.leclercdrive.fr/image.ashx?id=2893036&use=l&cat=p&typeid=i","cat":293234},{"id":115165,"n":"Infusion Twinings Ayurveda poire miel et cannelle x20","p":5.29,"u":"146,94 €/KG","img":"https://fd15-photos.leclercdrive.fr/image.ashx?id=2893033&use=l&cat=p&typeid=i","cat":293234},{"id":115187,"n":"Toasts ronds Persil citron Jacquet - 250g","p":2.5,"u":"10,00 €/KG","img":"https://fd15-photos.leclercdrive.fr/image.ashx?id=2729821&use=l&cat=p&typeid=i","cat":285454},{"id":115188,"n":"Toasts ronds Seigle Jacquet - 250g","p":2.31,"u":"9,24 €/KG","img":"https://fd15-photos.leclercdrive.fr/image.ashx?id=2741340&use=l&cat=p&typeid=i","cat":285454},{"id":115251,"n":"Déodorant compressé Ushuaïa Vanille - 100ml","p":5.15,"u":"51,50 €/L","img":"https://fd15-photos.leclercdrive.fr/image.ashx?id=2555715&use=l&cat=p&typeid=i","cat":284595},{"id":115269,"n":"Sandwich Mega Club Sodebo  Pain Vien. Thon Œuf Mayo - 230g","p":5.45,"u":"23,70 €/KG","img":"https://fd15-photos.leclercdrive.fr/image.ashx?id=2960294&use=l&cat=p&typeid=i","cat":333658},{"id":115276,"n":"Crèmes main Inell Anti-taches - 75ml","p":5.09,"u":"67,87 €/L","img":"https://fd15-photos.leclercdrive.fr/image.ashx?id=2498949&use=l&cat=p&typeid=i","cat":325354},{"id":115308,"n":"choco snack Milka 4x32g","p":2.29,"u":"17,89 €/KG","img":"https://fd15-photos.leclercdrive.fr/image.ashx?id=2189217&use=l&cat=p&typeid=i","cat":284420},{"id":115320,"n":"Capsules café Plantation Equilibré n°6 - x10 - 52g","p":3.54,"u":"68,08 €/KG","img":"https://fd15-photos.leclercdrive.fr/image.ashx?id=2418101&use=l&cat=p&typeid=i","cat":284749},{"id":115321,"n":"Capsules café Plantation Intense n°10 - x10 - 52g","p":3.54,"u":"68,08 €/KG","img":"https://fd15-photos.leclercdrive.fr/image.ashx?id=2418104&use=l&cat=p&typeid=i","cat":284749},{"id":115323,"n":"Capsules café Plantation Subtil n°5 - x10 - 52g","p":3.54,"u":"68,08 €/KG","img":"https://fd15-photos.leclercdrive.fr/image.ashx?id=2418107&use=l&cat=p&typeid=i","cat":284749},{"id":115324,"n":"Capsules café Plantation Décaféiné n°5 -  x10 - 52g","p":3.54,"u":"68,08 €/KG","img":"https://fd15-photos.leclercdrive.fr/image.ashx?id=2441423&use=l&cat=p&typeid=i","cat":284749},{"id":115325,"n":"Merlu Blanc panés Findus MSC - x10 - 510g","p":8.5,"u":"850,00 €/L","img":"https://fd15-photos.leclercdrive.fr/image.ashx?id=2865857&use=l&cat=p&typeid=i","cat":319788},{"id":115326,"n":"Capsules café Plantation Lungo Délicat n°4 - x10 - 52g","p":3.54,"u":"68,08 €/KG","img":"https://fd15-photos.leclercdrive.fr/image.ashx?id=2418113&use=l&cat=p&typeid=i","cat":284749},{"id":115328,"n":"Capsules café Plantation  Ristretto n°12 - x10 - 52g","p":3.54,"u":"68,08 €/KG","img":"https://fd15-photos.leclercdrive.fr/image.ashx?id=2418116&use=l&cat=p&typeid=i","cat":284749},{"id":115332,"n":"Capsules café Plantation Brésil n°7 - x10 - 52g","p":3.54,"u":"68,08 €/KG","img":"https://fd15-photos.leclercdrive.fr/image.ashx?id=2418122&use=l&cat=p&typeid=i","cat":284749},{"id":115345,"n":"Capsules café Plantation Café vanille n°6 - x10 - 52g","p":3.54,"u":"68,08 €/KG","img":"https://fd15-photos.leclercdrive.fr/image.ashx?id=2418128&use=l&cat=p&typeid=i","cat":284749},{"id":115348,"n":"Capsules café Plantation Noisette n°7 - x10 - 52g","p":3.54,"u":"68,08 €/KG","img":"https://fd15-photos.leclercdrive.fr/image.ashx?id=2418134&use=l&cat=p&typeid=i","cat":284749},{"id":115349,"n":"Capsules café Plantation Intense n°10 - x30 - 156g","p":8.91,"u":"57,12 €/KG","img":"https://fd15-photos.leclercdrive.fr/image.ashx?id=2865095&use=l&cat=p&typeid=i","cat":284749},{"id":115350,"n":"Capsules café Plantation Equilibré N°6 - x30 - 156g","p":8.91,"u":"57,12 €/KG","img":"https://fd15-photos.leclercdrive.fr/image.ashx?id=2852249&use=l&cat=p&typeid=i","cat":284749},{"id":115351,"n":"Capsules café Plantation Espresso Forte n°8 - x10 - 52g","p":3.54,"u":"68,08 €/KG","img":"https://fd15-photos.leclercdrive.fr/image.ashx?id=2418143&use=l&cat=p&typeid=i","cat":284749},{"id":115352,"n":"Patch purifiant Nivea Visage x6","p":8.95,"u":"1,49 €/P","img":"https://fd15-photos.leclercdrive.fr/image.ashx?id=2167416&use=l&cat=p&typeid=i","cat":325346},{"id":115357,"n":"Tablette De Chocolat A Patisser Pralinoise Praline - 180g","p":5.11,"u":"28,39 €/KG","img":"https://fd15-photos.leclercdrive.fr/image.ashx?id=2890265&use=l&cat=p&typeid=i","cat":285562},{"id":115359,"n":"Pancakes Nature Epi d'Or x18 - 360g","p":2.89,"u":"8,03 €/KG","img":"https://fd15-photos.leclercdrive.fr/image.ashx?id=2860763&use=l&cat=p&typeid=i","cat":284495},{"id":115367,"n":"Biscuits roses de Reims NRT 200g","p":5.19,"u":"25,95 €/KG","img":"https://fd15-photos.leclercdrive.fr/image.ashx?id=2704912&use=l&cat=p&typeid=i","cat":284487},{"id":115376,"n":"Coffret Tokapi Sauce - 115g","p":2.55,"u":"22,17 €/KG","img":"https://fd15-photos.leclercdrive.fr/image.ashx?id=2898856&use=l&cat=p&typeid=i","cat":284449},{"id":115377,"n":"Cornichons Rustica Verre décoré - 100g","p":2.6,"u":"26,00 €/KG","img":"https://fd15-photos.leclercdrive.fr/image.ashx?id=3004648&use=l&cat=p&typeid=i","cat":284458},{"id":115409,"n":"Confit de canard Monfort Cuisses - 400g","p":8.2,"u":"20,50 €/KG","img":"https://fd15-photos.leclercdrive.fr/image.ashx?id=2324585&use=l&cat=p&typeid=i","cat":284339},{"id":115442,"n":"IGP Pays d'Oc Vin rouge Bleu de Mer - B. Magrez - 75cl","p":10.5,"u":"14,00 €/L","img":"https://fd15-photos.leclercdrive.fr/image.ashx?id=2867629&use=l&cat=p&typeid=i","cat":289556},{"id":115455,"n":"Bougies d'anniversaire Vahiné Bleues - blister de 16 bougies","p":2.0,"u":"0,13 €/P","img":"https://fd15-photos.leclercdrive.fr/image.ashx?id=1584569&use=l&cat=p&typeid=i","cat":284504},{"id":115457,"n":"Frites de Patate Douce McCain 500g","p":5.95,"u":"11,90 €/KG","img":"https://fd15-photos.leclercdrive.fr/image.ashx?id=2840632&use=l&cat=p&typeid=i","cat":319791},{"id":115458,"n":"Pizza Mozzarella Turini Basilic - 450g","p":9.51,"u":"21,13 €/KG","img":"https://fd15-photos.leclercdrive.fr/image.ashx?id=2709746&use=l&cat=p&typeid=i","cat":333679},{"id":115488,"n":"Bière blonde 1664 5,5° - 12x25cl","p":15.6,"u":"5,20 €/L","img":"https://fd15-photos.leclercdrive.fr/image.ashx?id=2215566&use=l&cat=p&typeid=i","cat":334873},{"id":115502,"n":"Persil et Ail Rustica 75g","p":1.89,"u":"25,20 €/KG","img":"https://fd15-photos.leclercdrive.fr/image.ashx?id=2365493&use=l&cat=p&typeid=i","cat":319804},{"id":115503,"n":"Pommes Dauphine Mc Cain 600g","p":4.36,"u":"7,27 €/KG","img":"https://fd15-photos.leclercdrive.fr/image.ashx?id=2988373&use=l&cat=p&typeid=i","cat":319792},{"id":115505,"n":"Fromage Fourme d'Ambert NRT  AOP - 250g","p":4.65,"u":"18,60 €/KG","img":"https://fd15-photos.leclercdrive.fr/image.ashx?id=2459397&use=l&cat=p&typeid=i","cat":314032},{"id":115521,"n":"Gants de ménage Eco+ Réutilisable taille M - x2","p":1.65,"u":"0,83 €/P","img":"https://fd15-photos.leclercdrive.fr/image.ashx?id=1759090&use=l&cat=p&typeid=i","cat":284668},{"id":115523,"n":"Gants de ménage Eco+ Réutilisables - Taille L - x2","p":1.6,"u":"0,80 €/P","img":"https://fd15-photos.leclercdrive.fr/image.ashx?id=2466196&use=l&cat=p&typeid=i","cat":284668},{"id":115526,"n":"Serviette incontinence Chorys Maxi nuit - x12","p":5.8,"u":"0,48 €/P","img":"https://fd15-photos.leclercdrive.fr/image.ashx?id=2586028&use=l&cat=p&typeid=i","cat":284628},{"id":115527,"n":"Gel de toilette intime Bionaïa Bio - 200ml","p":3.51,"u":"17,55 €/L","img":"https://fd15-photos.leclercdrive.fr/image.ashx?id=2442130&use=l&cat=p&typeid=i","cat":284627},{"id":115528,"n":"Alcool 90° Primoplast 100ml","p":3.46,"u":"34,60 €/L","img":"https://fd15-photos.leclercdrive.fr/image.ashx?id=2856570&use=l&cat=p&typeid=i","cat":284630},{"id":115529,"n":"Bloc WC Uni Vert Ball - 55g","p":2.65,"u":"48,18 €/KG","img":"https://fd15-photos.leclercdrive.fr/image.ashx?id=2568801&use=l&cat=p&typeid=i","cat":284662},{"id":115690,"n":"Sauce aigre douce pimentée Tables du Monde - 300g","p":2.19,"u":"7,30 €/KG","img":"https://fd15-photos.leclercdrive.fr/image.ashx?id=2920214&use=l&cat=p&typeid=i","cat":288992},{"id":115761,"n":"Tablette de chocolat Lindt Noir 100% Cacao - 50g","p":4.99,"u":"99,80 €/KG","img":"https://fd15-photos.leclercdrive.fr/image.ashx?id=2397773&use=l&cat=p&typeid=i","cat":284956},{"id":115772,"n":"Pâte à tartiner Bio Village Aux noisette bio - 600g","p":5.99,"u":"9,98 €/KG","img":"https://fd15-photos.leclercdrive.fr/image.ashx?id=2977201&use=l&cat=p&typeid=i","cat":284481},{"id":115780,"n":"AOC Châteauneuf-du-Pape vin rouge Rives & Terrasses - 75cl","p":27.19,"u":"36,25 €/L","img":"https://fd15-photos.leclercdrive.fr/image.ashx?id=2644963&use=l&cat=p&typeid=i","cat":289556},{"id":115781,"n":"AOC Gigondas vin rouge Rives & Terrasses - 75cl","p":21.11,"u":"28,15 €/L","img":"https://fd15-photos.leclercdrive.fr/image.ashx?id=2639202&use=l&cat=p&typeid=i","cat":289556},{"id":115787,"n":"AOC Coteaux d'Aix-en-Provence vin rosé Terres Ocrées - 75cl","p":8.64,"u":"11,52 €/L","img":"https://fd15-photos.leclercdrive.fr/image.ashx?id=2747758&use=l&cat=p&typeid=i","cat":289558},{"id":115788,"n":"AOC Crémant de Loire brut rosé Les Caractères - 75cl","p":11.75,"u":"15,67 €/L","img":"https://fd15-photos.leclercdrive.fr/image.ashx?id=2709710&use=l&cat=p&typeid=i","cat":284545},{"id":115823,"n":"Sauce à la Truffe Bénédicta Gamme Gourmet - 260g","p":4.59,"u":"17,65 €/KG","img":"https://fd15-photos.leclercdrive.fr/image.ashx?id=2616183&use=l&cat=p&typeid=i","cat":318430},{"id":115850,"n":"Compote Charles & Alice Pommes Passion - 4x97g","p":3.69,"u":"9,51 €/KG","img":"https://fd15-photos.leclercdrive.fr/image.ashx?id=2757692&use=l&cat=p&typeid=i","cat":284416},{"id":115866,"n":"Sardine Les Mouettes d'Arvor Huile d'olive Basilic thym 115g","p":4.83,"u":"42,00 €/KG","img":"https://fd15-photos.leclercdrive.fr/image.ashx?id=1893523&use=l&cat=p&typeid=i","cat":305146},{"id":115874,"n":"Dessert fruitier pomme pêche Andros x4","p":1.99,"u":"4,98 €/KG","img":"https://fd15-photos.leclercdrive.fr/image.ashx?id=2968100&use=l&cat=p&typeid=i","cat":284416},{"id":115906,"n":"Yaourt aromatisé Perle de Lait sur Lit de Framboise - 4x125g","p":3.45,"u":"7,50 €/P","img":"https://fd15-photos.leclercdrive.fr/image.ashx?id=2989207&use=l&cat=p&typeid=i","cat":314999},{"id":115907,"n":"Yaourt aromatisé Perle de Lait sur Lit de Caramel - 4x125g","p":3.59,"u":"7,18 €/KG","img":"https://fd15-photos.leclercdrive.fr/image.ashx?id=2989216&use=l&cat=p&typeid=i","cat":314999},{"id":115910,"n":"Yaourt brassé Perle de Lait Vanille - 8x125g","p":5.08,"u":"5,08 €/KG","img":"https://fd15-photos.leclercdrive.fr/image.ashx?id=2990568&use=l&cat=p&typeid=i","cat":314999},{"id":115958,"n":"Poelée de cèpes Magda Au beurre persillé - 300g","p":5.09,"u":"16,97 €/KG","img":"https://fd15-photos.leclercdrive.fr/image.ashx?id=2790015&use=l&cat=p&typeid=i","cat":319823},{"id":115989,"n":"Pain Surprise Suédois  x32 - 360g","p":15.0,"u":"41,67 €/KG","img":"https://fd15-photos.leclercdrive.fr/image.ashx?id=2598710&use=l&cat=p&typeid=i","cat":319774},{"id":115991,"n":"Squidgies Haribo Sachet bonbons - 200g","p":2.8,"u":"14,00 €/KG","img":"https://fd15-photos.leclercdrive.fr/image.ashx?id=2984934&use=l&cat=p&typeid=i","cat":304250},{"id":116096,"n":"Shampooing douche Petit Manava Fraise cerise - 250ml","p":1.3,"u":"5,20 €/L","img":"https://fd15-photos.leclercdrive.fr/image.ashx?id=1763207&use=l&cat=p&typeid=i","cat":284606},{"id":116166,"n":"Adoucissant concentré Hyperdou Rosée du matin x60 - 1.5L","p":3.79,"u":"2,53 €/L","img":"https://fd15-photos.leclercdrive.fr/image.ashx?id=2602916&use=l&cat=p&typeid=i","cat":284650},{"id":116167,"n":"Adoucissant concentré Hyperdou Rêve merveille x60 - 1.5L","p":4.25,"u":"2,83 €/L","img":"https://fd15-photos.leclercdrive.fr/image.ashx?id=2602925&use=l&cat=p&typeid=i","cat":284650},{"id":116168,"n":"Adoucissant concentré Hyperdou Fraîcheur fleurie x60 - 1.5L","p":3.75,"u":"2,50 €/L","img":"https://fd15-photos.leclercdrive.fr/image.ashx?id=2602931&use=l&cat=p&typeid=i","cat":284650},{"id":116170,"n":"Adoucissant concentré Hyperdou Fraîcheur x75 - 1.95L","p":4.2,"u":"2,15 €/L","img":"https://fd15-photos.leclercdrive.fr/image.ashx?id=2602949&use=l&cat=p&typeid=i","cat":284650},{"id":116171,"n":"Adoucissant concentré Hyperdou Pur Caresse x75 - 1.95L","p":6.09,"u":"3,12 €/L","img":"https://fd15-photos.leclercdrive.fr/image.ashx?id=2614512&use=l&cat=p&typeid=i","cat":284650},{"id":116172,"n":"Lingettes bio Bionaïa Démaquillantes - x25","p":2.09,"u":"0,08 €/P","img":"https://fd15-photos.leclercdrive.fr/image.ashx?id=2515500&use=l&cat=p&typeid=i","cat":284603},{"id":116193,"n":"AOC Monbazillac Vin blanc Domaine de la croix - 75cl","p":16.65,"u":"22,20 €/L","img":"https://fd15-photos.leclercdrive.fr/image.ashx?id=2403506&use=l&cat=p&typeid=i","cat":289557},{"id":116199,"n":"Vin blanc pétillant Roche Mazet Brut Chardonnay - 75cl","p":11.19,"u":"14,92 €/L","img":"https://fd15-photos.leclercdrive.fr/image.ashx?id=2475615&use=l&cat=p&typeid=i","cat":284544},{"id":116221,"n":"Crème de jour L'Oréal Paris  Revitalift Anti-âge - 50ml","p":21.9,"u":"438,00 €/L","img":"https://fd15-photos.leclercdrive.fr/image.ashx?id=2926581&use=l&cat=p&typeid=i","cat":325345},{"id":116222,"n":"IGP Pays d'Oc rosé Roche Mazet Syrah - 75cl","p":10.21,"u":"13,61 €/L","img":"https://fd15-photos.leclercdrive.fr/image.ashx?id=2475612&use=l&cat=p&typeid=i","cat":289558},{"id":116227,"n":"Pétillant Muscat Roche Mazet Demi-sec blanc - 75cl","p":10.89,"u":"14,52 €/L","img":"https://fd15-photos.leclercdrive.fr/image.ashx?id=2475618&use=l&cat=p&typeid=i","cat":284544},{"id":116228,"n":"Crème Visage Jour Nivea Hydratante  - 50ml","p":11.69,"u":"233,80 €/L","img":"https://fd15-photos.leclercdrive.fr/image.ashx?id=2945736&use=l&cat=p&typeid=i","cat":325345},{"id":116246,"n":"Lait croissance Blédilait Bébé 1-3 ans - 18x250ml","p":17.9,"u":"71,60 €/L","img":"https://fd15-photos.leclercdrive.fr/image.ashx?id=1771998&use=l&cat=p&typeid=i","cat":284728},{"id":116285,"n":"Tablette de chocolat Côte d'Or Truffe noir coeur coulant 190g","p":6.6,"u":"34,74 €/KG","img":"https://fd15-photos.leclercdrive.fr/image.ashx?id=3009140&use=l&cat=p&typeid=i","cat":284956},{"id":116321,"n":"Soupe liquide Liebig tomates  Et vermicelles - Brique 1L","p":4.62,"u":"4,62 €/L","img":"https://fd15-photos.leclercdrive.fr/image.ashx?id=2941481&use=l&cat=p&typeid=i","cat":284462},{"id":116325,"n":"Velouté Bio Liebig 6 légumes - 75cl","p":4.29,"u":"5,72 €/L","img":"https://fd15-photos.leclercdrive.fr/image.ashx?id=2842561&use=l&cat=p&typeid=i","cat":284462},{"id":116340,"n":"Cruesli Quaker Miel et noix - 450g","p":5.12,"u":"11,38 €/KG","img":"https://fd15-photos.leclercdrive.fr/image.ashx?id=2212159&use=l&cat=p&typeid=i","cat":309512},{"id":116361,"n":"Sauce napoletana Barilla 400g","p":2.64,"u":"6,60 €/KG","img":"https://fd15-photos.leclercdrive.fr/image.ashx?id=2832512&use=l&cat=p&typeid=i","cat":287599},{"id":116387,"n":"Pâte à tartiner Poulain  Cacao noisette - 400g","p":4.25,"u":"10,63 €/KG","img":"https://fd15-photos.leclercdrive.fr/image.ashx?id=2806354&use=l&cat=p&typeid=i","cat":284481},{"id":116430,"n":"Tagliatelles Fleury Michon à l'Italienne et poulet - 300g","p":5.95,"u":"19,83 €/KG","img":"https://fd15-photos.leclercdrive.fr/image.ashx?id=2260767&use=l&cat=p&typeid=i","cat":333665},{"id":116431,"n":"Parmentier de boeuf Charolais Fleury Michon - 300g","p":5.59,"u":"18,63 €/KG","img":"https://fd15-photos.leclercdrive.fr/image.ashx?id=2662346&use=l&cat=p&typeid=i","cat":333665},{"id":116579,"n":"Pommes de terres grenailles Bio Bio Village - 450g","p":4.59,"u":"10,20 €/KG","img":"https://fd15-photos.leclercdrive.fr/image.ashx?id=2923341&use=l&cat=p&typeid=i","cat":319792},{"id":116581,"n":"Frites au four Bio Bio Village - 600g","p":3.09,"u":"5,15 €/KG","img":"https://fd15-photos.leclercdrive.fr/image.ashx?id=2436329&use=l&cat=p&typeid=i","cat":319791},{"id":116583,"n":"Pâte a tartiner Bio Village Aux noisettes bio - 350g","p":4.68,"u":"13,37 €/KG","img":"https://fd15-photos.leclercdrive.fr/image.ashx?id=2977198&use=l&cat=p&typeid=i","cat":284481},{"id":116584,"n":"Confiture extra bio Bio Village Framboises - 370g","p":4.39,"u":"11,86 €/KG","img":"https://fd15-photos.leclercdrive.fr/image.ashx?id=2965635&use=l&cat=p&typeid=i","cat":284480},{"id":116607,"n":"Gourmandises de volaille  Maître Coq - Marrons - 380g","p":34.95,"u":"91,97 €/KG","img":"https://fd15-photos.leclercdrive.fr/image.ashx?id=2962494&use=l&cat=p&typeid=i","cat":327289},{"id":116716,"n":"Saumon fumé Labeyrie Sauvage - 2 tranches - 65g","p":6.8,"u":"104,62 €/KG","img":"https://fd15-photos.leclercdrive.fr/image.ashx?id=2313699&use=l&cat=p&typeid=i","cat":285188},{"id":116875,"n":"Salade & Cie Sodebo Palerme Jambon Speck Chèvre Pâtes 320g","p":8.99,"u":"28,09 €/KG","img":"https://fd15-photos.leclercdrive.fr/image.ashx?id=2771933&use=l&cat=p&typeid=i","cat":333657},{"id":116967,"n":"Carottes filière  Panier du Primeur - 1kg","p":2.44,"u":"2,44 €/KG","img":"https://fd15-photos.leclercdrive.fr/image.ashx?id=2920226&use=l&cat=p&typeid=i","cat":284352},{"id":116985,"n":"Parmesan Râpé Giovanni Ferrari  22 mois AOP - 60g","p":2.08,"u":"34,67 €/KG","img":"https://fd15-photos.leclercdrive.fr/image.ashx?id=3002297&use=l&cat=p&typeid=i","cat":314035},{"id":117117,"n":"Blanc de poulet Fleury Michon -25% de sel x6 - 180g","p":4.15,"u":"23,06 €/KG","img":"https://fd15-photos.leclercdrive.fr/image.ashx?id=2885968&use=l&cat=p&typeid=i","cat":316010},{"id":117146,"n":"Lentilles rosées Bio Happy Bio 500g","p":4.46,"u":"8,92 €/KG","img":"https://fd15-photos.leclercdrive.fr/image.ashx?id=2685027&use=l&cat=p&typeid=i","cat":312609},{"id":117156,"n":"Yaourt à boire Actimel nature sans sucres - 6x100g","p":3.89,"u":"6,48 €/KG","img":"https://fd15-photos.leclercdrive.fr/image.ashx?id=2103484&use=l&cat=p&typeid=i","cat":284415},{"id":117225,"n":"Sirop Moulin de Valdonne Grenadine - 70cl","p":5.19,"u":"7,41 €/L","img":"https://fd15-photos.leclercdrive.fr/image.ashx?id=2170610&use=l&cat=p&typeid=i","cat":295020},{"id":117235,"n":"Sirop Moulin de Valdonne Pêche abricot - 70cl","p":5.89,"u":"8,41 €/L","img":"https://fd15-photos.leclercdrive.fr/image.ashx?id=2170613&use=l&cat=p&typeid=i","cat":295020},{"id":117238,"n":"Shampooing bio Bio naïa Cheveux secs abimés - 250ml","p":2.99,"u":"11,96 €/L","img":"https://fd15-photos.leclercdrive.fr/image.ashx?id=2512481&use=l&cat=p&typeid=i","cat":284606},{"id":117242,"n":"Biscuit coco pavot GERBLE BIO  Bio - 4x3, 132g","p":3.07,"u":"23,26 €/KG","img":"https://fd15-photos.leclercdrive.fr/image.ashx?id=2664052&use=l&cat=p&typeid=i","cat":284487},{"id":117245,"n":"Sacs de congélation zip Alfapac Renforcé - x30","p":3.53,"img":"https://fd15-photos.leclercdrive.fr/image.ashx?id=2986338&use=l&cat=p&typeid=i","cat":334134},{"id":117283,"n":"Petits pois Notre Jardin Sans sel ajouté - 280g","p":1.29,"u":"4,61 €/KG","img":"https://fd15-photos.leclercdrive.fr/image.ashx?id=3002638&use=l&cat=p&typeid=i","cat":312607},{"id":117293,"n":"Petits pois Notre Jardin Carottes Sans sel ajouté - 265g","p":1.45,"u":"5,47 €/KG","img":"https://fd15-photos.leclercdrive.fr/image.ashx?id=3002641&use=l&cat=p&typeid=i","cat":312607},{"id":117297,"n":"Haricots verts Notre Jardin Sans sel ajouté - 225g","p":1.25,"u":"5,56 €/KG","img":"https://fd15-photos.leclercdrive.fr/image.ashx?id=3002644&use=l&cat=p&typeid=i","cat":312606},{"id":117330,"n":"Champignon Notre Jardin Emincé Sans sel ajouté - 230g","p":1.99,"u":"8,65 €/KG","img":"https://fd15-photos.leclercdrive.fr/image.ashx?id=1792507&use=l&cat=p&typeid=i","cat":312610},{"id":117378,"n":"Petits pois d'aucy  Bio - 58cl","p":3.98,"u":"11,71 €/KG","img":"https://fd15-photos.leclercdrive.fr/image.ashx?id=2431545&use=l&cat=p&typeid=i","cat":312607},{"id":117379,"n":"Pois chiches Bio D'Aucy 340g","p":3.29,"u":"9,68 €/KG","img":"https://fd15-photos.leclercdrive.fr/image.ashx?id=2562193&use=l&cat=p&typeid=i","cat":312609},{"id":117403,"n":"Poêlée de légumes Bonduelle La Parisienne - 750g","p":4.5,"u":"6,00 €/KG","img":"https://fd15-photos.leclercdrive.fr/image.ashx?id=2907908&use=l&cat=p&typeid=i","cat":319823},{"id":117407,"n":"Poêlée à la paysanne Bonduelle 750g","p":5.3,"u":"7,07 €/KG","img":"https://fd15-photos.leclercdrive.fr/image.ashx?id=2907911&use=l&cat=p&typeid=i","cat":319823},{"id":117457,"n":"Eau aromatisée Cristaline Jus de fruits citron - 1.5L","p":1.59,"u":"1,06 €/L","img":"https://fd15-photos.leclercdrive.fr/image.ashx?id=2386623&use=l&cat=p&typeid=i","cat":284537},{"id":117570,"n":"Galettes de riz Tables du monde Sachet - 100g","p":2.97,"u":"29,70 €/KG","img":"https://fd15-photos.leclercdrive.fr/image.ashx?id=2920223&use=l&cat=p&typeid=i","cat":288992},{"id":117705,"n":"Ras El Hanout Ducros Epices couscous - 38g","p":2.3,"u":"60,53 €/KG","img":"https://fd15-photos.leclercdrive.fr/image.ashx?id=2559490&use=l&cat=p&typeid=i","cat":298297},{"id":117721,"n":"Truite Fumée  Ronde des Mers  4 tranches - 120g","p":10.99,"u":"91,58 €/KG","img":"https://fd15-photos.leclercdrive.fr/image.ashx?id=2084096&use=l&cat=p&typeid=i","cat":285188},{"id":117880,"n":"Teinture textile Ideal Tout en un Noir - 230g","p":4.35,"u":"18,91 €/KG","img":"https://fd15-photos.leclercdrive.fr/image.ashx?id=2669046&use=l&cat=p&typeid=i","cat":284651},{"id":118038,"n":"AOP Alsace Gewurztraminer Nos Vignerons ont du Talent - 75cl","p":15.17,"u":"20,23 €/L","img":"https://fd15-photos.leclercdrive.fr/image.ashx?id=3004570&use=l&cat=p&typeid=i","cat":289557},{"id":118113,"n":"Sauce soja Bio Village Bio - 150ml","p":3.39,"u":"22,60 €/L","img":"https://fd15-photos.leclercdrive.fr/image.ashx?id=2913772&use=l&cat=p&typeid=i","cat":288992},{"id":118193,"n":"Beurre Bocage Doux - 60%MG - 250g","p":2.65,"u":"10,60 €/KG","img":"https://fd15-photos.leclercdrive.fr/image.ashx?id=2752891&use=l&cat=p&typeid=i","cat":284379},{"id":118194,"n":"Beurre Bocage  Demi-sel - 60%MG - 250g","p":2.5,"u":"10,00 €/KG","img":"https://fd15-photos.leclercdrive.fr/image.ashx?id=2578070&use=l&cat=p&typeid=i","cat":284379},{"id":118208,"n":"Coloration Perfec Mousse N°210 noir - x1","p":14.3,"img":"https://fd15-photos.leclercdrive.fr/image.ashx?id=1919756&use=l&cat=p&typeid=i","cat":288899},{"id":118210,"n":"Coquilles Saint-Jacques Tipiak à la Bretonne - 10x90g","p":24.19,"u":"26,88 €/KG","img":"https://fd15-photos.leclercdrive.fr/image.ashx?id=2614092&use=l&cat=p&typeid=i","cat":319775},{"id":118212,"n":"Coquille Saint Jacques Tipiak Fondue de poireaux - 10x90g","p":24.29,"u":"26,99 €/KG","img":"https://fd15-photos.leclercdrive.fr/image.ashx?id=2613444&use=l&cat=p&typeid=i","cat":319775},{"id":118222,"n":"Cire Got2B Pot de colle en tube - 75ml","p":7.85,"u":"104,67 €/L","img":"https://fd15-photos.leclercdrive.fr/image.ashx?id=2886750&use=l&cat=p&typeid=i","cat":284620},{"id":118224,"n":"Gel Got2B Pâte Chic et Mat - 100ml","p":7.85,"u":"78,50 €/L","img":"https://fd15-photos.leclercdrive.fr/image.ashx?id=2301040&use=l&cat=p&typeid=i","cat":284620},{"id":118282,"n":"Cordon bleu Marie Coquillettes - 280g","p":5.69,"u":"20,32 €/KG","img":"https://fd15-photos.leclercdrive.fr/image.ashx?id=2317495&use=l&cat=p&typeid=i","cat":333665},{"id":118387,"n":"AOC Bourgogne Côte d'Or Nos Vignerons ont du Talent - 75cl","p":24.64,"u":"32,85 €/L","img":"https://fd15-photos.leclercdrive.fr/image.ashx?id=2566212&use=l&cat=p&typeid=i","cat":289557},{"id":118408,"n":"Lait bébé en poudre Galliagest 1er âge 0-6 mois 820g","p":25.6,"u":"31,22 €/KG","img":"https://fd15-photos.leclercdrive.fr/image.ashx?id=2983054&use=l&cat=p&typeid=i","cat":284726},{"id":118412,"n":"Lait bébé en poudre Galliagest 2 âge 6-12 mois 820g","p":18.95,"u":"23,11 €/KG","img":"https://fd15-photos.leclercdrive.fr/image.ashx?id=2771666&use=l&cat=p&typeid=i","cat":284727},{"id":118414,"n":"Lait bébé en poudre Blédilait 1er âge 0-6 mois 820g","p":20.55,"u":"25,06 €/KG","img":"https://fd15-photos.leclercdrive.fr/image.ashx?id=2500051&use=l&cat=p&typeid=i","cat":284726},{"id":118426,"n":"Lait bébé en poudre Blédilait 2e âge 6-12 mois 820g","p":17.95,"u":"21,89 €/KG","img":"https://fd15-photos.leclercdrive.fr/image.ashx?id=2500054&use=l&cat=p&typeid=i","cat":284727},{"id":118488,"n":"Préservatifs Skyn Manix Intense feel - x10","p":20.35,"u":"2,04 €/P","img":"https://fd15-photos.leclercdrive.fr/image.ashx?id=2861069&use=l&cat=p&typeid=i","cat":284631},{"id":118491,"n":"Gel lubrifiant Manix Fraise - 80ml","p":7.45,"img":"https://fd15-photos.leclercdrive.fr/image.ashx?id=2968334&use=l&cat=p&typeid=i","cat":285160},{"id":118492,"n":"Gel lubrifiant Manix Pure - 80ml","p":6.45,"u":"80,63 €/L","img":"https://fd15-photos.leclercdrive.fr/image.ashx?id=2886160&use=l&cat=p&typeid=i","cat":285160},{"id":118513,"n":"Désinfectant Sanytol Pistolet 4 actions - 500ml","p":4.8,"u":"9,60 €/L","img":"https://fd15-photos.leclercdrive.fr/image.ashx?id=2590749&use=l&cat=p&typeid=i","cat":325357},{"id":118583,"n":"Tampons Uni Vert Normal digital - x16","p":2.16,"u":"0,14 €/P","img":"https://fd15-photos.leclercdrive.fr/image.ashx?id=2896901&use=l&cat=p&typeid=i","cat":284626},{"id":118601,"n":"Sirop d'Erable Maple Joe Bio - 250g","p":8.6,"u":"34,40 €/KG","img":"https://fd15-photos.leclercdrive.fr/image.ashx?id=2101084&use=l&cat=p&typeid=i","cat":287643},{"id":118612,"n":"Crêpes fourrées  Whaou Chocolat au lait  - x8 - 256g","p":4.75,"u":"18,55 €/KG","img":"https://fd15-photos.leclercdrive.fr/image.ashx?id=2960171&use=l&cat=p&typeid=i","cat":284494},{"id":118667,"n":"Sucre en poudre Canderel 250g","p":4.61,"u":"18,44 €/KG","img":"https://fd15-photos.leclercdrive.fr/image.ashx?id=2461466&use=l&cat=p&typeid=i","cat":324846},{"id":119007,"n":"Whisky Sir Edward's Smoky 40%vol. - 70cl","p":42.83,"u":"61,19 €/L","img":"https://fd15-photos.leclercdrive.fr/image.ashx?id=2543984&use=l&cat=p&typeid=i","cat":284547},{"id":119026,"n":"Olives Manzanilla Atelier Blini A la méditerranéenne - 150g","p":3.25,"u":"21,67 €/KG","img":"https://fd15-photos.leclercdrive.fr/image.ashx?id=2939622&use=l&cat=p&typeid=i","cat":316002},{"id":119091,"n":"Fine cuisine papillotte Marie Cabillaud - 300g","p":5.99,"u":"19,97 €/KG","img":"https://fd15-photos.leclercdrive.fr/image.ashx?id=2993364&use=l&cat=p&typeid=i","cat":284254},{"id":119104,"n":"Chili con carne Paul et Louise 800g","p":6.49,"u":"8,11 €/KG","img":"https://fd15-photos.leclercdrive.fr/image.ashx?id=3008488&use=l&cat=p&typeid=i","cat":325094},{"id":119105,"n":"Nouille de riz Suzi Wan 160g","p":3.3,"u":"20,63 €/KG","img":"https://fd15-photos.leclercdrive.fr/image.ashx?id=3002180&use=l&cat=p&typeid=i","cat":288992},{"id":119185,"n":"Bougie vanille Uni Vert 30h - 130g","p":5.79,"u":"44,54 €/KG","img":"https://fd15-photos.leclercdrive.fr/image.ashx?id=1858544&use=l&cat=p&typeid=i","cat":284666},{"id":119195,"n":"Sprats fûmé Parallèles MSC - Huile moutarde - 112g","p":5.41,"u":"48,30 €/KG","img":"https://fd15-photos.leclercdrive.fr/image.ashx?id=1859454&use=l&cat=p&typeid=i","cat":305147},{"id":119199,"n":"Cornichon  Kuhne Rondelles pour burger - 185g","p":2.02,"u":"10,92 €/KG","img":"https://fd15-photos.leclercdrive.fr/image.ashx?id=2109521&use=l&cat=p&typeid=i","cat":284458},{"id":119222,"n":"Bière blonde Kekette 6x25cl","p":41.39,"u":"27,59 €/L","img":"https://fd15-photos.leclercdrive.fr/image.ashx?id=2023781&use=l&cat=p&typeid=i","cat":334872},{"id":119259,"n":"Couches Love & Green Hypoallergéniques Taille 3- x52","p":20.95,"u":"0,40 €/P","img":"https://fd15-photos.leclercdrive.fr/image.ashx?id=2798138&use=l&cat=p&typeid=i","cat":284737},{"id":119260,"n":"Couches Love & Green Hypoallergéniques Taille 4- x46","p":20.8,"u":"0,45 €/P","img":"https://fd15-photos.leclercdrive.fr/image.ashx?id=2798141&use=l&cat=p&typeid=i","cat":284737},{"id":119261,"n":"Couches Love & Green Hypoallergéniques Taille 4+-x42","p":21.95,"u":"0,52 €/P","img":"https://fd15-photos.leclercdrive.fr/image.ashx?id=2799524&use=l&cat=p&typeid=i","cat":284737},{"id":119262,"n":"Sauce bolognaise Panzani 100% Pur Bœuf - 400G","p":3.22,"u":"8,05 €/KG","img":"https://fd15-photos.leclercdrive.fr/image.ashx?id=2984754&use=l&cat=p&typeid=i","cat":287599},{"id":119263,"n":"Couches Love & Green Hypoallergéniques Taille 5- x40","p":18.75,"u":"0,47 €/P","img":"https://fd15-photos.leclercdrive.fr/image.ashx?id=2799527&use=l&cat=p&typeid=i","cat":284737},{"id":119264,"n":"Sauce Bolognaise Panzani 100% Pur Bœuf - 650G","p":4.8,"u":"7,38 €/KG","img":"https://fd15-photos.leclercdrive.fr/image.ashx?id=2977933&use=l&cat=p&typeid=i","cat":287599},{"id":119267,"n":"Café moulu Plantation Noir intense - 3x250g","p":14.95,"u":"19,93 €/KG","img":"https://fd15-photos.leclercdrive.fr/image.ashx?id=2607587&use=l&cat=p&typeid=i","cat":284750},{"id":119269,"n":"Couches Love & Green Hypoallergéniques Taille 6- x34","p":20.04,"u":"0,59 €/P","img":"https://fd15-photos.leclercdrive.fr/image.ashx?id=2799530&use=l&cat=p&typeid=i","cat":284737},{"id":119271,"n":"Haricots rouge Notre Jardin 3x125g","p":2.79,"u":"7,44 €/KG","img":"https://fd15-photos.leclercdrive.fr/image.ashx?id=2988111&use=l&cat=p&typeid=i","cat":312606},{"id":119273,"n":"Carottes Notre Jardin 3x130g","p":3.07,"u":"7,87 €/KG","img":"https://fd15-photos.leclercdrive.fr/image.ashx?id=3002629&use=l&cat=p&typeid=i","cat":312607},{"id":119275,"n":"Haricots blancs Notre Jardin 3x125g","p":2.11,"u":"5,63 €/KG","img":"https://fd15-photos.leclercdrive.fr/image.ashx?id=3002632&use=l&cat=p&typeid=i","cat":312606},{"id":119287,"n":"Protège lingerie bio Tadam Dermo-sensitif normal - x24","p":3.38,"img":"https://fd15-photos.leclercdrive.fr/image.ashx?id=2754764&use=l&cat=p&typeid=i","cat":284625},{"id":119322,"n":"Fleur de sel Larnaudie A la truffe - 25g","p":2.95,"u":"118,00 €/KG","img":"https://fd15-photos.leclercdrive.fr/image.ashx?id=2731096&use=l&cat=p&typeid=i","cat":316008},{"id":119323,"n":"Fleur de sel Larnaudie Aux Cinq Baies - 25g","p":2.95,"u":"118,00 €/KG","img":"https://fd15-photos.leclercdrive.fr/image.ashx?id=2731099&use=l&cat=p&typeid=i","cat":284457},{"id":119332,"n":"Tampon digital Uni Vert Ecolo super - x16","p":2.48,"u":"0,16 €/P","img":"https://fd15-photos.leclercdrive.fr/image.ashx?id=2939085&use=l&cat=p&typeid=i","cat":284626},{"id":119337,"n":"Crème légère jour So Bio Etic Anti-âge argan bio - 50ml","p":13.15,"u":"263,00 €/L","img":"https://fd15-photos.leclercdrive.fr/image.ashx?id=2788730&use=l&cat=p&typeid=i","cat":325345},{"id":119339,"n":"Gel nettoyant Uni Vert Entretien canalisations - 1L","p":6.29,"u":"6,29 €/L","img":"https://fd15-photos.leclercdrive.fr/image.ashx?id=2593471&use=l&cat=p&typeid=i","cat":284908},{"id":119472,"n":"Jus de pomme Sous le Pommier Pétillant - 75cl","p":6.15,"u":"8,20 €/L","img":"https://fd15-photos.leclercdrive.fr/image.ashx?id=2855178&use=l&cat=p&typeid=i","cat":284522},{"id":119558,"n":"Compotes Materne Coupelles Pomme Nature - 16x100g","p":6.75,"u":"4,22 €/KG","img":"https://fd15-photos.leclercdrive.fr/image.ashx?id=3010840&use=l&cat=p&typeid=i","cat":284508},{"id":119560,"n":"Compotes Materne Coupelles  Multivariétés Jaunes - 16x100g","p":7.65,"u":"4,78 €/KG","img":"https://fd15-photos.leclercdrive.fr/image.ashx?id=3010846&use=l&cat=p&typeid=i","cat":284508},{"id":119561,"n":"Compotes Materne Coupelles Pomme Pruneau - 4x100g","p":2.55,"u":"6,38 €/KG","img":"https://fd15-photos.leclercdrive.fr/image.ashx?id=3010858&use=l&cat=p&typeid=i","cat":284508},{"id":119571,"n":"Douceur de Brebis vanille 4x100g - Le Petit Basque","p":4.6,"u":"11,50 €/KG","img":"https://fd15-photos.leclercdrive.fr/image.ashx?id=2248093&use=l&cat=p&typeid=i","cat":314998},{"id":119602,"n":"Oeufs Vachement Normand Bio x6","p":3.19,"u":"0,53 €/P","img":"https://fd15-photos.leclercdrive.fr/image.ashx?id=2273346&use=l&cat=p&typeid=i","cat":284378},{"id":119651,"n":"Beurre gastronomique Président Demi-sel - 80% MG - 500g","p":7.57,"u":"15,14 €/KG","img":"https://fd15-photos.leclercdrive.fr/image.ashx?id=2252217&use=l&cat=p&typeid=i","cat":284379},{"id":119709,"n":"Fromage Persillée Saint Agur  125g","p":3.81,"u":"30,48 €/KG","img":"https://fd15-photos.leclercdrive.fr/image.ashx?id=2981515&use=l&cat=p&typeid=i","cat":314032},{"id":119728,"n":"Blanc poulet fumé 6 Tranches - 180g","p":3.56,"u":"19,78 €/KG","img":"https://fd15-photos.leclercdrive.fr/image.ashx?id=2663380&use=l&cat=p&typeid=i","cat":316010},{"id":119767,"n":"Eau micellaire bio Bionaïa 400ml","p":2.69,"u":"6,73 €/L","img":"https://fd15-photos.leclercdrive.fr/image.ashx?id=2376055&use=l&cat=p&typeid=i","cat":284603},{"id":119797,"n":"Comté fromage bloc Les Croisés 200g","p":4.49,"u":"22,45 €/KG","img":"https://fd15-photos.leclercdrive.fr/image.ashx?id=2856585&use=l&cat=p&typeid=i","cat":314034},{"id":119867,"n":"AOP Champagne de Castellane Brut - 75cl","p":36.6,"u":"48,80 €/L","img":"https://fd15-photos.leclercdrive.fr/image.ashx?id=2584968&use=l&cat=p&typeid=i","cat":284542},{"id":119893,"n":"Skyr Nature Délisse 450g","p":4.09,"u":"9,09 €/KG","img":"https://fd15-photos.leclercdrive.fr/image.ashx?id=2992549&use=l&cat=p&typeid=i","cat":315000},{"id":119940,"n":"Mini candy play Copains Copines 180g","p":2.27,"u":"12,61 €/KG","img":"https://fd15-photos.leclercdrive.fr/image.ashx?id=2934733&use=l&cat=p&typeid=i","cat":304250},{"id":119943,"n":"Soupe 10 légumes Liebig A la crème - x2 - 60cl","p":3.1,"u":"5,17 €/L","img":"https://fd15-photos.leclercdrive.fr/image.ashx?id=2892139&use=l&cat=p&typeid=i","cat":284462},{"id":119957,"n":"Acras de morue Maison Briau A la créole ciboule piment 200g","p":4.99,"u":"24,95 €/KG","img":"https://fd15-photos.leclercdrive.fr/image.ashx?id=2959469&use=l&cat=p&typeid=i","cat":333673},{"id":119962,"n":"Tielles gourmandes de Sète Pêcheries Sétoises x2 - 150g","p":7.9,"u":"52,67 €/KG","img":"https://fd15-photos.leclercdrive.fr/image.ashx?id=2944813&use=l&cat=p&typeid=i","cat":285094},{"id":120087,"n":"Oeufs Dégustation Cémoi Chocolat Praline Noisette -185g","p":6.45,"u":"34,86 €/KG","img":"https://fd15-photos.leclercdrive.fr/image.ashx?id=2376665&use=l&cat=p&typeid=i","cat":284499},{"id":120171,"n":"Nougat Montelimar Chabert & Guillot - 150g","p":7.8,"u":"52,00 €/KG","img":"https://fd15-photos.leclercdrive.fr/image.ashx?id=2488425&use=l&cat=p&typeid=i","cat":327605},{"id":120211,"n":"Nissin soba Cup Yakitori Poulet 89g","p":5.19,"u":"58,31 €/KG","img":"https://fd15-photos.leclercdrive.fr/image.ashx?id=2433509&use=l&cat=p&typeid=i","cat":288992},{"id":120212,"n":"Nouilles soba Cup Nissin Classique - 90g","p":5.45,"u":"60,56 €/KG","img":"https://fd15-photos.leclercdrive.fr/image.ashx?id=2433512&use=l&cat=p&typeid=i","cat":288992},{"id":120214,"n":"Nissin Soba Cup Teriyaki  90g","p":5.35,"u":"59,44 €/KG","img":"https://fd15-photos.leclercdrive.fr/image.ashx?id=2160111&use=l&cat=p&typeid=i","cat":288992},{"id":120224,"n":"Cristaux de soude Clair 500g","p":3.29,"u":"6,58 €/KG","img":"https://fd15-photos.leclercdrive.fr/image.ashx?id=1874057&use=l&cat=p&typeid=i","cat":325365},{"id":120225,"n":"Percarbonate de sodium Clair 500g","p":5.69,"u":"11,38 €/KG","img":"https://fd15-photos.leclercdrive.fr/image.ashx?id=2822141&use=l&cat=p&typeid=i","cat":325365},{"id":120233,"n":"Céréales cruesli Quaker Mélange de noix - 450g","p":5.74,"u":"12,76 €/KG","img":"https://fd15-photos.leclercdrive.fr/image.ashx?id=2212147&use=l&cat=p&typeid=i","cat":309512},{"id":120253,"n":"Masque argile 2 en 1 Neutrogena Purifiant skin detox - 150ml","p":6.9,"u":"46,00 €/L","img":"https://fd15-photos.leclercdrive.fr/image.ashx?id=2180852&use=l&cat=p&typeid=i","cat":325346},{"id":120261,"n":"Lessive liquide Epsil Anti-transfert - 40 lavages 2L","p":9.39,"u":"4,70 €/L","img":"https://fd15-photos.leclercdrive.fr/image.ashx?id=2838936&use=l&cat=p&typeid=i","cat":284640},{"id":120266,"n":"Galettes de riz Tanoshi Vietnam x10 - 100g","p":4.51,"u":"4,51 €/KG","img":"https://fd15-photos.leclercdrive.fr/image.ashx?id=2999982&use=l&cat=p&typeid=i","cat":288992},{"id":120268,"n":"Sauce soja Tanoshi Sel reduit - 200ml","p":3.99,"u":"19,95 €/L","img":"https://fd15-photos.leclercdrive.fr/image.ashx?id=2907985&use=l&cat=p&typeid=i","cat":288992},{"id":120269,"n":"Eau micellaire Neutrogena Démaquillante Hydro Boost-400ml","p":6.9,"u":"17,25 €/L","img":"https://fd15-photos.leclercdrive.fr/image.ashx?id=2523175&use=l&cat=p&typeid=i","cat":284603},{"id":120295,"n":"Mascara Waterproof Maybelline  Cils Sensational Extra-noir","p":10.95,"img":"https://fd15-photos.leclercdrive.fr/image.ashx?id=2377781&use=l&cat=p&typeid=i","cat":287029},{"id":120331,"n":"Eau gazeuse minérale Salvetat Pauvre en sodium - 6x1,15L","p":6.79,"u":"0,98 €/L","img":"https://fd15-photos.leclercdrive.fr/image.ashx?id=2578693&use=l&cat=p&typeid=i","cat":284536},{"id":120335,"n":"Eau gazeuse aromatisée Salvetat citron - 1,15L","p":1.3,"u":"1,13 €/L","img":"https://fd15-photos.leclercdrive.fr/image.ashx?id=2279753&use=l&cat=p&typeid=i","cat":284536},{"id":120346,"n":"Mini gratins chorizo Côté Table 400g","p":5.45,"u":"13,63 €/KG","img":"https://fd15-photos.leclercdrive.fr/image.ashx?id=2641292&use=l&cat=p&typeid=i","cat":319802},{"id":120348,"n":"Purée 4 mois Bio Village Pomme pruneaux bio - 4x100g","p":2.59,"u":"6,48 €/KG","img":"https://fd15-photos.leclercdrive.fr/image.ashx?id=2704837&use=l&cat=p&typeid=i","cat":312387},{"id":120349,"n":"Purée 4 mois Bio Village Pomme Abricot bio - 4x100g","p":2.56,"u":"6,40 €/KG","img":"https://fd15-photos.leclercdrive.fr/image.ashx?id=2704690&use=l&cat=p&typeid=i","cat":312387},{"id":120350,"n":"Purée 4 mois Bio Village Pomme coing bio - 4x100g","p":2.59,"u":"6,48 €/KG","img":"https://fd15-photos.leclercdrive.fr/image.ashx?id=2704840&use=l&cat=p&typeid=i","cat":312387},{"id":120351,"n":"Purée 4 mois Bio Village Pomme myrtilles bio - 4x100g","p":2.86,"u":"7,15 €/KG","img":"https://fd15-photos.leclercdrive.fr/image.ashx?id=2704843&use=l&cat=p&typeid=i","cat":312387},{"id":120379,"n":"Olive Bella di cerignola  Vertes - 320g","p":5.09,"u":"15,91 €/KG","img":"https://fd15-photos.leclercdrive.fr/image.ashx?id=1929388&use=l&cat=p&typeid=i","cat":284458},{"id":120392,"n":"Palets pur beurre mère poulard Lot de 3 - 375g","p":4.69,"u":"12,51 €/KG","img":"https://fd15-photos.leclercdrive.fr/image.ashx?id=2912248&use=l&cat=p&typeid=i","cat":284487},{"id":120402,"n":"Nettoyant multi surface Romarin L'Arbre vert - 1L","p":3.79,"u":"3,79 €/L","img":"https://fd15-photos.leclercdrive.fr/image.ashx?id=2948063&use=l&cat=p&typeid=i","cat":325357},{"id":120422,"n":"Lait de coco uht Real Thai 200ml","p":2.07,"u":"10,35 €/L","img":"https://fd15-photos.leclercdrive.fr/image.ashx?id=2872249&use=l&cat=p&typeid=i","cat":288992},{"id":120426,"n":"Protège slip écolo Uni vert Normal - x30","p":1.94,"u":"0,06 €/P","img":"https://fd15-photos.leclercdrive.fr/image.ashx?id=2799787&use=l&cat=p&typeid=i","cat":284625},{"id":120427,"n":"Lait de coco UHT  Real Thai - 500ml","p":4.43,"u":"8,86 €/L","img":"https://fd15-photos.leclercdrive.fr/image.ashx?id=2857941&use=l&cat=p&typeid=i","cat":288992},{"id":120428,"n":"Serviette ecolo Uni Vert Normal - x14","p":2.12,"u":"0,15 €/P","img":"https://fd15-photos.leclercdrive.fr/image.ashx?id=2831589&use=l&cat=p&typeid=i","cat":284624},{"id":120429,"n":"Serviette écolo Uni vert Super+ - x12","p":2.26,"u":"0,19 €/P","img":"https://fd15-photos.leclercdrive.fr/image.ashx?id=2820445&use=l&cat=p&typeid=i","cat":284624},{"id":120430,"n":"Serviette écolo Uni Vert Nuit + - x10","p":2.12,"u":"0,21 €/P","img":"https://fd15-photos.leclercdrive.fr/image.ashx?id=2806780&use=l&cat=p&typeid=i","cat":284624},{"id":120482,"n":"Planta fin cuisine facile 750ml - Format familial","p":4.96,"u":"6,61 €/L","img":"https://fd15-photos.leclercdrive.fr/image.ashx?id=2440091&use=l&cat=p&typeid=i","cat":284453},{"id":120492,"n":"Céréales fourrées P'tit Déli Chocolat noisette - 450g","p":3.09,"u":"6,87 €/KG","img":"https://fd15-photos.leclercdrive.fr/image.ashx?id=2819636&use=l&cat=p&typeid=i","cat":309513},{"id":120519,"n":"Correcteur anticerne Maybelline Instant Anti-Age 02 Beige Nu","p":18.05,"img":"https://fd15-photos.leclercdrive.fr/image.ashx?id=2423172&use=l&cat=p&typeid=i","cat":287029},{"id":120587,"n":"Friandise pour chat Dentalife Saumon - 40g","p":2.29,"u":"57,25 €/KG","img":"https://fd15-photos.leclercdrive.fr/image.ashx?id=2468638&use=l&cat=p&typeid=i","cat":285285},{"id":120660,"n":"Purée 4 mois Bio Village Fruits verger bio - 4x100g","p":3.09,"u":"7,73 €/KG","img":"https://fd15-photos.leclercdrive.fr/image.ashx?id=2704846&use=l&cat=p&typeid=i","cat":312387},{"id":120661,"n":"Purée 4 mois Bio Village Pomme Fraise Banane bio -4x100g","p":2.75,"u":"6,88 €/KG","img":"https://fd15-photos.leclercdrive.fr/image.ashx?id=2704849&use=l&cat=p&typeid=i","cat":312387},{"id":120663,"n":"Purée 6 mois Bio Village Pomme carotte mangue bio-4x100g","p":2.51,"u":"6,28 €/KG","img":"https://fd15-photos.leclercdrive.fr/image.ashx?id=2704852&use=l&cat=p&typeid=i","cat":312388},{"id":120665,"n":"Purée 6 mois Bio Village Pomme Biscuit bio - 4x100g","p":3.13,"u":"7,83 €/KG","img":"https://fd15-photos.leclercdrive.fr/image.ashx?id=2704855&use=l&cat=p&typeid=i","cat":312388},{"id":120669,"n":"Assiette 18 mois Bio Village Blanquette dinde bio - 260g","p":2.4,"u":"9,23 €/KG","img":"https://fd15-photos.leclercdrive.fr/image.ashx?id=2900229&use=l&cat=p&typeid=i","cat":312238},{"id":120681,"n":"Petits pots bébé P'TIT SOUPER Légumes Pâtes 8M+ - 2x200g","p":2.94,"u":"7,35 €/KG","img":"https://fd15-photos.leclercdrive.fr/image.ashx?id=2526520&use=l&cat=p&typeid=i","cat":312239},{"id":120683,"n":"Petits pots bébé P'TITE RECETTE Bœuf bourguignon 12M+ - 2x200g","p":4.39,"u":"10,98 €/KG","img":"https://fd15-photos.leclercdrive.fr/image.ashx?id=2525714&use=l&cat=p&typeid=i","cat":312237},{"id":120686,"n":"Biphase micellaire So Bio Etic Bamboo bio - 500ml","p":12.45,"u":"24,90 €/L","img":"https://fd15-photos.leclercdrive.fr/image.ashx?id=2680221&use=l&cat=p&typeid=i","cat":284603},{"id":120688,"n":"Gel douche argan So Bio Etic Nutrition bio - 650ml","p":8.99,"u":"13,83 €/L","img":"https://fd15-photos.leclercdrive.fr/image.ashx?id=2891583&use=l&cat=p&typeid=i","cat":284594},{"id":120690,"n":"Shampoing Nateïs Cheveux fragiles - 250ml","p":2.09,"u":"8,36 €/L","img":"https://fd15-photos.leclercdrive.fr/image.ashx?id=2626838&use=l&cat=p&typeid=i","cat":284606},{"id":120691,"n":"Après-shampoing Nateïs Cheveux fragiles - 250ml","p":2.75,"u":"11,00 €/L","img":"https://fd15-photos.leclercdrive.fr/image.ashx?id=2626844&use=l&cat=p&typeid=i","cat":284607},{"id":120692,"n":"Pur jus d'orange Bio Village Bio - 2L","p":7.49,"u":"3,75 €/L","img":"https://fd15-photos.leclercdrive.fr/image.ashx?id=2751922&use=l&cat=p&typeid=i","cat":284521},{"id":120694,"n":"Jus de pomme bio Bio Village 1L","p":2.85,"u":"2,85 €/L","img":"https://fd15-photos.leclercdrive.fr/image.ashx?id=2958783&use=l&cat=p&typeid=i","cat":284522},{"id":120720,"n":"Spaghetti Garofalo 500g","p":2.31,"u":"4,62 €/KG","img":"https://fd15-photos.leclercdrive.fr/image.ashx?id=2111496&use=l&cat=p&typeid=i","cat":284427},{"id":120724,"n":"Pâtes Garofalo Farfalle - 500g","p":2.14,"u":"4,28 €/KG","img":"https://fd15-photos.leclercdrive.fr/image.ashx?id=2884849&use=l&cat=p&typeid=i","cat":284427},{"id":120741,"n":"Jus d'orange Bio Village Bio A base de concentré - 1L","p":3.89,"u":"3,89 €/L","img":"https://fd15-photos.leclercdrive.fr/image.ashx?id=2958777&use=l&cat=p&typeid=i","cat":284521},{"id":120822,"n":"Tablette de chocolat noir Lindt Croquant Noisette - 150g","p":6.24,"u":"41,60 €/KG","img":"https://fd15-photos.leclercdrive.fr/image.ashx?id=1877963&use=l&cat=p&typeid=i","cat":284956},{"id":120827,"n":"Bonbon Surfizz XL Lutti 200g","p":2.66,"u":"13,30 €/KG","img":"https://fd15-photos.leclercdrive.fr/image.ashx?id=2964840&use=l&cat=p&typeid=i","cat":304250},{"id":120841,"n":"Bonbons Lutti Max 2 Fizz Assortiment Piquant - 500g","p":8.06,"u":"16,12 €/KG","img":"https://fd15-photos.leclercdrive.fr/image.ashx?id=2964685&use=l&cat=p&typeid=i","cat":304250},{"id":120843,"n":"Chicorée Soluble Ricoré  Aux Céréales - 250g","p":7.65,"u":"30,60 €/KG","img":"https://fd15-photos.leclercdrive.fr/image.ashx?id=2979611&use=l&cat=p&typeid=i","cat":284843},{"id":120851,"n":"Réglisse Lutti O'Tablo Rafraichissante - 200g","p":2.45,"u":"12,25 €/KG","img":"https://fd15-photos.leclercdrive.fr/image.ashx?id=2817425&use=l&cat=p&typeid=i","cat":304250},{"id":120852,"n":"Bonbon arlequin Lutti Acidulé aux fruits - 320g","p":2.75,"u":"8,59 €/KG","img":"https://fd15-photos.leclercdrive.fr/image.ashx?id=2817431&use=l&cat=p&typeid=i","cat":304250},{"id":120853,"n":"Bonbons Lutti Scoubifizz Piquants Fruits - 180g","p":2.94,"u":"16,33 €/KG","img":"https://fd15-photos.leclercdrive.fr/image.ashx?id=2964837&use=l&cat=p&typeid=i","cat":304250},{"id":120855,"n":"Bonbons Lutti Filitubs xl Piquants - 180g","p":2.87,"u":"15,94 €/KG","img":"https://fd15-photos.leclercdrive.fr/image.ashx?id=2817440&use=l&cat=p&typeid=i","cat":304250},{"id":120856,"n":"Bonbon guimauve Lutti Koala - 185g","p":2.79,"u":"15,08 €/KG","img":"https://fd15-photos.leclercdrive.fr/image.ashx?id=2817443&use=l&cat=p&typeid=i","cat":304250},{"id":120857,"n":"Bonbons Carambar Mini Fête Assortiment - 326g","p":5.84,"u":"17,91 €/KG","img":"https://fd15-photos.leclercdrive.fr/image.ashx?id=2972035&use=l&cat=p&typeid=i","cat":304250},{"id":120859,"n":"Goms saveurs Lpqc 265g","p":5.03,"u":"18,98 €/KG","img":"https://fd15-photos.leclercdrive.fr/image.ashx?id=2844957&use=l&cat=p&typeid=i","cat":304250},{"id":120864,"n":"Bonbons Lutti Flexifizz Piquants Fraise - 225g","p":3.26,"u":"14,49 €/KG","img":"https://fd15-photos.leclercdrive.fr/image.ashx?id=2806396&use=l&cat=p&typeid=i","cat":304250},{"id":120869,"n":"Poudre d'amande Bio Village Doypack bio - 100g","p":4.49,"u":"44,90 €/KG","img":"https://fd15-photos.leclercdrive.fr/image.ashx?id=1873546&use=l&cat=p&typeid=i","cat":284504},{"id":120870,"n":"Amande effilée Bio Village Doypack bio - 100g","p":4.99,"u":"49,90 €/KG","img":"https://fd15-photos.leclercdrive.fr/image.ashx?id=1873549&use=l&cat=p&typeid=i","cat":284504},{"id":121096,"n":"Chocolat Peluche mix Kinder Ours - 133g","p":13.99,"u":"105,19 €/KG","img":"https://fd15-photos.leclercdrive.fr/image.ashx?id=1895392&use=l&cat=p&typeid=i","cat":327789},{"id":121097,"n":"Chocolat Peluche mix Kinder Mouton - 133g","p":13.99,"u":"105,19 €/KG","img":"https://fd15-photos.leclercdrive.fr/image.ashx?id=1895389&use=l&cat=p&typeid=i","cat":327789},{"id":121098,"n":"Chocolat Peluche mix Kinder Lapin - 133g","p":13.99,"u":"105,19 €/KG","img":"https://fd15-photos.leclercdrive.fr/image.ashx?id=1895386&use=l&cat=p&typeid=i","cat":327789},{"id":121101,"n":"Chocolat Peluche mix Kinder Flamant - 133g","p":13.99,"u":"105,19 €/KG","img":"https://fd15-photos.leclercdrive.fr/image.ashx?id=1895383&use=l&cat=p&typeid=i","cat":327789},{"id":121235,"n":"Pandoro beurre La Fornareta 750g","p":9.5,"u":"12,67 €/KG","img":"https://fd15-photos.leclercdrive.fr/image.ashx?id=1879780&use=l&cat=p&typeid=i","cat":289010},{"id":121236,"n":"Compotes Materne Coupelles BIO Pomme nature - 8x100g","p":4.95,"u":"6,19 €/KG","img":"https://fd15-photos.leclercdrive.fr/image.ashx?id=2748149&use=l&cat=p&typeid=i","cat":284508},{"id":121237,"n":"Compotes Pom'Potes Gourdes  5 Fruits Rouges - 4x90g","p":4.25,"u":"11,81 €/KG","img":"https://fd15-photos.leclercdrive.fr/image.ashx?id=3010885&use=l&cat=p&typeid=i","cat":284508},{"id":121241,"n":"Pizza 5 formaggi Turini 380g","p":9.35,"u":"24,61 €/KG","img":"https://fd15-photos.leclercdrive.fr/image.ashx?id=2831598&use=l&cat=p&typeid=i","cat":333679},{"id":121262,"n":"Galette maïs Gerblé Saveur emmental poivre - 124g","p":2.99,"u":"24,11 €/KG","img":"https://fd15-photos.leclercdrive.fr/image.ashx?id=2276561&use=l&cat=p&typeid=i","cat":318651},{"id":121265,"n":"Chocolat en poudre Poulain 1848 Boîte - 450g","p":7.69,"u":"17,09 €/KG","img":"https://fd15-photos.leclercdrive.fr/image.ashx?id=2867122&use=l&cat=p&typeid=i","cat":293235},{"id":121266,"n":"Chocolat en poudre Poulain Grand Arôme: 32% cacao - 450g","p":4.45,"u":"9,89 €/KG","img":"https://fd15-photos.leclercdrive.fr/image.ashx?id=2867116&use=l&cat=p&typeid=i","cat":293235},{"id":121271,"n":"Miel l'Apiculteur crémeux  et onctueux - 1kg","p":23.15,"u":"23,15 €/KG","img":"https://fd15-photos.leclercdrive.fr/image.ashx?id=2838253&use=l&cat=p&typeid=i","cat":287643},{"id":121272,"n":"Miel d'acacia Lune de Miel 375g","p":10.75,"u":"28,67 €/KG","img":"https://fd15-photos.leclercdrive.fr/image.ashx?id=2984865&use=l&cat=p&typeid=i","cat":287643},{"id":121275,"n":"Compotes Pom'Potes Gourdes BIO  Pomme Fraise - 4x90g","p":3.49,"u":"9,69 €/KG","img":"https://fd15-photos.leclercdrive.fr/image.ashx?id=2949817&use=l&cat=p&typeid=i","cat":284508},{"id":121276,"n":"Compotes Pom'Potes Gourdes BIO  Pomme Nature - 4x90g","p":2.99,"u":"8,31 €/KG","img":"https://fd15-photos.leclercdrive.fr/image.ashx?id=2949814&use=l&cat=p&typeid=i","cat":284508},{"id":121315,"n":"Haché Happy Family Charal 20x80g - 1,6kg","p":24.89,"u":"15,56 €/KG","img":"https://fd15-photos.leclercdrive.fr/image.ashx?id=2739776&use=l&cat=p&typeid=i","cat":319778},{"id":121334,"n":"Biscuits roses de Reims Fossier 250g","p":7.0,"u":"28,00 €/KG","img":"https://fd15-photos.leclercdrive.fr/image.ashx?id=2519159&use=l&cat=p&typeid=i","cat":284487},{"id":121387,"n":"Lingettes Mots d'Enfants Toilettes bio - x60","p":3.39,"u":"0,06 €/P","img":"https://fd15-photos.leclercdrive.fr/image.ashx?id=2748729&use=l&cat=p&typeid=i","cat":284738},{"id":121388,"n":"Sacs poubelle 20L Elembal Poignées coulissantes - x20","p":2.04,"u":"0,10 €/P","img":"https://fd15-photos.leclercdrive.fr/image.ashx?id=2958753&use=l&cat=p&typeid=i","cat":285168},{"id":121391,"n":"Sauce tomate Lucien Georgelin Aux oignons et à l'ail - 300g","p":3.05,"u":"10,17 €/KG","img":"https://fd15-photos.leclercdrive.fr/image.ashx?id=2015663&use=l&cat=p&typeid=i","cat":287599},{"id":121393,"n":"Sauce tomate Lucien Georgelin  au basilic - 300g","p":3.05,"u":"10,17 €/KG","img":"https://fd15-photos.leclercdrive.fr/image.ashx?id=2015669&use=l&cat=p&typeid=i","cat":288384},{"id":121438,"n":"Sérum repulpant L'Oréal Paris Revitalift Anti-rides - 30ml","p":21.15,"u":"705,00 €/L","img":"https://fd15-photos.leclercdrive.fr/image.ashx?id=2926584&use=l&cat=p&typeid=i","cat":325345},{"id":121446,"n":"Peaches Haribo  Sachet bonbons - 250g","p":3.99,"u":"15,96 €/KG","img":"https://fd15-photos.leclercdrive.fr/image.ashx?id=2984925&use=l&cat=p&typeid=i","cat":304250},{"id":121447,"n":"Flanbolo Haribo Sachet bonbons - 200g","p":2.55,"u":"12,75 €/KG","img":"https://fd15-photos.leclercdrive.fr/image.ashx?id=2806117&use=l&cat=p&typeid=i","cat":304250},{"id":121450,"n":"Mini Chamallows Choco Haribo Sachet bonbons guimauve - 140g","p":2.89,"u":"20,64 €/KG","img":"https://fd15-photos.leclercdrive.fr/image.ashx?id=2984931&use=l&cat=p&typeid=i","cat":304250},{"id":121492,"n":"Mini shampooing voyage Nateïs Tilleul Pomme - 100ml","p":2.14,"u":"21,40 €/L","img":"https://fd15-photos.leclercdrive.fr/image.ashx?id=1905503&use=l&cat=p&typeid=i","cat":284606},{"id":121493,"n":"Gel nettoyant Syphon Javel canalisation - 1L","p":2.35,"u":"2,35 €/L","img":"https://fd15-photos.leclercdrive.fr/image.ashx?id=2917659&use=l&cat=p&typeid=i","cat":284908},{"id":121596,"n":"Cahier 96 pages 5x5 Esquisse Vert - 24x32cm Polypropylène","p":1.77,"img":"https://fd15-photos.leclercdrive.fr/image.ashx?id=1931772&use=l&cat=p&typeid=i","cat":284697},{"id":121699,"n":"Farine semi-complète Bio Bio Village - 1kg","p":1.94,"u":"1,94 €/KG","img":"https://fd15-photos.leclercdrive.fr/image.ashx?id=2460045&use=l&cat=p&typeid=i","cat":284503},{"id":121707,"n":"Sauce bolognaise pur boeuf Panzani - 200g","p":2.19,"u":"10,95 €/KG","img":"https://fd15-photos.leclercdrive.fr/image.ashx?id=2880682&use=l&cat=p&typeid=i","cat":287599},{"id":121739,"n":"Lentilles cuisinées Raynal Et Roquelaure - 2x200g","p":3.85,"u":"9,63 €/KG","img":"https://fd15-photos.leclercdrive.fr/image.ashx?id=2928381&use=l&cat=p&typeid=i","cat":312609},{"id":121755,"n":"Dinosaure goût Ketchup 125g","p":1.45,"u":"11,60 €/KG","img":"https://fd15-photos.leclercdrive.fr/image.ashx?id=1879194&use=l&cat=p&typeid=i","cat":284449},{"id":121777,"n":"Noix de cajou Tokapi Miel & sel - 125g","p":2.15,"u":"17,20 €/KG","img":"https://fd15-photos.leclercdrive.fr/image.ashx?id=2793899&use=l&cat=p&typeid=i","cat":284448},{"id":121840,"n":"Mini Involtini Speck 110g","p":6.29,"u":"57,18 €/KG","img":"https://fd15-photos.leclercdrive.fr/image.ashx?id=1898032&use=l&cat=p&typeid=i","cat":316002},{"id":121864,"n":"Thé Earl Grey Yaté x25- 45g","p":1.59,"u":"35,33 €/KG","img":"https://fd15-photos.leclercdrive.fr/image.ashx?id=2684748&use=l&cat=p&typeid=i","cat":293233},{"id":121878,"n":"Pâté aux pruneaux d'Agen Nos Régions Ont Du Talent -180g","p":3.2,"u":"17,78 €/KG","img":"https://fd15-photos.leclercdrive.fr/image.ashx?id=2560518&use=l&cat=p&typeid=i","cat":305149},{"id":121992,"n":"Secret de mousse La laitière Chocolat Lait et Blanc - 4x59 g","p":3.76,"u":"15,93 €/KG","img":"https://fd15-photos.leclercdrive.fr/image.ashx?id=2729782&use=l&cat=p&typeid=i","cat":284417},{"id":121993,"n":"Cachuètes grillées Bio Village Salées bio - 100g","p":1.42,"u":"14,20 €/KG","img":"https://fd15-photos.leclercdrive.fr/image.ashx?id=2469061&use=l&cat=p&typeid=i","cat":284448},{"id":122035,"n":"Vinaigre de ménage 14° Briochin Ecocert - 1L","p":5.65,"u":"5,65 €/L","img":"https://fd15-photos.leclercdrive.fr/image.ashx?id=3000734&use=l&cat=p&typeid=i","cat":325365},{"id":122065,"n":"Biscuit pépite Nat&Vie Chocolat au lait - 200g","p":2.29,"u":"11,45 €/KG","img":"https://fd15-photos.leclercdrive.fr/image.ashx?id=1879927&use=l&cat=p&typeid=i","cat":318651},{"id":122074,"n":"Biscuit pavot Nat&Vie Citron - 200g","p":2.3,"u":"11,50 €/KG","img":"https://fd15-photos.leclercdrive.fr/image.ashx?id=1879930&use=l&cat=p&typeid=i","cat":318651},{"id":122089,"n":"Mini lunettes bio Bio Village  Fraise - 156g","p":3.3,"u":"21,15 €/KG","img":"https://fd15-photos.leclercdrive.fr/image.ashx?id=2353381&use=l&cat=p&typeid=i","cat":284489},{"id":122092,"n":"Goûter bio Bio Village Fourrage cacao - 185g","p":3.05,"u":"16,49 €/KG","img":"https://fd15-photos.leclercdrive.fr/image.ashx?id=1879942&use=l&cat=p&typeid=i","cat":284488},{"id":122094,"n":"Barre bio Bio village Chocolat coeur au lait - 125g","p":3.59,"u":"28,72 €/KG","img":"https://fd15-photos.leclercdrive.fr/image.ashx?id=2176095&use=l&cat=p&typeid=i","cat":284488},{"id":122102,"n":"Noix de coco bio Bio Village En poudre - 100g","p":1.39,"u":"13,90 €/KG","img":"https://fd15-photos.leclercdrive.fr/image.ashx?id=1879994&use=l&cat=p&typeid=i","cat":284504},{"id":122225,"n":"Tortillas Chips bio Bio Village Chili - 150g","p":2.89,"u":"19,27 €/KG","img":"https://fd15-photos.leclercdrive.fr/image.ashx?id=2647964&use=l&cat=p&typeid=i","cat":287899},{"id":122230,"n":"Jambon supérieur Bio Village Découenné 2 Tranches bio - 70g","p":3.74,"u":"53,43 €/KG","img":"https://fd15-photos.leclercdrive.fr/image.ashx?id=2275400&use=l&cat=p&typeid=i","cat":316009},{"id":122231,"n":"Jambon supérieur Bio Village découenné 4 Tranches bio - 140g","p":6.5,"u":"46,43 €/KG","img":"https://fd15-photos.leclercdrive.fr/image.ashx?id=1959610&use=l&cat=p&typeid=i","cat":316009},{"id":122254,"n":"Verrines St-Jacques carottes Pommes fondantes x4 - 160g","p":5.79,"u":"36,19 €/KG","img":"https://fd15-photos.leclercdrive.fr/image.ashx?id=2504728&use=l&cat=p&typeid=i","cat":327280},{"id":122347,"n":"Lait Primea 2 Bio Babybio 800g","p":20.25,"u":"25,31 €/KG","img":"https://fd15-photos.leclercdrive.fr/image.ashx?id=2962824&use=l&cat=p&typeid=i","cat":284727},{"id":122415,"n":"AOP Côtes du Rhône Villages St Antoine Plan de Dieu 75cl","p":11.7,"u":"15,60 €/L","img":"https://fd15-photos.leclercdrive.fr/image.ashx?id=2432610&use=l&cat=p&typeid=i","cat":289556},{"id":122420,"n":"Skyr Siggi's  Vanille - 2x140g","p":3.3,"u":"11,79 €/KG","img":"https://fd15-photos.leclercdrive.fr/image.ashx?id=2646119&use=l&cat=p&typeid=i","cat":315000},{"id":122433,"n":"Allumettes Bio Village bio Fumées - 2x60g","p":2.75,"u":"22,92 €/KG","img":"https://fd15-photos.leclercdrive.fr/image.ashx?id=2747679&use=l&cat=p&typeid=i","cat":316011},{"id":122434,"n":"Allumettes nature Bio Village bio 2x60g","p":3.22,"u":"26,83 €/KG","img":"https://fd15-photos.leclercdrive.fr/image.ashx?id=2728294&use=l&cat=p&typeid=i","cat":316011},{"id":122435,"n":"Lardons supérieurs Bio Village bio Fumés - 2x60g","p":3.1,"u":"25,83 €/KG","img":"https://fd15-photos.leclercdrive.fr/image.ashx?id=2761983&use=l&cat=p&typeid=i","cat":316011},{"id":122486,"n":"Thon blanc entier Pêche Océan MSC - 160g","p":3.51,"u":"21,94 €/KG","img":"https://fd15-photos.leclercdrive.fr/image.ashx?id=2942229&use=l&cat=p&typeid=i","cat":303867},{"id":122487,"n":"Macédoine Bio Village Bio - 215g","p":2.19,"u":"10,19 €/KG","img":"https://fd15-photos.leclercdrive.fr/image.ashx?id=1885935&use=l&cat=p&typeid=i","cat":312612},{"id":122528,"n":"Skyr Siggi's  Framboise - 2x140g","p":3.79,"u":"13,54 €/KG","img":"https://fd15-photos.leclercdrive.fr/image.ashx?id=2692095&use=l&cat=p&typeid=i","cat":315000},{"id":122529,"n":"Skyr Siggi's  Myrtille - 2x140g","p":3.9,"u":"13,93 €/KG","img":"https://fd15-photos.leclercdrive.fr/image.ashx?id=2692098&use=l&cat=p&typeid=i","cat":315000},{"id":122554,"n":"Fromage blanc Bio Vrai Chèvre - 400g","p":4.29,"u":"10,73 €/KG","img":"https://fd15-photos.leclercdrive.fr/image.ashx?id=2388616&use=l&cat=p&typeid=i","cat":314998},{"id":122556,"n":"Yaourt chèvre nature Vrai Bio - 4x120g","p":4.85,"u":"10,10 €/KG","img":"https://fd15-photos.leclercdrive.fr/image.ashx?id=2397352&use=l&cat=p&typeid=i","cat":314998},{"id":122572,"n":"Boisson gazeuse Freez Mix Ananas Coco 6x275ML (1.65L)","p":8.45,"u":"5,12 €/L","img":"https://fd15-photos.leclercdrive.fr/image.ashx?id=1903505&use=l&cat=p&typeid=i","cat":284532},{"id":122573,"n":"Boisson gazeuse Freez Mix Blue Hawai - 6x275ml","p":8.45,"u":"5,12 €/L","img":"https://fd15-photos.leclercdrive.fr/image.ashx?id=1892324&use=l&cat=p&typeid=i","cat":284532},{"id":122577,"n":"Boisson gazeuse Freez Mix Grenadine - 6x275ml","p":8.45,"u":"5,12 €/L","img":"https://fd15-photos.leclercdrive.fr/image.ashx?id=1892318&use=l&cat=p&typeid=i","cat":284532},{"id":122580,"n":"Boisson gazeuse Freez Mix Mangue - 6x275ml","p":8.45,"u":"5,12 €/L","img":"https://fd15-photos.leclercdrive.fr/image.ashx?id=1892327&use=l&cat=p&typeid=i","cat":284532},{"id":122640,"n":"Fish & chips Colin d'Alaska 800 g","p":12.99,"u":"16,24 €/KG","img":"https://fd15-photos.leclercdrive.fr/image.ashx?id=2187187&use=l&cat=p&typeid=i","cat":319788},{"id":122676,"n":"Dentifrice Email Diamant Le Charbon - 75ml","p":5.74,"u":"76,53 €/L","img":"https://fd15-photos.leclercdrive.fr/image.ashx?id=2975960&use=l&cat=p&typeid=i","cat":284612},{"id":122733,"n":"Gourdes Les p'tits toqués Vanille - 4x80g","p":4.7,"u":"14,69 €/KG","img":"https://fd15-photos.leclercdrive.fr/image.ashx?id=2289102&use=l&cat=p&typeid=i","cat":284414},{"id":122735,"n":"Gourdes Yabon Les p'tits toqués Fraise - 4x80g","p":5.55,"u":"17,34 €/KG","img":"https://fd15-photos.leclercdrive.fr/image.ashx?id=1886160&use=l&cat=p&typeid=i","cat":284414},{"id":122736,"n":"Gourdes Les p'tits toqués Pêche - 4x80g","p":5.75,"u":"17,97 €/KG","img":"https://fd15-photos.leclercdrive.fr/image.ashx?id=1886163&use=l&cat=p&typeid=i","cat":284414},{"id":122790,"n":"Chips Tuiles Pringles Hot Spicy - 175g","p":3.18,"u":"18,17 €/KG","img":"https://fd15-photos.leclercdrive.fr/image.ashx?id=2902295&use=l&cat=p&typeid=i","cat":287899},{"id":122792,"n":"Chips Tuiles Pringles Crème et Oignon - 175g","p":3.77,"u":"21,54 €/KG","img":"https://fd15-photos.leclercdrive.fr/image.ashx?id=2902292&use=l&cat=p&typeid=i","cat":287899},{"id":122798,"n":"Olives noires Tokapi Grec/herbes provençales - 200g","p":2.55,"u":"12,75 €/KG","img":"https://fd15-photos.leclercdrive.fr/image.ashx?id=1885863&use=l&cat=p&typeid=i","cat":284450},{"id":122808,"n":"Jeune pousse Panier du Primeur 125g","p":2.99,"u":"23,92 €/KG","img":"https://fd15-photos.leclercdrive.fr/image.ashx?id=2616060&use=l&cat=p&typeid=i","cat":284353},{"id":122809,"n":"Roquette Panier du Primeur 125g","p":2.99,"u":"23,92 €/KG","img":"https://fd15-photos.leclercdrive.fr/image.ashx?id=2616066&use=l&cat=p&typeid=i","cat":284353},{"id":122825,"n":"Sauce au poivre Rustica 245g","p":1.99,"u":"8,12 €/KG","img":"https://fd15-photos.leclercdrive.fr/image.ashx?id=2558829&use=l&cat=p&typeid=i","cat":318431},{"id":122837,"n":"Oranges 1kg","p":3.99,"u":"3,99 €/KG","img":"https://fd15-photos.leclercdrive.fr/image.ashx?id=1629624&use=l&cat=p&typeid=i","cat":284356},{"id":122895,"n":"Chips Tuiles Pringles Original - 175g","p":3.79,"u":"21,66 €/KG","img":"https://fd15-photos.leclercdrive.fr/image.ashx?id=2902298&use=l&cat=p&typeid=i","cat":287899},{"id":122899,"n":"Rasoirs jetables Gillette Blue 3 - x8","p":10.2,"u":"1,28 €/P","img":"https://fd15-photos.leclercdrive.fr/image.ashx?id=2901139&use=l&cat=p&typeid=i","cat":284616},{"id":122903,"n":"Chlore permanent 5kg","p":49.95,"u":"9,99 €/KG","img":"https://fd15-photos.leclercdrive.fr/image.ashx?id=1919420&use=l&cat=p&typeid=i","cat":335918},{"id":122905,"n":"Shampooing antipelliculaire Vitanove cheveux normaux -250ml","p":2.11,"u":"8,44 €/L","img":"https://fd15-photos.leclercdrive.fr/image.ashx?id=2949212&use=l&cat=p&typeid=i","cat":284606},{"id":122911,"n":"Chlore choc Granulés - 5kg","p":39.53,"u":"7,91 €/KG","img":"https://fd15-photos.leclercdrive.fr/image.ashx?id=1919438&use=l&cat=p&typeid=i","cat":335918},{"id":122913,"n":"Poudre PH moins 5kg","p":10.61,"u":"2,12 €/KG","img":"https://fd15-photos.leclercdrive.fr/image.ashx?id=1919432&use=l&cat=p&typeid=i","cat":335918},{"id":122928,"n":"Sauce apéritif Old El Paso Mexicanita medium - 335g","p":3.68,"u":"10,99 €/KG","img":"https://fd15-photos.leclercdrive.fr/image.ashx?id=2737609&use=l&cat=p&typeid=i","cat":288993},{"id":122931,"n":"Kit Fajita Old El Paso sans gluten doux - 462g","p":8.35,"u":"18,07 €/KG","img":"https://fd15-photos.leclercdrive.fr/image.ashx?id=2759508&use=l&cat=p&typeid=i","cat":288993},{"id":122965,"n":"Moutarde curry Clovis 200g","p":4.36,"u":"21,80 €/KG","img":"https://fd15-photos.leclercdrive.fr/image.ashx?id=2986179&use=l&cat=p&typeid=i","cat":288850},{"id":122973,"n":"Jambon de Paris Tradilège Découenné - 2 tranches - 80g","p":1.72,"u":"21,50 €/KG","img":"https://fd15-photos.leclercdrive.fr/image.ashx?id=2404175&use=l&cat=p&typeid=i","cat":316009},{"id":123025,"n":"Lait demi-écrémé UHT Lactel Slim bons matins - 8x1L","p":7.99,"u":"1,00 €/L","img":"https://fd15-photos.leclercdrive.fr/image.ashx?id=1888041&use=l&cat=p&typeid=i","cat":284377},{"id":123029,"n":"Poisson pané Colin Findus Extra croustillant - x2 250g","p":4.35,"u":"17,40 €/KG","img":"https://fd15-photos.leclercdrive.fr/image.ashx?id=3014548&use=l&cat=p&typeid=i","cat":319788},{"id":123062,"n":"Jambon de Paris Tradilège A l'étouffé - 160g","p":2.45,"u":"15,31 €/KG","img":"https://fd15-photos.leclercdrive.fr/image.ashx?id=2951143&use=l&cat=p&typeid=i","cat":316009},{"id":123063,"n":"Jambon de Paris Tradilège Découenné dégraissé x6 - 240g","p":4.05,"u":"16,88 €/KG","img":"https://fd15-photos.leclercdrive.fr/image.ashx?id=2951146&use=l&cat=p&typeid=i","cat":316009},{"id":123065,"n":"Jambon de Paris Tradilège À l'étouffée x8 - 320g","p":4.97,"u":"15,53 €/KG","img":"https://fd15-photos.leclercdrive.fr/image.ashx?id=2404184&use=l&cat=p&typeid=i","cat":316009},{"id":123067,"n":"Jambon de Paris Tradilège Découenné dégraissé x10 - 400g","p":6.34,"u":"15,85 €/KG","img":"https://fd15-photos.leclercdrive.fr/image.ashx?id=2930787&use=l&cat=p&typeid=i","cat":316009},{"id":123069,"n":"Jambon de Paris Tradilège -25% de sel - 2 tranches - 70g","p":1.91,"u":"27,29 €/KG","img":"https://fd15-photos.leclercdrive.fr/image.ashx?id=2208606&use=l&cat=p&typeid=i","cat":316009},{"id":123070,"n":"Jambon de Paris Tradilège -25% de sel - 4 tranches - 140g","p":3.13,"u":"22,36 €/KG","img":"https://fd15-photos.leclercdrive.fr/image.ashx?id=2208609&use=l&cat=p&typeid=i","cat":316009},{"id":123071,"n":"Jambon de Paris Tradilège -25% de sel - 6 tranches - 210g","p":4.65,"u":"22,14 €/KG","img":"https://fd15-photos.leclercdrive.fr/image.ashx?id=2208612&use=l&cat=p&typeid=i","cat":316009},{"id":123073,"n":"Jambon supérieur Tradilège Découenné - 2 tranches - 80g","p":2.01,"u":"25,13 €/KG","img":"https://fd15-photos.leclercdrive.fr/image.ashx?id=2943689&use=l&cat=p&typeid=i","cat":316009},{"id":123074,"n":"Jambon supérieur Tradilège Découenné dégraissé x4 - 160g","p":3.49,"u":"21,81 €/KG","img":"https://fd15-photos.leclercdrive.fr/image.ashx?id=1914324&use=l&cat=p&typeid=i","cat":316009},{"id":123076,"n":"Jambon supérieur Tradilège Découenné dégraissé x6 - 240g","p":5.14,"u":"21,42 €/KG","img":"https://fd15-photos.leclercdrive.fr/image.ashx?id=1914327&use=l&cat=p&typeid=i","cat":316009},{"id":123090,"n":"Essuie-tout Foxy Tornado 3 épaisseurs - 1 bobine","p":4.7,"img":"https://fd15-photos.leclercdrive.fr/image.ashx?id=1890004&use=l&cat=p&typeid=i","cat":284635},{"id":123103,"n":"Jambon supérieur Tradilège Sans couenne x8 - 320g","p":6.85,"u":"21,41 €/KG","img":"https://fd15-photos.leclercdrive.fr/image.ashx?id=2943692&use=l&cat=p&typeid=i","cat":316009},{"id":123105,"n":"Jambon supérieur Tradilège Avec couenne 4 tranches - 160g","p":3.36,"u":"21,00 €/KG","img":"https://fd15-photos.leclercdrive.fr/image.ashx?id=2925756&use=l&cat=p&typeid=i","cat":316009},{"id":123106,"n":"Jambon supérieur Tradilège Avec couenne 6 tranches - 240g","p":4.77,"u":"19,88 €/KG","img":"https://fd15-photos.leclercdrive.fr/image.ashx?id=2404193&use=l&cat=p&typeid=i","cat":316009},{"id":123107,"n":"Jambon supérieur Tradilège Avec couenne 8 tranches - 320g","p":6.35,"u":"19,84 €/KG","img":"https://fd15-photos.leclercdrive.fr/image.ashx?id=1914339&use=l&cat=p&typeid=i","cat":316009},{"id":123110,"n":"Jambon supérieur Tradilège Avec couenne -2 tranches - 80g","p":2.02,"u":"25,25 €/KG","img":"https://fd15-photos.leclercdrive.fr/image.ashx?id=2943695&use=l&cat=p&typeid=i","cat":316009},{"id":123121,"n":"Oeufs Marque rèpere De Nos Régions - x20","p":6.99,"u":"0,35 €/P","img":"https://fd15-photos.leclercdrive.fr/image.ashx?id=2969800&use=l&cat=p&typeid=i","cat":284378},{"id":123183,"n":"IGP Terres du Midi rosé Listel Cuvée St Louis - 75cl","p":7.95,"u":"10,60 €/L","img":"https://fd15-photos.leclercdrive.fr/image.ashx?id=2630382&use=l&cat=p&typeid=i","cat":289558},{"id":123186,"n":"IGP Pays d'Oc blancChardonnay Côtes des Roses -75cl","p":13.85,"u":"18,47 €/L","img":"https://fd15-photos.leclercdrive.fr/image.ashx?id=2981578&use=l&cat=p&typeid=i","cat":289557},{"id":123249,"n":"Thé blanc bio Clipper Framboise - 34g","p":4.59,"u":"135,00 €/KG","img":"https://fd15-photos.leclercdrive.fr/image.ashx?id=2906757&use=l&cat=p&typeid=i","cat":293233},{"id":123257,"n":"Capsules café Plantation Lungo forte n°7 - x16 - 105g","p":5.79,"u":"55,14 €/KG","img":"https://fd15-photos.leclercdrive.fr/image.ashx?id=2649744&use=l&cat=p&typeid=i","cat":293239},{"id":123310,"n":"Pâtes Barilla Capellini - 1kg","p":2.63,"u":"2,63 €/KG","img":"https://fd15-photos.leclercdrive.fr/image.ashx?id=2986948&use=l&cat=p&typeid=i","cat":284427},{"id":123319,"n":"Spaghettini N°3 Barilla Qualité Supérieure - 500g","p":1.67,"u":"3,34 €/KG","img":"https://fd15-photos.leclercdrive.fr/image.ashx?id=2392197&use=l&cat=p&typeid=i","cat":284427},{"id":123340,"n":"IGP Pays d'Oc Vin rosé Lyv 12% vol - 75cl","p":10.91,"u":"14,55 €/L","img":"https://fd15-photos.leclercdrive.fr/image.ashx?id=2418819&use=l&cat=p&typeid=i","cat":289558},{"id":123371,"n":"Déboucheur Syphon Spécial cheveux - 1L","p":2.36,"u":"2,36 €/L","img":"https://fd15-photos.leclercdrive.fr/image.ashx?id=2202473&use=l&cat=p&typeid=i","cat":284908},{"id":123373,"n":"Soin visage Carré Homme et barbe de 3 jours - 50ml","p":5.5,"u":"110,00 €/L","img":"https://fd15-photos.leclercdrive.fr/image.ashx?id=2489206&use=l&cat=p&typeid=i","cat":284622},{"id":123384,"n":"Salade croquante Notre Jardin 250g","p":2.99,"u":"11,96 €/KG","img":"https://fd15-photos.leclercdrive.fr/image.ashx?id=2693318&use=l&cat=p&typeid=i","cat":284353},{"id":123393,"n":"Bière sans alcool Tourtel Twist Agrume 0,0° - 6x27,5cl","p":7.55,"u":"4,58 €/L","img":"https://fd15-photos.leclercdrive.fr/image.ashx?id=2730736&use=l&cat=p&typeid=i","cat":334877},{"id":123397,"n":"Bière sans alcool Tourtel Twist Framboise 0,0° - 6x27,5cl","p":7.55,"u":"4,58 €/L","img":"https://fd15-photos.leclercdrive.fr/image.ashx?id=2886705&use=l&cat=p&typeid=i","cat":334877},{"id":123410,"n":"Cassoulet Stéphan - 840g","p":3.96,"u":"4,71 €/KG","img":"https://fd15-photos.leclercdrive.fr/image.ashx?id=2757307&use=l&cat=p&typeid=i","cat":284440},{"id":123411,"n":"Saucisses lentilles Stéphan - 420g","p":2.5,"u":"5,95 €/KG","img":"https://fd15-photos.leclercdrive.fr/image.ashx?id=2757036&use=l&cat=p&typeid=i","cat":284441},{"id":123413,"n":"Saucisse cocktail Stephan Nature - 200g","p":3.4,"u":"17,00 €/KG","img":"https://fd15-photos.leclercdrive.fr/image.ashx?id=2767549&use=l&cat=p&typeid=i","cat":284450},{"id":123426,"n":"Sangria François d'Aubigne 7% vol - 1.5 L","p":3.7,"u":"2,47 €/L","img":"https://fd15-photos.leclercdrive.fr/image.ashx?id=2450300&use=l&cat=p&typeid=i","cat":286032},{"id":123432,"n":"Crème lavante L'arbre Vert Recharge - Amande douche -300ml","p":2.3,"u":"7,67 €/L","img":"https://fd15-photos.leclercdrive.fr/image.ashx?id=2886115&use=l&cat=p&typeid=i","cat":284597},{"id":123434,"n":"Soda Schweppes Indian Tonic Zero - 6x33cl","p":7.49,"u":"3,78 €/L","img":"https://fd15-photos.leclercdrive.fr/image.ashx?id=2852420&use=l&cat=p&typeid=i","cat":284531},{"id":123436,"n":"Boisson fruit shoot Teisseire Tropical - 6x20cl","p":3.79,"u":"3,16 €/L","img":"https://fd15-photos.leclercdrive.fr/image.ashx?id=2858204&use=l&cat=p&typeid=i","cat":295018},{"id":123437,"n":"Boisson Fruit shoot Teisseire Multivamine - 6x20cl","p":3.79,"u":"3,16 €/L","img":"https://fd15-photos.leclercdrive.fr/image.ashx?id=2858201&use=l&cat=p&typeid=i","cat":295018},{"id":123441,"n":"Mascara Maybelline  Colossal Go volume extrême Noir","p":12.05,"u":"523,91 €/L","img":"https://fd15-photos.leclercdrive.fr/image.ashx?id=2344162&use=l&cat=p&typeid=i","cat":287029},{"id":123453,"n":"Boisson lactée Candy'Up Chocolat - 4x50cl","p":7.29,"u":"3,65 €/L","img":"https://fd15-photos.leclercdrive.fr/image.ashx?id=2851063&use=l&cat=p&typeid=i","cat":295246},{"id":123461,"n":"Barre Chocolatée KINDER Country  Céréales chocolat x4 - 94g","p":2.99,"u":"31,81 €/KG","img":"https://fd15-photos.leclercdrive.fr/image.ashx?id=2672605&use=l&cat=p&typeid=i","cat":284498},{"id":123486,"n":"Pâtes Coquillage Panzani Créatives - 500G","p":1.79,"u":"3,58 €/KG","img":"https://fd15-photos.leclercdrive.fr/image.ashx?id=2902939&use=l&cat=p&typeid=i","cat":284427},{"id":123491,"n":"Crêpe fourrée Whaou Chocolat - x8 - 256g","p":5.55,"u":"21,68 €/KG","img":"https://fd15-photos.leclercdrive.fr/image.ashx?id=2962863&use=l&cat=p&typeid=i","cat":284494},{"id":123520,"n":"Ventilateur table SDF-23J Eco + 23W - 2 vitesses - 1 pièce","p":19.85,"img":"https://fd15-photos.leclercdrive.fr/image.ashx?id=1923613&use=l&cat=p&typeid=i","cat":298489},{"id":123523,"n":"Tubes Copains Copines Arc-en-ciel - 200g","p":1.99,"u":"9,95 €/KG","img":"https://fd15-photos.leclercdrive.fr/image.ashx?id=2589864&use=l&cat=p&typeid=i","cat":304250},{"id":123528,"n":"Soucoupes Copains Copines Acides - 39g","p":1.28,"u":"32,82 €/KG","img":"https://fd15-photos.leclercdrive.fr/image.ashx?id=1891237&use=l&cat=p&typeid=i","cat":304250},{"id":123530,"n":"Marshmallows Copains Copines Enrobés chocolat - 160g","p":2.39,"u":"14,94 €/KG","img":"https://fd15-photos.leclercdrive.fr/image.ashx?id=1891243&use=l&cat=p&typeid=i","cat":304250},{"id":123536,"n":"Eau gazeuse aromatisée Salvetat citron vert - 1,15L","p":1.59,"u":"1,38 €/L","img":"https://fd15-photos.leclercdrive.fr/image.ashx?id=2259475&use=l&cat=p&typeid=i","cat":284536},{"id":123538,"n":"Eau gazeuse aromatisée Salvetat clementine  - 1,15L","p":1.3,"u":"1,13 €/L","img":"https://fd15-photos.leclercdrive.fr/image.ashx?id=2259478&use=l&cat=p&typeid=i","cat":284537},{"id":123557,"n":"Kiwi Panier du Primeur Filière Mûrs à point - x6","p":5.25,"u":"0,88 €/P","img":"https://fd15-photos.leclercdrive.fr/image.ashx?id=2955047&use=l&cat=p&typeid=i","cat":284356},{"id":123603,"n":"Kit Distributeur Savon Mains Dettol Citron 250ml","p":11.8,"u":"47,20 €/L","img":"https://fd15-photos.leclercdrive.fr/image.ashx?id=2975134&use=l&cat=p&typeid=i","cat":284597},{"id":123606,"n":"Lessive liquide blanc Epsil 25 lavages - 1.25L","p":4.57,"u":"3,66 €/L","img":"https://fd15-photos.leclercdrive.fr/image.ashx?id=2838933&use=l&cat=p&typeid=i","cat":284640},{"id":123687,"n":"Lait de croissance Bio BabyBio 6x1L","p":18.85,"u":"3,14 €/L","img":"https://fd15-photos.leclercdrive.fr/image.ashx?id=2953875&use=l&cat=p&typeid=i","cat":284728},{"id":123688,"n":"Lait croissance Bio Babybio 6x25cl","p":8.19,"u":"5,46 €/L","img":"https://fd15-photos.leclercdrive.fr/image.ashx?id=2621390&use=l&cat=p&typeid=i","cat":284728},{"id":123693,"n":"Pâtes Eco+ Vermicelles - 1kg","p":1.84,"u":"1,84 €/KG","img":"https://fd15-photos.leclercdrive.fr/image.ashx?id=2949400&use=l&cat=p&typeid=i","cat":284427},{"id":123695,"n":"Lait Primea 1 Bio BabyBio 800g","p":20.25,"u":"25,31 €/KG","img":"https://fd15-photos.leclercdrive.fr/image.ashx?id=2911327&use=l&cat=p&typeid=i","cat":284726},{"id":123707,"n":"Sauce big burger tube Colona 500ml","p":2.85,"u":"5,70 €/L","img":"https://fd15-photos.leclercdrive.fr/image.ashx?id=2687188&use=l&cat=p&typeid=i","cat":318431},{"id":123710,"n":"Tomato Ketchup Zéro Heinz sans sucre ni sel - 425g","p":3.22,"u":"7,58 €/KG","img":"https://fd15-photos.leclercdrive.fr/image.ashx?id=2927723&use=l&cat=p&typeid=i","cat":284455},{"id":123717,"n":"Maqueraux Petit Navire Le Grillé - 110g","p":3.4,"u":"30,91 €/KG","img":"https://fd15-photos.leclercdrive.fr/image.ashx?id=2989066&use=l&cat=p&typeid=i","cat":303868},{"id":123878,"n":"Crevettes Pic Nic Eco+ 121g","p":4.35,"u":"35,95 €/KG","img":"https://fd15-photos.leclercdrive.fr/image.ashx?id=2148795&use=l&cat=p&typeid=i","cat":305147},{"id":123883,"n":"Thon Alba Connetable Naturel Label Rouge - 112g","p":3.9,"u":"34,82 €/KG","img":"https://fd15-photos.leclercdrive.fr/image.ashx?id=2674128&use=l&cat=p&typeid=i","cat":303867},{"id":123898,"n":"Tablette gourmande Poulain Chocolat au lait - 100g","p":3.25,"u":"32,50 €/KG","img":"https://fd15-photos.leclercdrive.fr/image.ashx?id=2867128&use=l&cat=p&typeid=i","cat":284497},{"id":123901,"n":"Cinzano rosso 14% - 1L","p":9.99,"u":"9,99 €/L","img":"https://fd15-photos.leclercdrive.fr/image.ashx?id=2553593&use=l&cat=p&typeid=i","cat":284913},{"id":123924,"n":"Barres choco caram biscuit 348g","p":3.45,"u":"9,91 €/KG","img":"https://fd15-photos.leclercdrive.fr/image.ashx?id=2739721&use=l&cat=p&typeid=i","cat":284498},{"id":123960,"n":"Bière sans alcool Desperados Virgin - Agrumes 3x33cl","p":6.65,"u":"6,72 €/L","img":"https://fd15-photos.leclercdrive.fr/image.ashx?id=2977966&use=l&cat=p&typeid=i","cat":334877},{"id":124035,"n":"Jus de raisin ABC Eco+ 1L","p":1.99,"u":"1,99 €/L","img":"https://fd15-photos.leclercdrive.fr/image.ashx?id=2802275&use=l&cat=p&typeid=i","cat":284915},{"id":124047,"n":"Pilchards hareng Petit Pierre Tomate huile - 367g","p":3.39,"u":"9,24 €/KG","img":"https://fd15-photos.leclercdrive.fr/image.ashx?id=3004408&use=l&cat=p&typeid=i","cat":305147},{"id":124052,"n":"Nouilles de riz Table du monde 250g","p":2.55,"u":"10,20 €/KG","img":"https://fd15-photos.leclercdrive.fr/image.ashx?id=2679780&use=l&cat=p&typeid=i","cat":288992},{"id":124140,"n":"Saumon fumé Labeyrie Norvège - x4 - 130g","p":10.9,"u":"83,85 €/KG","img":"https://fd15-photos.leclercdrive.fr/image.ashx?id=2729896&use=l&cat=p&typeid=i","cat":285188},{"id":124226,"n":"AOP Bordeaux rosé Château Labatut Rosé - 75cl","p":7.49,"u":"9,99 €/L","img":"https://fd15-photos.leclercdrive.fr/image.ashx?id=2921283&use=l&cat=p&typeid=i","cat":289558},{"id":124253,"n":"Le Champignon Entier Bonduelle Sans Sulfite, Sans Additif 230g","p":2.6,"u":"11,30 €/KG","img":"https://fd15-photos.leclercdrive.fr/image.ashx?id=2979638&use=l&cat=p&typeid=i","cat":312610},{"id":124271,"n":"Morceaux de thon Eco+ A l'huile de tournesol - 130g","p":2.45,"u":"18,85 €/KG","img":"https://fd15-photos.leclercdrive.fr/image.ashx?id=2678529&use=l&cat=p&typeid=i","cat":303867},{"id":124272,"n":"Thon nature entier Saupiquet MSC - 140g","p":3.49,"u":"24,93 €/KG","img":"https://fd15-photos.leclercdrive.fr/image.ashx?id=2731540&use=l&cat=p&typeid=i","cat":303867},{"id":124285,"n":"Gin original Bombay 40%vol - 70cl","p":18.55,"u":"26,50 €/L","img":"https://fd15-photos.leclercdrive.fr/image.ashx?id=1897276&use=l&cat=p&typeid=i","cat":284550},{"id":124370,"n":"Carotte  1KG","p":1.25,"u":"1,25 €/KG","img":"https://fd15-photos.leclercdrive.fr/image.ashx?id=1631985&use=l&cat=p&typeid=i","cat":284352},{"id":124371,"n":"Crème semi-épaisse UHT 18% mg - 3x20cl","p":4.05,"u":"6,75 €/L","img":"https://fd15-photos.leclercdrive.fr/image.ashx?id=2506020&use=l&cat=p&typeid=i","cat":284381},{"id":124374,"n":"Eau aromatisée Volvic bio Pamplemousse romarin - 75cl","p":2.5,"u":"3,33 €/L","img":"https://fd15-photos.leclercdrive.fr/image.ashx?id=2462514&use=l&cat=p&typeid=i","cat":284537},{"id":124375,"n":"Eau infusée Bio Volvic Concombre menthe - 75cl","p":3.2,"u":"4,27 €/L","img":"https://fd15-photos.leclercdrive.fr/image.ashx?id=2462517&use=l&cat=p&typeid=i","cat":284537},{"id":124466,"n":"AOC Crémant d'Alsace brut Bio Rebmann - 75cl","p":11.89,"u":"15,85 €/L","img":"https://fd15-photos.leclercdrive.fr/image.ashx?id=2931944&use=l&cat=p&typeid=i","cat":284545},{"id":124467,"n":"AOC Vin blanc Monbazillac Bio Terrasses d'Autan - 75cl","p":15.35,"u":"20,47 €/L","img":"https://fd15-photos.leclercdrive.fr/image.ashx?id=2380213&use=l&cat=p&typeid=i","cat":289557},{"id":124473,"n":"Cabillaud MSC citron Côté Table Riz - 290g","p":6.44,"u":"22,21 €/KG","img":"https://fd15-photos.leclercdrive.fr/image.ashx?id=2638539&use=l&cat=p&typeid=i","cat":333665},{"id":124478,"n":"IGP Méditérranée rosé Les Calandières - 75cl","p":5.65,"u":"7,53 €/L","img":"https://fd15-photos.leclercdrive.fr/image.ashx?id=2996608&use=l&cat=p&typeid=i","cat":289558},{"id":124480,"n":"Lait Sans Lactose Candia  Bouteille 1% MG - 8x1L","p":14.89,"u":"1,86 €/L","img":"https://fd15-photos.leclercdrive.fr/image.ashx?id=2428426&use=l&cat=p&typeid=i","cat":317169},{"id":124496,"n":"Crème glacée Ben & Jerry's Choco Fudge Brownie - 408g","p":6.1,"u":"14,95 €/KG","img":"https://fd15-photos.leclercdrive.fr/image.ashx?id=2738050&use=l&cat=p&typeid=i","cat":284725},{"id":124499,"n":"Glace en Pot BEN & JERRY'S Vanilla Pecan Blondie - 465ml","p":6.1,"u":"14,73 €/KG","img":"https://fd15-photos.leclercdrive.fr/image.ashx?id=2832548&use=l&cat=p&typeid=i","cat":284725},{"id":124500,"n":"Crème glacée Ben & Jerry's Peanut butter - 425g","p":5.95,"u":"14,00 €/KG","img":"https://fd15-photos.leclercdrive.fr/image.ashx?id=3001524&use=l&cat=p&typeid=i","cat":284725},{"id":124533,"n":"Confiture extra bio Bio Village Rhubarbe - 370g","p":4.19,"u":"11,32 €/KG","img":"https://fd15-photos.leclercdrive.fr/image.ashx?id=2482514&use=l&cat=p&typeid=i","cat":284480},{"id":124594,"n":"Capsules Nescafé Dolce Gusto Espresso - x16","p":7.35,"u":"83,52 €/KG","img":"https://fd15-photos.leclercdrive.fr/image.ashx?id=2952025&use=l&cat=p&typeid=i","cat":293239},{"id":124595,"n":"Nutella Biscuit pâte à tartiner Cacao Noisettes - 166g","p":2.8,"u":"16,87 €/KG","img":"https://fd15-photos.leclercdrive.fr/image.ashx?id=2922200&use=l&cat=p&typeid=i","cat":284488},{"id":124617,"n":"Chocolat Peluche mix Kinder Kangourou - 133g","p":13.99,"u":"105,19 €/KG","img":"https://fd15-photos.leclercdrive.fr/image.ashx?id=1899696&use=l&cat=p&typeid=i","cat":327789},{"id":124646,"n":"Bouchées à garnir Les 3 Toques x6 - 159g","p":1.99,"u":"12,52 €/KG","img":"https://fd15-photos.leclercdrive.fr/image.ashx?id=2007938&use=l&cat=p&typeid=i","cat":284441},{"id":124654,"n":"Bac crème glacée Eskiss Caramel - 500g","p":4.95,"u":"9,90 €/KG","img":"https://fd15-photos.leclercdrive.fr/image.ashx?id=2982676&use=l&cat=p&typeid=i","cat":284263},{"id":124655,"n":"Bac sorbet Eskiss Mangue - 650g","p":3.95,"u":"6,08 €/KG","img":"https://fd15-photos.leclercdrive.fr/image.ashx?id=2982673&use=l&cat=p&typeid=i","cat":284263},{"id":124670,"n":"Pain de mie complet Jacquet Maxi - Sans sucre ajouté - 550g","p":2.9,"u":"5,27 €/KG","img":"https://fd15-photos.leclercdrive.fr/image.ashx?id=2935708&use=l&cat=p&typeid=i","cat":284477},{"id":124714,"n":"Combinés gratte éponges Spontex x3","p":4.45,"u":"1,48 €/P","img":"https://fd15-photos.leclercdrive.fr/image.ashx?id=2968895&use=l&cat=p&typeid=i","cat":284667},{"id":124723,"n":"Champignon Bonduelle Emincé - 3x115g","p":3.99,"u":"11,57 €/KG","img":"https://fd15-photos.leclercdrive.fr/image.ashx?id=2913121&use=l&cat=p&typeid=i","cat":312610},{"id":124744,"n":"Gratte éponge Spontex x3","p":3.95,"u":"1,32 €/P","img":"https://fd15-photos.leclercdrive.fr/image.ashx?id=2973084&use=l&cat=p&typeid=i","cat":284667},{"id":124762,"n":"Biscuit Milka Chocolat pause - 3x260g","p":7.25,"u":"9,29 €/KG","img":"https://fd15-photos.leclercdrive.fr/image.ashx?id=2680377&use=l&cat=p&typeid=i","cat":284488},{"id":124764,"n":"Biscuit Moooo Milka Au chocolat - 3x200g","p":6.99,"pp":5.59,"u":"9,32 €/KG","img":"https://fd15-photos.leclercdrive.fr/image.ashx?id=2192578&use=l&cat=p&typeid=i","cat":284488},{"id":124787,"n":"Shampooing sec Batiste Volume - 200ml","p":9.4,"u":"47,00 €/L","img":"https://fd15-photos.leclercdrive.fr/image.ashx?id=2557979&use=l&cat=p&typeid=i","cat":289143},{"id":124788,"n":"Crème Solaire Spray Nivea Sun FPS 50+ Bébé et Enfant - 200ml","p":21.95,"u":"109,75 €/L","img":"https://fd15-photos.leclercdrive.fr/image.ashx?id=3005224&use=l&cat=p&typeid=i","cat":325355},{"id":124791,"n":"Serviette Nana Maxi goodnight - x12","p":2.89,"u":"0,24 €/P","img":"https://fd15-photos.leclercdrive.fr/image.ashx?id=2806402&use=l&cat=p&typeid=i","cat":284624},{"id":124794,"n":"Serviettes Tena Men Level 1 - x12","p":6.26,"u":"0,52 €/P","img":"https://fd15-photos.leclercdrive.fr/image.ashx?id=2428570&use=l&cat=p&typeid=i","cat":291514},{"id":124874,"n":"Crème glacée Ben & Jerry's  Caramel Brownie Party - 405g","p":6.1,"u":"15,06 €/KG","img":"https://fd15-photos.leclercdrive.fr/image.ashx?id=2773889&use=l&cat=p&typeid=i","cat":284725},{"id":124896,"n":"KINDER JOY Chocolat au lait - 3x20g","p":4.99,"u":"83,17 €/KG","img":"https://fd15-photos.leclercdrive.fr/image.ashx?id=2971769&use=l&cat=p&typeid=i","cat":284958},{"id":124901,"n":"Pâte à tartiner Nutella 630g","p":7.55,"u":"11,98 €/KG","img":"https://fd15-photos.leclercdrive.fr/image.ashx?id=2968841&use=l&cat=p&typeid=i","cat":284481},{"id":124902,"n":"Eponges végétales Eco+ x2","p":0.99,"u":"0,50 €/P","img":"https://fd15-photos.leclercdrive.fr/image.ashx?id=2770242&use=l&cat=p&typeid=i","cat":284667},{"id":124904,"n":"Liquide allume-feu Eco+ 1L","p":4.11,"u":"4,11 €/L","img":"https://fd15-photos.leclercdrive.fr/image.ashx?id=1901698&use=l&cat=p&typeid=i","cat":300577},{"id":124905,"n":"Sacs poubelle coulissants Eco+ 30 l - x20","p":1.99,"u":"0,10 €/P","img":"https://fd15-photos.leclercdrive.fr/image.ashx?id=2756989&use=l&cat=p&typeid=i","cat":285168},{"id":124906,"n":"Sacs poubelle Eco+ 50L Coulissants - x25","p":3.85,"u":"0,15 €/P","img":"https://fd15-photos.leclercdrive.fr/image.ashx?id=2775700&use=l&cat=p&typeid=i","cat":285168},{"id":124909,"n":"Culotte Enuresie Mots d'Enfants 4-7 ans -17-30 kg - x15","p":13.65,"u":"0,91 €/P","img":"https://fd15-photos.leclercdrive.fr/image.ashx?id=2900169&use=l&cat=p&typeid=i","cat":290633},{"id":124913,"n":"Insecticide Insectivor Volant/rampant - 400ml","p":3.9,"u":"9,75 €/L","img":"https://fd15-photos.leclercdrive.fr/image.ashx?id=2582990&use=l&cat=p&typeid=i","cat":298368},{"id":124919,"n":"Chips Bret's sel et vinaigre 2x125g + 1 offert","p":3.95,"u":"10,53 €/KG","img":"https://fd15-photos.leclercdrive.fr/image.ashx?id=1904453&use=l&cat=p&typeid=i","cat":284447},{"id":124923,"n":"Croquettes chat stérilisé  Ultima Nature bœuf – 1,1kg","p":8.29,"u":"7,54 €/KG","img":"https://fd15-photos.leclercdrive.fr/image.ashx?id=2629884&use=l&cat=p&typeid=i","cat":284680},{"id":124924,"n":"Croquettes chat Ultima Nature Sans céréales - Dinde- 1.1kg","p":8.29,"u":"7,54 €/KG","img":"https://fd15-photos.leclercdrive.fr/image.ashx?id=2929218&use=l&cat=p&typeid=i","cat":284680},{"id":124926,"n":"Sacs poubelle container Elembal 120L - x10","p":5.26,"u":"0,53 €/P","img":"https://fd15-photos.leclercdrive.fr/image.ashx?id=2898272&use=l&cat=p&typeid=i","cat":285168},{"id":124927,"n":"Sacs gravats Elembal 50L - X5","p":5.37,"u":"0,02 €/L","img":"https://fd15-photos.leclercdrive.fr/image.ashx?id=2958750&use=l&cat=p&typeid=i","cat":285168},{"id":124928,"n":"Sacs poubelle Elembal 240L - x10","p":5.65,"u":"0,57 €/P","img":"https://fd15-photos.leclercdrive.fr/image.ashx?id=2898275&use=l&cat=p&typeid=i","cat":285168},{"id":124930,"n":"Sacs poubelle Elembal Coulissants spécial tri 50L-x10","p":3.07,"u":"0,31 €/P","img":"https://fd15-photos.leclercdrive.fr/image.ashx?id=2958756&use=l&cat=p&typeid=i","cat":285168},{"id":124931,"n":"Coton maxi ovale Bio Bionaia x60","p":3.0,"u":"0,05 €/P","img":"https://fd15-photos.leclercdrive.fr/image.ashx?id=2658584&use=l&cat=p&typeid=i","cat":284636},{"id":124935,"n":"Tampons à récurer Eco+ x5","p":1.3,"u":"0,26 €/P","img":"https://fd15-photos.leclercdrive.fr/image.ashx?id=2593336&use=l&cat=p&typeid=i","cat":284667},{"id":124936,"n":"Serviettes hygiéniques Eco+ Normales Ultra minces - x14","p":1.07,"u":"0,08 €/P","img":"https://fd15-photos.leclercdrive.fr/image.ashx?id=2809686&use=l&cat=p&typeid=i","cat":284624},{"id":124953,"n":"Shampooing réparateur Eco+ 300ml","p":2.05,"u":"6,83 €/L","img":"https://fd15-photos.leclercdrive.fr/image.ashx?id=1901870&use=l&cat=p&typeid=i","cat":284606},{"id":124954,"n":"Shampoing voluminateur Eco+ 300ml","p":1.79,"u":"5,97 €/L","img":"https://fd15-photos.leclercdrive.fr/image.ashx?id=1901873&use=l&cat=p&typeid=i","cat":284606},{"id":124956,"n":"Shampooing cheveux colorés Eco+ 300ml","p":2.11,"u":"7,03 €/L","img":"https://fd15-photos.leclercdrive.fr/image.ashx?id=1901876&use=l&cat=p&typeid=i","cat":284606},{"id":124957,"n":"Serviettes hygiéniques Eco+ Normales - x20","p":1.21,"u":"0,06 €/P","img":"https://fd15-photos.leclercdrive.fr/image.ashx?id=2824742&use=l&cat=p&typeid=i","cat":284624},{"id":124959,"n":"Shampooing sec Nateïs Pomme - 150ml","p":3.48,"u":"23,20 €/L","img":"https://fd15-photos.leclercdrive.fr/image.ashx?id=2843602&use=l&cat=p&typeid=i","cat":289143},{"id":124961,"n":"Shampoing sec Nateis 150ml","p":4.65,"u":"31,00 €/L","img":"https://fd15-photos.leclercdrive.fr/image.ashx?id=1901885&use=l&cat=p&typeid=i","cat":289143},{"id":124962,"n":"Sacs poubelle Elembal Salle de bain 5L - x40","p":1.51,"u":"0,04 €/P","img":"https://fd15-photos.leclercdrive.fr/image.ashx?id=2793284&use=l&cat=p&typeid=i","cat":285168},{"id":125200,"n":"Vinaigre 9.5° maison Phebus jardin et extérieur - 750ml","p":4.1,"u":"5,47 €/L","img":"https://fd15-photos.leclercdrive.fr/image.ashx?id=1926573&use=l&cat=p&typeid=i","cat":300576},{"id":125216,"n":"Cacahuètes Eco+ Grillées à sec - 150g","p":0.84,"u":"5,60 €/KG","img":"https://fd15-photos.leclercdrive.fr/image.ashx?id=2780710&use=l&cat=p&typeid=i","cat":284448},{"id":125217,"n":"Soufflés Eco+ Goût fromage - 100g","p":0.85,"u":"8,50 €/KG","img":"https://fd15-photos.leclercdrive.fr/image.ashx?id=2887392&use=l&cat=p&typeid=i","cat":284449},{"id":125218,"n":"Cacahuètes Eco  Grillées et salées - 250g","p":1.22,"u":"4,88 €/KG","img":"https://fd15-photos.leclercdrive.fr/image.ashx?id=2836801&use=l&cat=p&typeid=i","cat":284448},{"id":125219,"n":"Frites salées Eco+ 80g","p":0.86,"u":"10,75 €/KG","img":"https://fd15-photos.leclercdrive.fr/image.ashx?id=2764712&use=l&cat=p&typeid=i","cat":284449},{"id":125220,"n":"Snacks Eco+ Gôut bacon - 100g","p":1.15,"u":"11,50 €/KG","img":"https://fd15-photos.leclercdrive.fr/image.ashx?id=2287233&use=l&cat=p&typeid=i","cat":284449},{"id":125222,"n":"Assortiment biscuit Eco+ Soufflé - 125g","p":1.65,"u":"13,20 €/KG","img":"https://fd15-photos.leclercdrive.fr/image.ashx?id=2283972&use=l&cat=p&typeid=i","cat":284449},{"id":125223,"n":"Pistaches grillées à sec Eco+ 200g","p":4.5,"u":"22,50 €/KG","img":"https://fd15-photos.leclercdrive.fr/image.ashx?id=2746784&use=l&cat=p&typeid=i","cat":284448},{"id":125224,"n":"Pop corn Eco+ Salé - 100g","p":1.4,"u":"14,00 €/KG","img":"https://fd15-photos.leclercdrive.fr/image.ashx?id=1953636&use=l&cat=p&typeid=i","cat":304249},{"id":125225,"n":"Chips nature Eco+ 6x30g","p":2.73,"u":"15,17 €/KG","img":"https://fd15-photos.leclercdrive.fr/image.ashx?id=2609541&use=l&cat=p&typeid=i","cat":284447},{"id":125227,"n":"Mini cookies P'tit Déli 160g","p":2.9,"u":"18,13 €/KG","img":"https://fd15-photos.leclercdrive.fr/image.ashx?id=2932426&use=l&cat=p&typeid=i","cat":325066},{"id":125235,"n":"Tartelette framboise P'tit Déli 150g","p":2.06,"u":"13,73 €/KG","img":"https://fd15-photos.leclercdrive.fr/image.ashx?id=2683922&use=l&cat=p&typeid=i","cat":284489},{"id":125238,"n":"Cookies P'tit Déli Chocolat noisette - 200g","p":2.25,"u":"11,25 €/KG","img":"https://fd15-photos.leclercdrive.fr/image.ashx?id=1943253&use=l&cat=p&typeid=i","cat":325066},{"id":125246,"n":"Canistrelli de corse NRT Noisettes - 300g","p":4.8,"u":"16,00 €/KG","img":"https://fd15-photos.leclercdrive.fr/image.ashx?id=2622350&use=l&cat=p&typeid=i","cat":284487},{"id":125288,"n":"Rocamadour Triballat Rians 105g","p":3.65,"u":"34,76 €/KG","img":"https://fd15-photos.leclercdrive.fr/image.ashx?id=2555604&use=l&cat=p&typeid=i","cat":314031},{"id":125315,"n":"Farine bio Jardin Bio Semi-complète T80 - 1kg","p":4.55,"u":"4,55 €/KG","img":"https://fd15-photos.leclercdrive.fr/image.ashx?id=2944834&use=l&cat=p&typeid=i","cat":284503},{"id":125328,"n":"Ketchup Rustica Nature - 560g","p":1.81,"u":"3,23 €/KG","img":"https://fd15-photos.leclercdrive.fr/image.ashx?id=2954385&use=l&cat=p&typeid=i","cat":284455},{"id":125383,"n":"Comté fromage râpé Les Croisés 130g","p":2.65,"u":"20,38 €/KG","img":"https://fd15-photos.leclercdrive.fr/image.ashx?id=2897820&use=l&cat=p&typeid=i","cat":314035},{"id":125389,"n":"Dégraissant cuisine Sanytol 500ml","p":4.57,"u":"9,14 €/L","img":"https://fd15-photos.leclercdrive.fr/image.ashx?id=2899356&use=l&cat=p&typeid=i","cat":325357},{"id":125431,"n":"Granola Bio Bjorg Chocolat - 350g","p":5.28,"u":"15,09 €/KG","img":"https://fd15-photos.leclercdrive.fr/image.ashx?id=2906217&use=l&cat=p&typeid=i","cat":309512},{"id":125531,"n":"Choco 100% cacao Lindt Orange Amande - 50g","p":4.89,"u":"97,80 €/KG","img":"https://fd15-photos.leclercdrive.fr/image.ashx?id=2310797&use=l&cat=p&typeid=i","cat":284956},{"id":125549,"n":"AOP Sancerre rouge René Carroi - 75cl","p":22.01,"u":"29,35 €/L","img":"https://fd15-photos.leclercdrive.fr/image.ashx?id=2640025&use=l&cat=p&typeid=i","cat":289556},{"id":125556,"n":"Fromage Camembert NRT AOP  de Normandie  - 250g","p":4.99,"u":"19,96 €/KG","img":"https://fd15-photos.leclercdrive.fr/image.ashx?id=1904825&use=l&cat=p&typeid=i","cat":314033},{"id":125571,"n":"Yaourt bifidus Activia muesli Chocolat noisette - 170g","p":2.4,"img":"https://fd15-photos.leclercdrive.fr/image.ashx?id=2965891&use=l&cat=p&typeid=i","cat":315000},{"id":125656,"n":"AOP Alsace Pinot Noir rouge Wolfberger - 75cl","p":16.49,"u":"21,99 €/L","img":"https://fd15-photos.leclercdrive.fr/image.ashx?id=2403800&use=l&cat=p&typeid=i","cat":289556},{"id":125723,"n":"Céréales fourées P'tit Déli Tout chocolat - 650g","p":4.65,"u":"7,15 €/KG","img":"https://fd15-photos.leclercdrive.fr/image.ashx?id=2878603&use=l&cat=p&typeid=i","cat":309513},{"id":125744,"n":"Carré blé aubergine poivron bio Céréal Bio - 200g","p":5.65,"u":"28,25 €/KG","img":"https://fd15-photos.leclercdrive.fr/image.ashx?id=2327854&use=l&cat=p&typeid=i","cat":284953},{"id":125748,"n":"Coeur burger texas bbq bio Céréal Bio - 160g","p":4.3,"u":"26,88 €/KG","img":"https://fd15-photos.leclercdrive.fr/image.ashx?id=2575120&use=l&cat=p&typeid=i","cat":284953},{"id":125749,"n":"Coeur burger original bio Céréal Bio - 160g","p":3.99,"u":"24,94 €/KG","img":"https://fd15-photos.leclercdrive.fr/image.ashx?id=2575123&use=l&cat=p&typeid=i","cat":284953},{"id":125761,"n":"Lait de coco fluide Bjorg bio Offre spéciale - 2x20cl+1offert","p":4.61,"u":"11,53 €/L","img":"https://fd15-photos.leclercdrive.fr/image.ashx?id=1913880&use=l&cat=p&typeid=i","cat":316069},{"id":125762,"n":"Quinoa boulgour Bio Happy Bio 200g","p":5.6,"u":"28,00 €/KG","img":"https://fd15-photos.leclercdrive.fr/image.ashx?id=2654306&use=l&cat=p&typeid=i","cat":284429},{"id":125767,"n":"Biscuits apéritif Lay's 3D's Gout fromage - 150g","p":3.29,"u":"21,93 €/KG","img":"https://fd15-photos.leclercdrive.fr/image.ashx?id=2917423&use=l&cat=p&typeid=i","cat":284449},{"id":125778,"n":"Infusion detox Jardin Bio Fruitée cassis bio - 20g","p":4.05,"u":"202,50 €/KG","img":"https://fd15-photos.leclercdrive.fr/image.ashx?id=2792597&use=l&cat=p&typeid=i","cat":293234},{"id":125823,"n":"Fromage de brebis brique Lou Perac - 150g","p":4.5,"u":"30,00 €/KG","img":"https://fd15-photos.leclercdrive.fr/image.ashx?id=2735311&use=l&cat=p&typeid=i","cat":314031},{"id":125870,"n":"Cacahuètes grillées Benenuts Non salées - 200g","p":3.65,"u":"18,25 €/KG","img":"https://fd15-photos.leclercdrive.fr/image.ashx?id=2431821&use=l&cat=p&typeid=i","cat":284448},{"id":125919,"n":"Boisson végétale Alpro Lait d'amande vanille - 1L","p":3.38,"u":"3,38 €/L","img":"https://fd15-photos.leclercdrive.fr/image.ashx?id=2981671&use=l&cat=p&typeid=i","cat":316067},{"id":125958,"n":"Chips Bret's Saveur vinaigre - 125g","p":2.29,"u":"18,32 €/KG","img":"https://fd15-photos.leclercdrive.fr/image.ashx?id=1925081&use=l&cat=p&typeid=i","cat":284447},{"id":125966,"n":"Chips Tyrrell's Sel et poivre - 150g","p":2.81,"u":"18,73 €/KG","img":"https://fd15-photos.leclercdrive.fr/image.ashx?id=2884777&use=l&cat=p&typeid=i","cat":284447},{"id":125996,"n":"Alcool ménager supérieur 1L","p":5.65,"u":"5,65 €/L","img":"https://fd15-photos.leclercdrive.fr/image.ashx?id=1940693&use=l&cat=p&typeid=i","cat":300576},{"id":126139,"n":"Chips  Sel de mer Tyrell's Saveur vinaigre - 150g","p":3.02,"u":"20,13 €/KG","img":"https://fd15-photos.leclercdrive.fr/image.ashx?id=2941865&use=l&cat=p&typeid=i","cat":284447},{"id":126163,"n":"Galette St michel Au bon chocolat - 121g","p":1.99,"u":"16,45 €/KG","img":"https://fd15-photos.leclercdrive.fr/image.ashx?id=2949955&use=l&cat=p&typeid=i","cat":284487},{"id":126178,"n":"Riz long thaï Eco+ 1kg","p":3.1,"u":"3,10 €/KG","img":"https://fd15-photos.leclercdrive.fr/image.ashx?id=2799751&use=l&cat=p&typeid=i","cat":284428},{"id":126183,"n":"Biscuits Lotus Biscoff Fourré  Crème saveur speculoos - 150g","p":2.59,"u":"17,27 €/KG","img":"https://fd15-photos.leclercdrive.fr/image.ashx?id=2694968&use=l&cat=p&typeid=i","cat":284487},{"id":126186,"n":"Riz rond Eco+ 1kg","p":3.25,"u":"3,25 €/KG","img":"https://fd15-photos.leclercdrive.fr/image.ashx?id=2704594&use=l&cat=p&typeid=i","cat":284428},{"id":126187,"n":"Biscuits Lotus Biscoff Fourré Crème saveur chocolat 150g","p":2.69,"u":"17,93 €/KG","img":"https://fd15-photos.leclercdrive.fr/image.ashx?id=2859818&use=l&cat=p&typeid=i","cat":284487},{"id":126189,"n":"Biscuits Lotus Biscoff Fourré  Crème saveur vanille - 150g","p":2.69,"u":"17,93 €/KG","img":"https://fd15-photos.leclercdrive.fr/image.ashx?id=2685315&use=l&cat=p&typeid=i","cat":284487},{"id":126206,"n":"Galettes La mère poulard Grande - beurre - 135g","p":2.09,"u":"15,48 €/KG","img":"https://fd15-photos.leclercdrive.fr/image.ashx?id=2905465&use=l&cat=p&typeid=i","cat":284487},{"id":126207,"n":"Galette St Michel 520g","p":7.05,"u":"13,56 €/KG","img":"https://fd15-photos.leclercdrive.fr/image.ashx?id=2936221&use=l&cat=p&typeid=i","cat":284487},{"id":126297,"n":"Emmental rapé Valmartin 200g","p":2.25,"u":"11,25 €/KG","img":"https://fd15-photos.leclercdrive.fr/image.ashx?id=1908577&use=l&cat=p&typeid=i","cat":314035},{"id":126300,"n":"Emmental rapé Valmartin 500g","p":5.69,"u":"11,38 €/KG","img":"https://fd15-photos.leclercdrive.fr/image.ashx?id=1908574&use=l&cat=p&typeid=i","cat":314035},{"id":126310,"n":"Crème dépilatoire Pure Veet Corps Peaux normales 200ml","p":7.49,"u":"37,45 €/L","img":"https://fd15-photos.leclercdrive.fr/image.ashx?id=3014437&use=l&cat=p&typeid=i","cat":325351},{"id":126422,"n":"Dinosaurus Lotus Chocolat au lait - 2x225g","p":6.8,"u":"15,11 €/KG","img":"https://fd15-photos.leclercdrive.fr/image.ashx?id=2694992&use=l&cat=p&typeid=i","cat":284488},{"id":126424,"n":"Biscuits Sprits sablés Delacre Chocolat au lait - 200g","p":3.1,"u":"15,50 €/KG","img":"https://fd15-photos.leclercdrive.fr/image.ashx?id=2855873&use=l&cat=p&typeid=i","cat":284488},{"id":126430,"n":"Dosettes café Senseo Milka x8","p":4.4,"u":"39,29 €/KG","img":"https://fd15-photos.leclercdrive.fr/image.ashx?id=2127012&use=l&cat=p&typeid=i","cat":293238},{"id":126436,"n":"Amandes Benenuts-Plaisir Brut Non salées - 145g","p":5.99,"u":"41,31 €/KG","img":"https://fd15-photos.leclercdrive.fr/image.ashx?id=3014470&use=l&cat=p&typeid=i","cat":284448},{"id":126540,"n":"Citron jaune Eco+  Filet 500g","p":2.39,"u":"4,78 €/KG","img":"https://fd15-photos.leclercdrive.fr/image.ashx?id=2619807&use=l&cat=p&typeid=i","cat":284356},{"id":126545,"n":"Pomelos Eco+ Filet x3","p":2.95,"u":"0,98 €/P","img":"https://fd15-photos.leclercdrive.fr/image.ashx?id=2680524&use=l&cat=p&typeid=i","cat":284356},{"id":126562,"n":"Noix de cajou Plaisir Brut Non salées - 145g","p":7.55,"u":"58,08 €/KG","img":"https://fd15-photos.leclercdrive.fr/image.ashx?id=2622552&use=l&cat=p&typeid=i","cat":284448},{"id":126578,"n":"Poires Eco+ Barquette 1kg","p":3.83,"u":"3,83 €/KG","img":"https://fd15-photos.leclercdrive.fr/image.ashx?id=2909374&use=l&cat=p&typeid=i","cat":284356},{"id":126579,"n":"Pommes Bicolores Eco+ Sachet 2kg","p":4.79,"u":"2,40 €/KG","img":"https://fd15-photos.leclercdrive.fr/image.ashx?id=2537872&use=l&cat=p&typeid=i","cat":284356},{"id":126581,"n":"Pommes jaunes Eco+ Sachet 2kg","p":2.99,"u":"1,50 €/KG","img":"https://fd15-photos.leclercdrive.fr/image.ashx?id=2441890&use=l&cat=p&typeid=i","cat":284356},{"id":126585,"n":"Tomates rondes Eco+ Filet 1kg","p":3.49,"u":"3,49 €/KG","img":"https://fd15-photos.leclercdrive.fr/image.ashx?id=2769420&use=l&cat=p&typeid=i","cat":284352},{"id":126589,"n":"Endives Eco+ Sachet 500g","p":3.49,"u":"6,98 €/KG","img":"https://fd15-photos.leclercdrive.fr/image.ashx?id=2922917&use=l&cat=p&typeid=i","cat":284352},{"id":126590,"n":"Ail Eco+ Filet 250g","p":2.72,"u":"10,88 €/KG","img":"https://fd15-photos.leclercdrive.fr/image.ashx?id=2919586&use=l&cat=p&typeid=i","cat":284352},{"id":126591,"n":"Echalotes Eco+ Filet 500g","p":2.45,"u":"4,90 €/KG","img":"https://fd15-photos.leclercdrive.fr/image.ashx?id=2777946&use=l&cat=p&typeid=i","cat":284352},{"id":126601,"n":"Biscuits à thé Delacre Tea Time Boîte Assortiment - 300g","p":7.6,"u":"25,33 €/KG","img":"https://fd15-photos.leclercdrive.fr/image.ashx?id=2867972&use=l&cat=p&typeid=i","cat":284490},{"id":126602,"n":"Assortirment mini chocolat noir Villars Maitre Chocolatier 500g","p":17.9,"u":"35,80 €/KG","img":"https://fd15-photos.leclercdrive.fr/image.ashx?id=2464312&use=l&cat=p&typeid=i","cat":284499},{"id":126612,"n":"La Poêlée du Marché Bonduelle 750g","p":4.89,"u":"6,52 €/KG","img":"https://fd15-photos.leclercdrive.fr/image.ashx?id=3008071&use=l&cat=p&typeid=i","cat":319823},{"id":126613,"n":"Kiwis Panier du Primeur Mûrs à point x6","p":6.05,"u":"1,01 €/P","img":"https://fd15-photos.leclercdrive.fr/image.ashx?id=2955050&use=l&cat=p&typeid=i","cat":284356},{"id":126628,"n":"Mozzarella Di Bufala Galbani 200g","p":7.45,"u":"37,25 €/KG","img":"https://fd15-photos.leclercdrive.fr/image.ashx?id=2339810&use=l&cat=p&typeid=i","cat":314026},{"id":126653,"n":"P'tit savane Brossard Duo fraise - x6 - 150g","p":3.99,"u":"26,60 €/KG","img":"https://fd15-photos.leclercdrive.fr/image.ashx?id=2881446&use=l&cat=p&typeid=i","cat":284489},{"id":126655,"n":"Rillettes de thon aux olives  Ronde des Mers - 125g","p":2.75,"u":"22,00 €/KG","img":"https://fd15-photos.leclercdrive.fr/image.ashx?id=2436705&use=l&cat=p&typeid=i","cat":303867},{"id":126659,"n":"Fromage fondu Eco+ 24 portions - 400g","p":2.97,"u":"7,43 €/KG","img":"https://fd15-photos.leclercdrive.fr/image.ashx?id=2415746&use=l&cat=p&typeid=i","cat":314030},{"id":126765,"n":"Mascara Maybelline New York Big Shot Daring Black nu - x1","p":12.55,"img":"https://fd15-photos.leclercdrive.fr/image.ashx?id=2344165&use=l&cat=p&typeid=i","cat":287029},{"id":126776,"n":"Haricots beurre Gillet 345g","p":4.7,"u":"13,62 €/KG","img":"https://fd15-photos.leclercdrive.fr/image.ashx?id=1911015&use=l&cat=p&typeid=i","cat":312606},{"id":126804,"n":"Lotus Biscoff Glace Speculoos  Chocolat lait 284g (4x90ml)","p":5.45,"u":"19,19 €/KG","img":"https://fd15-photos.leclercdrive.fr/image.ashx?id=2683280&use=l&cat=p&typeid=i","cat":284265},{"id":126836,"n":"Éponge Bébé Ultra-Douce Tigex - 1pièce","p":4.9,"img":"https://fd15-photos.leclercdrive.fr/image.ashx?id=2689841&use=l&cat=p&typeid=i","cat":289435},{"id":126847,"n":"Batonnets Smicy Vanille fraise - x12 - 456g","p":3.66,"u":"8,03 €/KG","img":"https://fd15-photos.leclercdrive.fr/image.ashx?id=2051840&use=l&cat=p&typeid=i","cat":284265},{"id":126848,"n":"Batonnets Smicy Vanille - x12 - 456g","p":3.99,"u":"8,75 €/KG","img":"https://fd15-photos.leclercdrive.fr/image.ashx?id=2068055&use=l&cat=p&typeid=i","cat":284265},{"id":126849,"n":"Batonnets Smicy Vanille chocolat - x12 - 456g","p":3.62,"u":"7,94 €/KG","img":"https://fd15-photos.leclercdrive.fr/image.ashx?id=2902558&use=l&cat=p&typeid=i","cat":284265},{"id":126851,"n":"Batonnets Smicy Chocolat - x12 - 456g","p":5.19,"u":"11,38 €/KG","img":"https://fd15-photos.leclercdrive.fr/image.ashx?id=2068058&use=l&cat=p&typeid=i","cat":284265},{"id":126907,"n":"Pesto verde Garofalo 175g","p":3.49,"u":"19,94 €/KG","img":"https://fd15-photos.leclercdrive.fr/image.ashx?id=2884651&use=l&cat=p&typeid=i","cat":287599},{"id":126974,"n":"Café moulu bio Bio Village Mexique - 250g","p":6.89,"u":"27,56 €/KG","img":"https://fd15-photos.leclercdrive.fr/image.ashx?id=2468882&use=l&cat=p&typeid=i","cat":284750},{"id":126990,"n":"Carottes Eco+ Sachet de 2kg","p":3.56,"u":"1,78 €/KG","img":"https://fd15-photos.leclercdrive.fr/image.ashx?id=2922376&use=l&cat=p&typeid=i","cat":284352},{"id":127027,"n":"Bouchées Feuilletées 3 Toques x12 - 318g","p":3.5,"u":"11,01 €/KG","img":"https://fd15-photos.leclercdrive.fr/image.ashx?id=1913859&use=l&cat=p&typeid=i","cat":284441},{"id":127070,"n":"Gâteau de riz Yabon Caramel - 420g","p":3.75,"u":"8,93 €/KG","img":"https://fd15-photos.leclercdrive.fr/image.ashx?id=2644821&use=l&cat=p&typeid=i","cat":284506},{"id":127071,"n":"Mon riz au lait Yabon A la vanille - 2x120g","p":3.89,"u":"16,21 €/KG","img":"https://fd15-photos.leclercdrive.fr/image.ashx?id=2644824&use=l&cat=p&typeid=i","cat":284506},{"id":127080,"n":"Chewing-gum Oral-B Hollywood Menthe verte - 51g","p":3.95,"u":"77,45 €/KG","img":"https://fd15-photos.leclercdrive.fr/image.ashx?id=2614302&use=l&cat=p&typeid=i","cat":304251},{"id":127239,"n":"Farine de Blé T65 Coeur de Blé Label Rouge - 1kg","p":2.89,"u":"2,89 €/KG","img":"https://fd15-photos.leclercdrive.fr/image.ashx?id=2686933&use=l&cat=p&typeid=i","cat":284503},{"id":127323,"n":"Shampoing nourrissant Fructis Hair Food banane - 350ml","p":6.25,"u":"17,86 €/L","img":"https://fd15-photos.leclercdrive.fr/image.ashx?id=2830597&use=l&cat=p&typeid=i","cat":284606},{"id":127366,"n":"Pommes de terre Findus Croustine - 420g","p":2.42,"u":"5,76 €/KG","img":"https://fd15-photos.leclercdrive.fr/image.ashx?id=3008755&use=l&cat=p&typeid=i","cat":319792},{"id":127386,"n":"Gel douche Cottage lait cerise noire et pistache - 250ml","p":2.49,"u":"9,96 €/L","img":"https://fd15-photos.leclercdrive.fr/image.ashx?id=1914546&use=l&cat=p&typeid=i","cat":284594},{"id":127387,"n":"Huile à barbe anti-tiraillement Blondépil - 50ml","p":10.55,"u":"211,00 €/L","img":"https://fd15-photos.leclercdrive.fr/image.ashx?id=2518673&use=l&cat=p&typeid=i","cat":288147},{"id":127388,"n":"Soin barbe & visage Blondépil - 100ml","p":12.25,"u":"122,50 €/L","img":"https://fd15-photos.leclercdrive.fr/image.ashx?id=3008431&use=l&cat=p&typeid=i","cat":288147},{"id":127401,"n":"Préservatifs Orgasm'Intense Perlés et Nervurés Durex x10","p":14.02,"u":"1,40 €/P","img":"https://fd15-photos.leclercdrive.fr/image.ashx?id=2962023&use=l&cat=p&typeid=i","cat":284631},{"id":127430,"n":"Céréales fourrées P'tit Déli Chocolat au lait - 450g","p":3.55,"u":"7,89 €/KG","img":"https://fd15-photos.leclercdrive.fr/image.ashx?id=2824713&use=l&cat=p&typeid=i","cat":309513},{"id":127450,"n":"Gel lave vaisselle Sun Tout en 1 Citron - x40 - 700ml","p":12.2,"u":"17,43 €/L","img":"https://fd15-photos.leclercdrive.fr/image.ashx?id=2250903&use=l&cat=p&typeid=i","cat":284656},{"id":127475,"n":"Lait bébé en poudre Blédilait croissance 1-3 ans 900g","p":14.7,"u":"16,33 €/KG","img":"https://fd15-photos.leclercdrive.fr/image.ashx?id=2848587&use=l&cat=p&typeid=i","cat":290219},{"id":127476,"n":"Piperade basquaise NRT 600g","p":5.09,"u":"8,48 €/KG","img":"https://fd15-photos.leclercdrive.fr/image.ashx?id=2771420&use=l&cat=p&typeid=i","cat":284441},{"id":127537,"n":"Nettoyant l'Arbre Vert spray vitre -740ml","p":2.69,"u":"3,64 €/L","img":"https://fd15-photos.leclercdrive.fr/image.ashx?id=2812867&use=l&cat=p&typeid=i","cat":325363},{"id":127595,"n":"Notes Post-it® Multicolor 325 feuilles - 76x76mm","p":4.99,"img":"https://fd15-photos.leclercdrive.fr/image.ashx?id=2559634&use=l&cat=p&typeid=i","cat":334133},{"id":127658,"n":"Effaceurs encre bleue Maped x6","p":3.05,"img":"https://fd15-photos.leclercdrive.fr/image.ashx?id=2384241&use=l&cat=p&typeid=i","cat":334133},{"id":127687,"n":"Effaceurs réécriveurs Papermate Fins mini - x5","p":4.8,"img":"https://fd15-photos.leclercdrive.fr/image.ashx?id=2509301&use=l&cat=p&typeid=i","cat":334133},{"id":127699,"n":"Stylo roller Frixion Ball Pilot x3 + Clicker","p":10.35,"img":"https://fd15-photos.leclercdrive.fr/image.ashx?id=2526740&use=l&cat=p&typeid=i","cat":284696},{"id":127703,"n":"Stylos roller FrixionBall Pilot x3","p":11.3,"img":"https://fd15-photos.leclercdrive.fr/image.ashx?id=2969076&use=l&cat=p&typeid=i","cat":284696},{"id":127996,"n":"Cahier Esquisse 192pages Bleu - Petits carreaux -24X32cm","p":4.71,"img":"https://fd15-photos.leclercdrive.fr/image.ashx?id=1935918&use=l&cat=p&typeid=i","cat":284697},{"id":128001,"n":"Chemise Esquisse Bleu - Polypro premium","p":2.63,"img":"https://fd15-photos.leclercdrive.fr/image.ashx?id=1935933&use=l&cat=p&typeid=i","cat":284745},{"id":128006,"n":"Paire de ciseaux Esquisse Bleu - Souple - 13cm","p":2.4,"img":"https://fd15-photos.leclercdrive.fr/image.ashx?id=2566754&use=l&cat=p&typeid=i","cat":334133},{"id":128007,"n":"Paire de ciseaux Esquisse Rose - Souple - 13cm","p":2.4,"img":"https://fd15-photos.leclercdrive.fr/image.ashx?id=2566757&use=l&cat=p&typeid=i","cat":334133},{"id":128008,"n":"Paire de ciseaux Esquisse Gris - 13cm","p":2.4,"img":"https://fd15-photos.leclercdrive.fr/image.ashx?id=2566760&use=l&cat=p&typeid=i","cat":334133},{"id":128024,"n":"Agrafeuse de bureau Esquisse Rouge - 26/6","p":4.1,"img":"https://fd15-photos.leclercdrive.fr/image.ashx?id=1935996&use=l&cat=p&typeid=i","cat":334133},{"id":128025,"n":"Agrafeuse de bureau Esquisse Rose - 26/6","p":4.1,"img":"https://fd15-photos.leclercdrive.fr/image.ashx?id=1935880&use=l&cat=p&typeid=i","cat":334133},{"id":128026,"n":"Agrafeuse de bureau Esquisse Bleu - 26/6","p":4.1,"img":"https://fd15-photos.leclercdrive.fr/image.ashx?id=1935883&use=l&cat=p&typeid=i","cat":334133},{"id":128045,"n":"Cahier Esquisse 48pages Bleu -Grands carreaux -24X32cm","p":1.88,"img":"https://fd15-photos.leclercdrive.fr/image.ashx?id=1932525&use=l&cat=p&typeid=i","cat":284697},{"id":128056,"n":"Cahier Esquisse 96pages Jaune -Grands carreaux- 24x32cm","p":1.59,"img":"https://fd15-photos.leclercdrive.fr/image.ashx?id=1932558&use=l&cat=p&typeid=i","cat":284697},{"id":128058,"n":"Cahier Esquisse 96pages Rose -Grands carreaux-24x32cm","p":1.59,"img":"https://fd15-photos.leclercdrive.fr/image.ashx?id=1932564&use=l&cat=p&typeid=i","cat":284697},{"id":128059,"n":"Cahier Esquisse 96pages Violet -Grands carreaux-24x32cm","p":1.59,"img":"https://fd15-photos.leclercdrive.fr/image.ashx?id=1932567&use=l&cat=p&typeid=i","cat":284697},{"id":128298,"n":"Stylos bille Cristal Bic Vert - x4","p":2.2,"img":"https://fd15-photos.leclercdrive.fr/image.ashx?id=1917338&use=l&cat=p&typeid=i","cat":284696},{"id":128303,"n":"Ardoise Velleda 44X30 cm","p":11.77,"img":"https://fd15-photos.leclercdrive.fr/image.ashx?id=2318462&use=l&cat=p&typeid=i","cat":334133},{"id":128316,"n":"Stylos bille Bic x4","p":4.2,"img":"https://fd15-photos.leclercdrive.fr/image.ashx?id=2718817&use=l&cat=p&typeid=i","cat":284696},{"id":128342,"n":"Surligneur Stabilo Boss Original - Bleu","p":2.09,"img":"https://fd15-photos.leclercdrive.fr/image.ashx?id=2614639&use=l&cat=p&typeid=i","cat":284696},{"id":128344,"n":"Surligneur Stabilo Boss Original - Orange","p":2.09,"img":"https://fd15-photos.leclercdrive.fr/image.ashx?id=2736268&use=l&cat=p&typeid=i","cat":284696},{"id":128434,"n":"Compas mine kid'z Maped Rose","p":4.49,"img":"https://fd15-photos.leclercdrive.fr/image.ashx?id=1925660&use=l&cat=p&typeid=i","cat":334133},{"id":128452,"n":"Compas mine origin Maped Bleu","p":4.48,"img":"https://fd15-photos.leclercdrive.fr/image.ashx?id=1925714&use=l&cat=p&typeid=i","cat":334133},{"id":128525,"n":"Protège documents A4 Exacompta Violet-Polypro translucide 200v","p":10.09,"img":"https://fd15-photos.leclercdrive.fr/image.ashx?id=1922680&use=l&cat=p&typeid=i","cat":284745},{"id":128545,"n":"Protège documents A4 Exacompta Jaune - Translucide - 60 vues","p":6.79,"img":"https://fd15-photos.leclercdrive.fr/image.ashx?id=1922740&use=l&cat=p&typeid=i","cat":284745},{"id":128546,"n":"Protège documents A4 Exacompta Orange - Translucide - 60 vues","p":6.79,"img":"https://fd15-photos.leclercdrive.fr/image.ashx?id=1922743&use=l&cat=p&typeid=i","cat":284745},{"id":128887,"n":"Soda Coca-Cola Verre - 6x250ml","p":7.25,"u":"4,83 €/L","img":"https://fd15-photos.leclercdrive.fr/image.ashx?id=2444465&use=l&cat=p&typeid=i","cat":284530},{"id":128904,"n":"IGP Sable de Camargue gris Pink Flamingo bio - 75 cl","p":12.59,"u":"16,79 €/L","img":"https://fd15-photos.leclercdrive.fr/image.ashx?id=2944693&use=l&cat=p&typeid=i","cat":289558},{"id":128976,"n":"Sucre poudre Daddy 750g","p":2.69,"u":"3,59 €/KG","img":"https://fd15-photos.leclercdrive.fr/image.ashx?id=2944699&use=l&cat=p&typeid=i","cat":284502},{"id":129003,"n":"Lait infantile 1er âge Babybio  Optima 1 Bio - 800g","p":29.99,"u":"37,49 €/KG","img":"https://fd15-photos.leclercdrive.fr/image.ashx?id=2988433&use=l&cat=p&typeid=i","cat":284726},{"id":129009,"n":"Lait de croissance Babybio Bio En poudre caprea 3 - 800g","p":34.15,"u":"42,69 €/KG","img":"https://fd15-photos.leclercdrive.fr/image.ashx?id=2733343&use=l&cat=p&typeid=i","cat":290219},{"id":129019,"n":"Chocolat Pâtissier Nestlé Dessert : Noir Bio - 170g","p":4.95,"u":"29,12 €/KG","img":"https://fd15-photos.leclercdrive.fr/image.ashx?id=2961245&use=l&cat=p&typeid=i","cat":285562},{"id":129040,"n":"Flakes sarrasin bio  Terres et Céréales - 200g","p":3.03,"u":"15,15 €/KG","img":"https://fd15-photos.leclercdrive.fr/image.ashx?id=2471880&use=l&cat=p&typeid=i","cat":309512},{"id":129049,"n":"Haricots coco bio Jardin Bio Cuisinés - 680g","p":4.7,"u":"6,91 €/KG","img":"https://fd15-photos.leclercdrive.fr/image.ashx?id=2811200&use=l&cat=p&typeid=i","cat":312606},{"id":129050,"n":"Flocons avoine France bio  Terres et Céréales - 1kg","p":5.72,"u":"5,72 €/KG","img":"https://fd15-photos.leclercdrive.fr/image.ashx?id=2467832&use=l&cat=p&typeid=i","cat":309512},{"id":129106,"n":"Liqueur de Whisky Jack Daniel's Apple 70cL","p":32.4,"u":"46,29 €/L","img":"https://fd15-photos.leclercdrive.fr/image.ashx?id=2764586&use=l&cat=p&typeid=i","cat":286032},{"id":129123,"n":"Gel Lubrifiant Perfect Gliss Durex Longue Durée 100ml","p":12.33,"u":"123,30 €/L","img":"https://fd15-photos.leclercdrive.fr/image.ashx?id=2960693&use=l&cat=p&typeid=i","cat":285160},{"id":129162,"n":"Boisson énergisante Monster Mango Loco - 50cl","p":2.89,"u":"5,78 €/L","img":"https://fd15-photos.leclercdrive.fr/image.ashx?id=2433443&use=l&cat=p&typeid=i","cat":284533},{"id":129180,"n":"Thé saveur Twinings Vanille miel - x20 - 30g","p":3.59,"u":"119,67 €/KG","img":"https://fd15-photos.leclercdrive.fr/image.ashx?id=2922119&use=l&cat=p&typeid=i","cat":293233},{"id":129189,"n":"Biscuit Lotus Biscoff  Original 375g (3x125g)","p":3.13,"u":"8,35 €/KG","img":"https://fd15-photos.leclercdrive.fr/image.ashx?id=2740271&use=l&cat=p&typeid=i","cat":284487},{"id":129280,"n":"Sel équilibre Cérébos Réduit en Sodium - 350g","p":2.4,"u":"6,86 €/KG","img":"https://fd15-photos.leclercdrive.fr/image.ashx?id=2520132&use=l&cat=p&typeid=i","cat":284457},{"id":129306,"n":"Fleurs de Capre Florelli 270g","p":3.49,"u":"12,93 €/KG","img":"https://fd15-photos.leclercdrive.fr/image.ashx?id=2603450&use=l&cat=p&typeid=i","cat":289010},{"id":129393,"n":"Tablette Chocolat Noir Atelier Myrtille Amandes Noisettes 170g","p":4.6,"u":"27,06 €/KG","img":"https://fd15-photos.leclercdrive.fr/image.ashx?id=2663057&use=l&cat=p&typeid=i","cat":284956},{"id":129395,"n":"Tablette Chocolat Lait Nestlé  L'Atelier Cranberries 170g","p":4.6,"u":"27,06 €/KG","img":"https://fd15-photos.leclercdrive.fr/image.ashx?id=2663051&use=l&cat=p&typeid=i","cat":284497},{"id":129396,"n":"Tablette Chocolat Lait Nestlé  L'atelier Raisins Amandes 170g","p":4.6,"u":"27,06 €/KG","img":"https://fd15-photos.leclercdrive.fr/image.ashx?id=2663048&use=l&cat=p&typeid=i","cat":284497},{"id":129397,"n":"Tablette Chocolat Noir Nestlé L'Atelier Raisins Amandes 170g","p":4.6,"u":"27,06 €/KG","img":"https://fd15-photos.leclercdrive.fr/image.ashx?id=2662147&use=l&cat=p&typeid=i","cat":284956},{"id":129398,"n":"Tablette Chocolat Lait Nestlé  L'Atelier Noisettes 170g","p":4.6,"u":"27,06 €/KG","img":"https://fd15-photos.leclercdrive.fr/image.ashx?id=2663060&use=l&cat=p&typeid=i","cat":284497},{"id":129410,"n":"Tablette Chocolat Noir Nestlé L'Atelier Amandes entières 170g","p":4.6,"u":"27,06 €/KG","img":"https://fd15-photos.leclercdrive.fr/image.ashx?id=2663066&use=l&cat=p&typeid=i","cat":284956},{"id":129451,"n":"Thon miettes Petit Navire Tomate Herbes de Provence 160g","p":3.55,"u":"22,19 €/KG","img":"https://fd15-photos.leclercdrive.fr/image.ashx?id=2523909&use=l&cat=p&typeid=i","cat":303867},{"id":129476,"n":"Panés au Camembert Grand Fermage - x4 - 100g","p":3.69,"u":"36,90 €/KG","img":"https://fd15-photos.leclercdrive.fr/image.ashx?id=2645203&use=l&cat=p&typeid=i","cat":314027},{"id":129496,"n":"Ventilateur de table 30cm Eco+ 40W - 3 vitesses - 1 pièce","p":25.9,"img":"https://fd15-photos.leclercdrive.fr/image.ashx?id=1923616&use=l&cat=p&typeid=i","cat":298489},{"id":129602,"n":"Lait demi-écrémé Grandlait Candia Bouteille - 6x25cl","p":3.89,"u":"2,59 €/L","img":"https://fd15-photos.leclercdrive.fr/image.ashx?id=2916189&use=l&cat=p&typeid=i","cat":284377},{"id":129630,"n":"Bâtonnets Trium Menthe - x4 - 290g","p":3.24,"u":"11,17 €/KG","img":"https://fd15-photos.leclercdrive.fr/image.ashx?id=2920794&use=l&cat=p&typeid=i","cat":284265},{"id":129634,"n":"Lait Matin Léger Lactel Sans lactose écrémé - 6x50cl","p":8.62,"u":"17,24 €/L","img":"https://fd15-photos.leclercdrive.fr/image.ashx?id=2883570&use=l&cat=p&typeid=i","cat":317169},{"id":129672,"n":"Lessive main gel express Génie 200ml +10% offert","p":2.85,"u":"12,95 €/L","img":"https://fd15-photos.leclercdrive.fr/image.ashx?id=2424395&use=l&cat=p&typeid=i","cat":284643},{"id":129725,"n":"Vinaigre alcool blanc 5L","p":7.29,"u":"1,46 €/L","img":"https://fd15-photos.leclercdrive.fr/image.ashx?id=2019009&use=l&cat=p&typeid=i","cat":325365},{"id":129752,"n":"AOP Corse vin rosé Domaine Poli Médaillé - 75cl","p":11.05,"u":"14,73 €/L","img":"https://fd15-photos.leclercdrive.fr/image.ashx?id=1934931&use=l&cat=p&typeid=i","cat":289558},{"id":129762,"n":"IGP Pays d'Oc Vin blanc L'indomptable de Cigalus - 75cl","p":28.9,"u":"38,53 €/L","img":"https://fd15-photos.leclercdrive.fr/image.ashx?id=2412822&use=l&cat=p&typeid=i","cat":289557},{"id":129781,"n":"Schweppes coco 1.5L","p":2.99,"u":"1,99 €/L","img":"https://fd15-photos.leclercdrive.fr/image.ashx?id=2733349&use=l&cat=p&typeid=i","cat":284531},{"id":129802,"n":"Café dosettes Tassimo Columbus Lungo x14","p":7.74,"u":"86,00 €/KG","img":"https://fd15-photos.leclercdrive.fr/image.ashx?id=2154833&use=l&cat=p&typeid=i","cat":293240},{"id":129807,"n":"Biscuits Biarritz Delacre Noix de coco et Chocolat - 175g","p":5.25,"u":"30,00 €/KG","img":"https://fd15-photos.leclercdrive.fr/image.ashx?id=2867963&use=l&cat=p&typeid=i","cat":284490},{"id":129809,"n":"Bonbons Carambar Sucettes Caramel - 156g","p":3.29,"u":"21,09 €/KG","img":"https://fd15-photos.leclercdrive.fr/image.ashx?id=2580804&use=l&cat=p&typeid=i","cat":304252},{"id":129820,"n":"AOP Bordeaux Médoc rouge Chateau Tour Prignac - 75cl","p":14.78,"u":"19,71 €/L","img":"https://fd15-photos.leclercdrive.fr/image.ashx?id=2432001&use=l&cat=p&typeid=i","cat":289556},{"id":129829,"n":"Pecorino Romano AOP  Casa Azzurra râpé - 70g","p":2.44,"u":"34,86 €/KG","img":"https://fd15-photos.leclercdrive.fr/image.ashx?id=2349965&use=l&cat=p&typeid=i","cat":314035},{"id":129864,"n":"Crème glacée Ben and Jerry's  Half Baked - 406g","p":6.1,"u":"15,02 €/KG","img":"https://fd15-photos.leclercdrive.fr/image.ashx?id=3011941&use=l&cat=p&typeid=i","cat":284725},{"id":129938,"n":"Tomate cocktail grappe Filière Panier du Primeur - 500g","p":5.09,"u":"10,18 €/KG","img":"https://fd15-photos.leclercdrive.fr/image.ashx?id=2553360&use=l&cat=p&typeid=i","cat":284352},{"id":129956,"n":"IGP Pays d'Oc rosé Grenache Gris de Gris 12% vol - 75cl","p":8.2,"u":"10,93 €/L","img":"https://fd15-photos.leclercdrive.fr/image.ashx?id=2986233&use=l&cat=p&typeid=i","cat":289558},{"id":129990,"n":"Yaourt au lait entier Malo Saveur framboise - 4x125g","p":3.4,"u":"6,80 €/KG","img":"https://fd15-photos.leclercdrive.fr/image.ashx?id=2908615&use=l&cat=p&typeid=i","cat":286006},{"id":129991,"n":"Yaourt au lait entier Malo Citron - 4x125g","p":3.59,"u":"7,18 €/KG","img":"https://fd15-photos.leclercdrive.fr/image.ashx?id=2908618&use=l&cat=p&typeid=i","cat":286006},{"id":130029,"n":"Jus pur premium Tropicana Ananas citron vert - 90cl","p":4.89,"u":"5,43 €/L","img":"https://fd15-photos.leclercdrive.fr/image.ashx?id=2533532&use=l&cat=p&typeid=i","cat":285435},{"id":130087,"n":"Assortiment dessert Gavottes Cigarettes et éventails - 100g","p":2.79,"u":"27,90 €/KG","img":"https://fd15-photos.leclercdrive.fr/image.ashx?id=2180783&use=l&cat=p&typeid=i","cat":284487},{"id":130089,"n":"Galette fine vanille Gavottes Caramel beurre salé - 120g","p":4.29,"u":"35,75 €/KG","img":"https://fd15-photos.leclercdrive.fr/image.ashx?id=2840994&use=l&cat=p&typeid=i","cat":284487},{"id":130120,"n":"Frites Crousti'Bistro Findus micro-ondes 2x130g","p":3.07,"u":"11,81 €/KG","img":"https://fd15-photos.leclercdrive.fr/image.ashx?id=2648268&use=l&cat=p&typeid=i","cat":319791},{"id":130121,"n":"Frite Crousti'Bistro Crinkle  Findus 2x130g","p":3.26,"u":"12,54 €/KG","img":"https://fd15-photos.leclercdrive.fr/image.ashx?id=2653762&use=l&cat=p&typeid=i","cat":319791},{"id":130143,"n":"Compal nectar de goyave 1L","p":2.55,"u":"2,55 €/L","img":"https://fd15-photos.leclercdrive.fr/image.ashx?id=1935183&use=l&cat=p&typeid=i","cat":289009},{"id":130213,"n":"AOC Monthelie Bourgogne Vin Rouge Domaine Doreau 75cl","p":34.16,"u":"45,55 €/L","img":"https://fd15-photos.leclercdrive.fr/image.ashx?id=2758063&use=l&cat=p&typeid=i","cat":289556},{"id":130252,"n":"Boisson amande Bio Bjorg Sans sucres - 3x25cl","p":4.19,"u":"5,59 €/L","img":"https://fd15-photos.leclercdrive.fr/image.ashx?id=2155459&use=l&cat=p&typeid=i","cat":316067},{"id":130334,"n":"Lessive liquide bébé Epsil 25 lavages - 1.25L","p":4.39,"u":"3,51 €/L","img":"https://fd15-photos.leclercdrive.fr/image.ashx?id=2838939&use=l&cat=p&typeid=i","cat":284640},{"id":130347,"n":"Bâtonnets Trium Caramel Beurre Salé x4 - 288g","p":3.79,"u":"13,16 €/KG","img":"https://fd15-photos.leclercdrive.fr/image.ashx?id=2920788&use=l&cat=p&typeid=i","cat":284265},{"id":130348,"n":"Bâtonnets Trium chocolat au  Lait biscuit cacaoté x4- 290g","p":3.69,"u":"12,72 €/KG","img":"https://fd15-photos.leclercdrive.fr/image.ashx?id=2791341&use=l&cat=p&typeid=i","cat":284265},{"id":130374,"n":"Protège document A4 Esquisse Noir - 200 vues","p":4.7,"img":"https://fd15-photos.leclercdrive.fr/image.ashx?id=1932807&use=l&cat=p&typeid=i","cat":284745},{"id":130393,"n":"Calculatrice bureau Esquisse Bleu turquoise","p":6.83,"img":"https://fd15-photos.leclercdrive.fr/image.ashx?id=1932867&use=l&cat=p&typeid=i","cat":334133},{"id":130394,"n":"Calculatrice bureau Esquisse Rouge","p":6.83,"img":"https://fd15-photos.leclercdrive.fr/image.ashx?id=1932870&use=l&cat=p&typeid=i","cat":334133},{"id":130396,"n":"Calculatrice bureau Esquisse Bleu","p":6.83,"img":"https://fd15-photos.leclercdrive.fr/image.ashx?id=1932876&use=l&cat=p&typeid=i","cat":334133},{"id":130457,"n":"Portes-mines jetables Esquisse Jaune, vert, bleu - x3","p":1.2,"img":"https://fd15-photos.leclercdrive.fr/image.ashx?id=2943304&use=l&cat=p&typeid=i","cat":284696},{"id":130507,"n":"Sauce apéritif Old El Paso Salsa épicée - 312g","p":3.79,"u":"12,15 €/KG","img":"https://fd15-photos.leclercdrive.fr/image.ashx?id=2737606&use=l&cat=p&typeid=i","cat":288993},{"id":130527,"n":"Crème dessert Mont Blanc Chocolat - 6x125g","p":5.59,"u":"7,45 €/KG","img":"https://fd15-photos.leclercdrive.fr/image.ashx?id=1934733&use=l&cat=p&typeid=i","cat":284506},{"id":130536,"n":"Crème dessert Mont Blanc Vanille - 6x125g","p":5.59,"u":"7,45 €/KG","img":"https://fd15-photos.leclercdrive.fr/image.ashx?id=1934736&use=l&cat=p&typeid=i","cat":284506},{"id":130571,"n":"Shampooing bio  I Love Bio SOS cheveux sec - 200ml","p":6.16,"u":"30,80 €/L","img":"https://fd15-photos.leclercdrive.fr/image.ashx?id=2494788&use=l&cat=p&typeid=i","cat":284606},{"id":130600,"n":"Agrafeuse Esquisse Turquoise - +400 agrafes n°10","p":1.79,"img":"https://fd15-photos.leclercdrive.fr/image.ashx?id=1936257&use=l&cat=p&typeid=i","cat":334133},{"id":130601,"n":"Agrafeuse Esquisse Rouge - +400 agrafes n°10","p":1.79,"img":"https://fd15-photos.leclercdrive.fr/image.ashx?id=1936260&use=l&cat=p&typeid=i","cat":334133},{"id":130602,"n":"Agrafeuse Esquisse Rose - +400 agrafes n°10","p":1.79,"img":"https://fd15-photos.leclercdrive.fr/image.ashx?id=1936263&use=l&cat=p&typeid=i","cat":334133},{"id":130603,"n":"Agrafeuse Esquisse Bleu - +400 agrafes n°10","p":1.79,"img":"https://fd15-photos.leclercdrive.fr/image.ashx?id=1936266&use=l&cat=p&typeid=i","cat":334133},{"id":130629,"n":"Dés de Mimolette et Gouda Petit Marché - 120g","p":3.39,"u":"28,25 €/KG","img":"https://fd15-photos.leclercdrive.fr/image.ashx?id=2189372&use=l&cat=p&typeid=i","cat":314027},{"id":130676,"n":"Lomo Cave à Jambon 80g","p":4.9,"u":"61,25 €/KG","img":"https://fd15-photos.leclercdrive.fr/image.ashx?id=2879095&use=l&cat=p&typeid=i","cat":316007},{"id":130717,"n":"Spaghetti courts Lustucru 3 min - 500g","p":2.23,"u":"4,46 €/KG","img":"https://fd15-photos.leclercdrive.fr/image.ashx?id=2023167&use=l&cat=p&typeid=i","cat":284427},{"id":130744,"n":"Nouilles aux oeufs Suzi Wan 250g","p":2.6,"u":"10,40 €/KG","img":"https://fd15-photos.leclercdrive.fr/image.ashx?id=2892928&use=l&cat=p&typeid=i","cat":288992},{"id":130749,"n":"Yaourt à la grecque YAOS Noix de coco - 4x125g","p":3.75,"u":"7,50 €/KG","img":"https://fd15-photos.leclercdrive.fr/image.ashx?id=2213469&use=l&cat=p&typeid=i","cat":314999},{"id":130752,"n":"Maquereau Petit Navire 175g Vin blanc et aromates - 175g","p":3.73,"u":"21,31 €/KG","img":"https://fd15-photos.leclercdrive.fr/image.ashx?id=2989063&use=l&cat=p&typeid=i","cat":303868},{"id":130755,"n":"Maquereau Moutarde PETIT NAVIRE Moutarde sans arome ajouté 169g","p":3.79,"u":"22,43 €/KG","img":"https://fd15-photos.leclercdrive.fr/image.ashx?id=2989060&use=l&cat=p&typeid=i","cat":303868},{"id":130759,"n":"Barres Nakd Cacahuètes Raw   Barres de Fruits & Noix 4x35g","p":4.59,"u":"32,79 €/KG","img":"https://fd15-photos.leclercdrive.fr/image.ashx?id=3005251&use=l&cat=p&typeid=i","cat":285869},{"id":130783,"n":"Cidre rosé Ecusson 75 cl","p":3.9,"u":"5,20 €/L","img":"https://fd15-photos.leclercdrive.fr/image.ashx?id=2687839&use=l&cat=p&typeid=i","cat":334880},{"id":130788,"n":"Tablette chocolat au lait Eco+ Ménage - 5x100g","p":5.15,"u":"10,30 €/KG","img":"https://fd15-photos.leclercdrive.fr/image.ashx?id=2746778&use=l&cat=p&typeid=i","cat":284497},{"id":130789,"n":"Préparation Gâteau alsa Moelleux Nature - 435g","p":4.95,"u":"11,38 €/KG","img":"https://fd15-photos.leclercdrive.fr/image.ashx?id=2996431&use=l&cat=p&typeid=i","cat":284505},{"id":130790,"n":"Préparation Gâteau alsa Moelleux Chocolat - 435g","p":4.69,"u":"10,78 €/KG","img":"https://fd15-photos.leclercdrive.fr/image.ashx?id=2996434&use=l&cat=p&typeid=i","cat":284505},{"id":130792,"n":"Préparation Gâteau alsa Moelleux Citron - 435g","p":5.1,"u":"11,72 €/KG","img":"https://fd15-photos.leclercdrive.fr/image.ashx?id=2961864&use=l&cat=p&typeid=i","cat":284505},{"id":130804,"n":"Préparation Gâteau alsa Fondant au Chocolat - 435g","p":4.39,"u":"13,72 €/KG","img":"https://fd15-photos.leclercdrive.fr/image.ashx?id=2996437&use=l&cat=p&typeid=i","cat":284505},{"id":130805,"n":"Nappage Sainte Lucie Chocolat - 200g","p":3.72,"u":"18,60 €/KG","img":"https://fd15-photos.leclercdrive.fr/image.ashx?id=2776121&use=l&cat=p&typeid=i","cat":284504},{"id":130838,"n":"Jus innocent orange sanguine grenade 900ml","p":3.39,"u":"3,77 €/L","img":"https://fd15-photos.leclercdrive.fr/image.ashx?id=2891247&use=l&cat=p&typeid=i","cat":285435},{"id":130881,"n":"Bâtonnets Côte d'Or Vanille x4 - 260g","p":5.89,"u":"22,65 €/KG","img":"https://fd15-photos.leclercdrive.fr/image.ashx?id=2844573&use=l&cat=p&typeid=i","cat":284265},{"id":130905,"n":"Arôme La Pateliere Fleur d'oranger - 250ml","p":2.8,"u":"11,20 €/KG","img":"https://fd15-photos.leclercdrive.fr/image.ashx?id=2101606&use=l&cat=p&typeid=i","cat":284504},{"id":130907,"n":"Amandes effilées La Pateliere 125g","p":3.89,"u":"31,12 €/KG","img":"https://fd15-photos.leclercdrive.fr/image.ashx?id=2101642&use=l&cat=p&typeid=i","cat":284504},{"id":130908,"n":"Amandes en poudre La Patelière 125g","p":3.85,"u":"30,80 €/KG","img":"https://fd15-photos.leclercdrive.fr/image.ashx?id=2101645&use=l&cat=p&typeid=i","cat":284504},{"id":130909,"n":"Noix de coco La Patelière Rapées - 125g","p":2.15,"u":"17,20 €/KG","img":"https://fd15-photos.leclercdrive.fr/image.ashx?id=2101648&use=l&cat=p&typeid=i","cat":284504},{"id":130915,"n":"Feuille gelatine La Patelière 12g","p":1.79,"u":"149,17 €/KG","img":"https://fd15-photos.leclercdrive.fr/image.ashx?id=2101639&use=l&cat=p&typeid=i","cat":284504},{"id":130918,"n":"Lait bébé poudre Guigoz Evolia  2ème âge - 6-12 mois - 800g","p":19.25,"u":"24,06 €/KG","img":"https://fd15-photos.leclercdrive.fr/image.ashx?id=2737111&use=l&cat=p&typeid=i","cat":284727},{"id":130931,"n":"Dés emmental Petit Marché 120g","p":3.39,"u":"28,25 €/KG","img":"https://fd15-photos.leclercdrive.fr/image.ashx?id=2324483&use=l&cat=p&typeid=i","cat":314027},{"id":130935,"n":"Dés fromage Petit Marché Chèvre - 120g","p":3.99,"u":"33,25 €/KG","img":"https://fd15-photos.leclercdrive.fr/image.ashx?id=2195332&use=l&cat=p&typeid=i","cat":314027},{"id":130936,"n":"Dés mimolette Petit Marché 120g","p":3.39,"u":"28,25 €/KG","img":"https://fd15-photos.leclercdrive.fr/image.ashx?id=2216981&use=l&cat=p&typeid=i","cat":314027},{"id":130937,"n":"Dés Fromage Méditerranéen Petit Marché 120g","p":3.65,"u":"30,42 €/KG","img":"https://fd15-photos.leclercdrive.fr/image.ashx?id=2263733&use=l&cat=p&typeid=i","cat":314027},{"id":130939,"n":"Dés Cheddar Petit Marché - 120g","p":3.39,"u":"28,25 €/KG","img":"https://fd15-photos.leclercdrive.fr/image.ashx?id=2303612&use=l&cat=p&typeid=i","cat":314027},{"id":130947,"n":"Pâte à acras de morue x10 - 100g","p":4.1,"u":"41,00 €/KG","img":"https://fd15-photos.leclercdrive.fr/image.ashx?id=2551737&use=l&cat=p&typeid=i","cat":288382},{"id":130951,"n":"Chips banane plantain Samai Salée - 75g","p":2.1,"u":"28,00 €/KG","img":"https://fd15-photos.leclercdrive.fr/image.ashx?id=2794982&use=l&cat=p&typeid=i","cat":284447},{"id":130965,"n":"Protège slips Love & Green Hypoallergéniques flexi - x28","p":3.45,"img":"https://fd15-photos.leclercdrive.fr/image.ashx?id=2811371&use=l&cat=p&typeid=i","cat":284625},{"id":130966,"n":"Protège slips Love & Green Hypoallergéniques larges- x28","p":3.45,"img":"https://fd15-photos.leclercdrive.fr/image.ashx?id=2811368&use=l&cat=p&typeid=i","cat":284625},{"id":131152,"n":"Brosse effacage à sec Maped Vert - Magnétique","p":2.29,"img":"https://fd15-photos.leclercdrive.fr/image.ashx?id=1922212&use=l&cat=p&typeid=i","cat":334133},{"id":131155,"n":"Brosse effacage à sec Maped Rouge - Magnétique","p":2.29,"img":"https://fd15-photos.leclercdrive.fr/image.ashx?id=1950633&use=l&cat=p&typeid=i","cat":334133},{"id":131163,"n":"Pelle métal 1 pièce","p":2.9,"img":"https://fd15-photos.leclercdrive.fr/image.ashx?id=1937833&use=l&cat=p&typeid=i","cat":284669},{"id":131232,"n":"AOP Champagne Brut Nature Cazanove - 75 cl","p":32.9,"u":"43,87 €/L","img":"https://fd15-photos.leclercdrive.fr/image.ashx?id=2567681&use=l&cat=p&typeid=i","cat":284542},{"id":131250,"n":"Crème dessert La Laitière  Pot de crème pistache - 4x100g","p":4.08,"u":"10,20 €/KG","img":"https://fd15-photos.leclercdrive.fr/image.ashx?id=2654608&use=l&cat=p&typeid=i","cat":285041},{"id":131382,"n":"Lait croissance GUIGOZ RELAIS  dès 12 mois - 800g","p":13.65,"u":"17,06 €/KG","img":"https://fd15-photos.leclercdrive.fr/image.ashx?id=2895029&use=l&cat=p&typeid=i","cat":290219},{"id":131384,"n":"Café Soluble Nescafé Cappuccino Praline - 279g","p":7.55,"u":"27,06 €/KG","img":"https://fd15-photos.leclercdrive.fr/image.ashx?id=2985567&use=l&cat=p&typeid=i","cat":284843},{"id":131388,"n":"Capsules Starbucks by Nespresso  Colombia Int 7 - x10","p":5.8,"u":"101,75 €/KG","img":"https://fd15-photos.leclercdrive.fr/image.ashx?id=2868152&use=l&cat=p&typeid=i","cat":284749},{"id":131390,"n":"Capsules Starbucks by Nespresso  House Blend Int 8 - x10","p":5.8,"u":"101,75 €/KG","img":"https://fd15-photos.leclercdrive.fr/image.ashx?id=2868143&use=l&cat=p&typeid=i","cat":284749},{"id":131399,"n":"Café Capsules NESPRESSO int 7 Starbucks Pike Place Roast x10","p":5.8,"u":"109,43 €/KG","img":"https://fd15-photos.leclercdrive.fr/image.ashx?id=2945775&use=l&cat=p&typeid=i","cat":284749},{"id":131424,"n":"Capsules Starbucks by Nespresso  Blonde Espresso Int 6 - x10","p":5.8,"u":"109,43 €/KG","img":"https://fd15-photos.leclercdrive.fr/image.ashx?id=2868146&use=l&cat=p&typeid=i","cat":284749},{"id":131426,"n":"Capsules Starbucks by Nespresso  Espresso Roast Int 11 - x10","p":5.85,"u":"102,63 €/KG","img":"https://fd15-photos.leclercdrive.fr/image.ashx?id=2868149&use=l&cat=p&typeid=i","cat":284749},{"id":131428,"n":"Capsules Starbucks by Nespresso  Verona Int 10 - x10","p":5.8,"u":"101,75 €/KG","img":"https://fd15-photos.leclercdrive.fr/image.ashx?id=2945769&use=l&cat=p&typeid=i","cat":284749},{"id":131431,"n":"Café Capsules by DOLCE GUSTO Starbucks Caramel Macchiato 2x6","p":6.5,"u":"51,18 €/KG","img":"https://fd15-photos.leclercdrive.fr/image.ashx?id=2966785&use=l&cat=p&typeid=i","cat":293239},{"id":131625,"n":"Thé glacé Fuze Tea  Menthe Citron vert - 1,25L","p":3.17,"u":"2,54 €/L","img":"https://fd15-photos.leclercdrive.fr/image.ashx?id=2940402&use=l&cat=p&typeid=i","cat":295019},{"id":131640,"n":"Bière Kekette triple charge 8.5% vol. 33cl","p":4.49,"u":"13,61 €/L","img":"https://fd15-photos.leclercdrive.fr/image.ashx?id=2582339&use=l&cat=p&typeid=i","cat":334852},{"id":131644,"n":"Cahier Esquisse Grands carreaux Bleu clair 21x29.7cm 96 pages","p":1.25,"img":"https://fd15-photos.leclercdrive.fr/image.ashx?id=1940408&use=l&cat=p&typeid=i","cat":284697},{"id":131777,"n":"Ananas en morceaux Eco+ Sirop léger - 340 g","p":2.35,"u":"6,53 €/KG","img":"https://fd15-photos.leclercdrive.fr/image.ashx?id=2655574&use=l&cat=p&typeid=i","cat":284507},{"id":131782,"n":"Abricots demi-fruits Eco+ Sirop léger - 475 g","p":2.8,"u":"5,89 €/KG","img":"https://fd15-photos.leclercdrive.fr/image.ashx?id=2618220&use=l&cat=p&typeid=i","cat":284507},{"id":131784,"n":"Barres céréales Eco+ Choco/banane - 125g","p":1.09,"u":"8,72 €/KG","img":"https://fd15-photos.leclercdrive.fr/image.ashx?id=2791203&use=l&cat=p&typeid=i","cat":285869},{"id":131786,"n":"Café Dolce Gusto Plantation Décaféiné N°5 - x16 - 106g","p":5.79,"u":"54,62 €/KG","img":"https://fd15-photos.leclercdrive.fr/image.ashx?id=2649741&use=l&cat=p&typeid=i","cat":293239},{"id":131788,"n":"Barres céréales Eco+ Pomme/abricot - 125g","p":1.09,"u":"8,72 €/KG","img":"https://fd15-photos.leclercdrive.fr/image.ashx?id=2791206&use=l&cat=p&typeid=i","cat":285869},{"id":131790,"n":"Barres céréales Eco+ Chocolat & cacahuètes x6 - 126g","p":1.09,"u":"8,65 €/KG","img":"https://fd15-photos.leclercdrive.fr/image.ashx?id=2791209&use=l&cat=p&typeid=i","cat":285869},{"id":131791,"n":"Céréales blé soufflé Eco+ Au miel - 750g","p":5.39,"u":"7,19 €/KG","img":"https://fd15-photos.leclercdrive.fr/image.ashx?id=2625059&use=l&cat=p&typeid=i","cat":309513},{"id":131794,"n":"Betteraves rouges 3x130g","p":1.88,"u":"4,82 €/KG","img":"https://fd15-photos.leclercdrive.fr/image.ashx?id=2537848&use=l&cat=p&typeid=i","cat":312611},{"id":131799,"n":"Boules de céréales Eco+ Au chocolat - 750g","p":4.05,"u":"5,40 €/KG","img":"https://fd15-photos.leclercdrive.fr/image.ashx?id=2772948&use=l&cat=p&typeid=i","cat":309513},{"id":131800,"n":"Céréales boules de mais Eco + Au miel - 750g","p":3.3,"u":"4,40 €/KG","img":"https://fd15-photos.leclercdrive.fr/image.ashx?id=2765828&use=l&cat=p&typeid=i","cat":309513},{"id":131801,"n":"Bonbons tendres aux fruits Eco + - 500g","p":3.35,"u":"6,70 €/KG","img":"https://fd15-photos.leclercdrive.fr/image.ashx?id=2729266&use=l&cat=p&typeid=i","cat":304250},{"id":131802,"n":"Boules céréales miel P'tit Déli 400g","p":3.19,"u":"7,98 €/KG","img":"https://fd15-photos.leclercdrive.fr/image.ashx?id=2183110&use=l&cat=p&typeid=i","cat":309513},{"id":131806,"n":"Céréales fourrées P'tit Déli Chocolat au lait - 450g","p":3.35,"u":"7,44 €/KG","img":"https://fd15-photos.leclercdrive.fr/image.ashx?id=2835211&use=l&cat=p&typeid=i","cat":309513},{"id":131807,"n":"Choucroute garnie 800g","p":3.95,"u":"4,94 €/KG","img":"https://fd15-photos.leclercdrive.fr/image.ashx?id=2665571&use=l&cat=p&typeid=i","cat":284441},{"id":131809,"n":"Chocolat noir dégustation 100g","p":1.39,"u":"13,90 €/KG","img":"https://fd15-photos.leclercdrive.fr/image.ashx?id=2858375&use=l&cat=p&typeid=i","cat":284956},{"id":131811,"n":"Chicorée café Eco+ Soluble - 200g","p":2.99,"u":"14,95 €/KG","img":"https://fd15-photos.leclercdrive.fr/image.ashx?id=2494302&use=l&cat=p&typeid=i","cat":284843},{"id":131813,"n":"Chocolat noir dégust 99% cacao 80g","p":2.09,"u":"26,13 €/KG","img":"https://fd15-photos.leclercdrive.fr/image.ashx?id=2441733&use=l&cat=p&typeid=i","cat":284956},{"id":131814,"n":"Confiture Eco+ Fraise - 1kg","p":3.59,"u":"3,59 €/KG","img":"https://fd15-photos.leclercdrive.fr/image.ashx?id=2953197&use=l&cat=p&typeid=i","cat":284480},{"id":131815,"n":"Crackers 2x100g","p":1.12,"u":"5,60 €/KG","img":"https://fd15-photos.leclercdrive.fr/image.ashx?id=2660526&use=l&cat=p&typeid=i","cat":297000},{"id":131816,"n":"Couscous boulettes volaille 1050g","p":5.19,"u":"4,94 €/KG","img":"https://fd15-photos.leclercdrive.fr/image.ashx?id=2476918&use=l&cat=p&typeid=i","cat":325094},{"id":131818,"n":"Céréales Corn Flakes Eco+ Nature - 750g","p":3.1,"u":"4,13 €/KG","img":"https://fd15-photos.leclercdrive.fr/image.ashx?id=2711589&use=l&cat=p&typeid=i","cat":309513},{"id":131820,"n":"Corn Flackes sucrés 400g","p":3.12,"u":"7,80 €/KG","img":"https://fd15-photos.leclercdrive.fr/image.ashx?id=2688764&use=l&cat=p&typeid=i","cat":309513},{"id":131821,"n":"Croissants Eco+ x10 - 400g","p":2.57,"u":"6,43 €/KG","img":"https://fd15-photos.leclercdrive.fr/image.ashx?id=2922914&use=l&cat=p&typeid=i","cat":296366},{"id":131823,"n":"Gratin dauphinois 850g","p":2.09,"u":"2,46 €/KG","img":"https://fd15-photos.leclercdrive.fr/image.ashx?id=2521740&use=l&cat=p&typeid=i","cat":284441},{"id":131824,"n":"Marshmallows 200g","p":1.3,"u":"6,50 €/KG","img":"https://fd15-photos.leclercdrive.fr/image.ashx?id=2761289&use=l&cat=p&typeid=i","cat":304250},{"id":131825,"n":"Mais croquant Eco+ 3x140g","p":2.19,"u":"5,21 €/KG","img":"https://fd15-photos.leclercdrive.fr/image.ashx?id=2874675&use=l&cat=p&typeid=i","cat":312611},{"id":131826,"n":"Miettes thon à la tomate Eco + 160g","p":1.25,"u":"7,81 €/KG","img":"https://fd15-photos.leclercdrive.fr/image.ashx?id=2751856&use=l&cat=p&typeid=i","cat":303867},{"id":131827,"n":"Mouliné aux 8 légumes Eco+ 1L","p":1.55,"u":"1,55 €/L","img":"https://fd15-photos.leclercdrive.fr/image.ashx?id=2768451&use=l&cat=p&typeid=i","cat":284462},{"id":131828,"n":"Miel de fleurs  Massif du Jura NRT - 375g","p":8.77,"u":"23,39 €/KG","img":"https://fd15-photos.leclercdrive.fr/image.ashx?id=2771417&use=l&cat=p&typeid=i","cat":287643},{"id":131829,"n":"Noix de Muscade Ducros 18g","p":3.1,"u":"172,22 €/KG","img":"https://fd15-photos.leclercdrive.fr/image.ashx?id=2559466&use=l&cat=p&typeid=i","cat":298297},{"id":131831,"n":"Pâté de campagne Eco+ 3x78g","p":1.95,"u":"8,33 €/KG","img":"https://fd15-photos.leclercdrive.fr/image.ashx?id=2852943&use=l&cat=p&typeid=i","cat":305149},{"id":131832,"n":"Olives vertes dénoyautées 490g","p":3.99,"u":"8,14 €/KG","img":"https://fd15-photos.leclercdrive.fr/image.ashx?id=2946811&use=l&cat=p&typeid=i","cat":284458},{"id":131833,"n":"Olives vertes réduite en sel Dénoyautées - 160g","p":2.29,"u":"14,31 €/KG","img":"https://fd15-photos.leclercdrive.fr/image.ashx?id=1942587&use=l&cat=p&typeid=i","cat":284458},{"id":131836,"n":"Pêches demi-fruits Eco+ Sirop léger - 465 g","p":2.89,"u":"6,22 €/KG","img":"https://fd15-photos.leclercdrive.fr/image.ashx?id=2655571&use=l&cat=p&typeid=i","cat":284507},{"id":131837,"n":"Petit pain grillé Bio Village Bio - 225g","p":2.04,"u":"9,07 €/KG","img":"https://fd15-photos.leclercdrive.fr/image.ashx?id=2595125&use=l&cat=p&typeid=i","cat":284479},{"id":131855,"n":"Saucisses fumées lentilles 840g","p":2.95,"u":"3,51 €/KG","img":"https://fd15-photos.leclercdrive.fr/image.ashx?id=2664569&use=l&cat=p&typeid=i","cat":312609},{"id":131861,"n":"Sticks salés sachet Eco+ 250g","p":1.19,"u":"4,76 €/KG","img":"https://fd15-photos.leclercdrive.fr/image.ashx?id=2664572&use=l&cat=p&typeid=i","cat":297000},{"id":131864,"n":"Potage déshydratée Eco + poireaux pommes de terre 74g","p":0.95,"u":"12,84 €/KG","img":"https://fd15-photos.leclercdrive.fr/image.ashx?id=2656378&use=l&cat=p&typeid=i","cat":284463},{"id":132008,"n":"Pain de mie complet Jacquet Maxi-tranches - 825g","p":3.6,"u":"4,36 €/KG","img":"https://fd15-photos.leclercdrive.fr/image.ashx?id=2991870&use=l&cat=p&typeid=i","cat":284477},{"id":132067,"n":"Mayonnaise Rustica 830g","p":5.29,"u":"6,37 €/KG","img":"https://fd15-photos.leclercdrive.fr/image.ashx?id=2994827&use=l&cat=p&typeid=i","cat":298295},{"id":132069,"n":"Sauce Samourai Rustica 840g","p":5.45,"u":"6,49 €/KG","img":"https://fd15-photos.leclercdrive.fr/image.ashx?id=1944261&use=l&cat=p&typeid=i","cat":318431},{"id":132070,"n":"Sauce Frites Rustica 919g","p":4.79,"u":"5,21 €/KG","img":"https://fd15-photos.leclercdrive.fr/image.ashx?id=1944264&use=l&cat=p&typeid=i","cat":318431},{"id":132072,"n":"Sauce Burger Rustica 850g","p":6.29,"u":"7,40 €/KG","img":"https://fd15-photos.leclercdrive.fr/image.ashx?id=1944270&use=l&cat=p&typeid=i","cat":318431},{"id":132073,"n":"Huile de Friture Rustica 5L","p":16.39,"u":"3,28 €/L","img":"https://fd15-photos.leclercdrive.fr/image.ashx?id=2508888&use=l&cat=p&typeid=i","cat":284453},{"id":132088,"n":"Sauce Barilla Tomates Cuisinées - 400g","p":2.38,"u":"5,95 €/KG","img":"https://fd15-photos.leclercdrive.fr/image.ashx?id=2832527&use=l&cat=p&typeid=i","cat":287599},{"id":132109,"n":"Batonnets de glace Nuii Mangue d'Inde et Noix de Coco  x4","p":5.89,"u":"20,59 €/KG","img":"https://fd15-photos.leclercdrive.fr/image.ashx?id=2506825&use=l&cat=p&typeid=i","cat":284265},{"id":132153,"n":"Bâtonnets Trium Cacahuètes x4 - 306g","p":4.26,"u":"13,92 €/KG","img":"https://fd15-photos.leclercdrive.fr/image.ashx?id=2920785&use=l&cat=p&typeid=i","cat":284265},{"id":132163,"n":"Lait bébé liquide Blédilait croissance 1-3 ans 4x500ml","p":7.4,"u":"3,70 €/L","img":"https://fd15-photos.leclercdrive.fr/image.ashx?id=2892418&use=l&cat=p&typeid=i","cat":284728},{"id":132165,"n":"Sorbet Eskiss Citron jaune - 650g","p":3.65,"u":"5,62 €/KG","img":"https://fd15-photos.leclercdrive.fr/image.ashx?id=2982664&use=l&cat=p&typeid=i","cat":284263},{"id":132177,"n":"Petits pots bébé P'TITE RECETTE Curry de Poisson 12M+ - 2x200g","p":3.49,"u":"8,73 €/KG","img":"https://fd15-photos.leclercdrive.fr/image.ashx?id=2527118&use=l&cat=p&typeid=i","cat":312237},{"id":132180,"n":"Petits pots bébé P'TITE RECETTE Tajine de poulet 12M+ - 2x200g","p":3.24,"u":"8,10 €/KG","img":"https://fd15-photos.leclercdrive.fr/image.ashx?id=2525720&use=l&cat=p&typeid=i","cat":312237},{"id":132227,"n":"Caffe Latte Classique Lactel 3x20cl","p":4.5,"u":"7,50 €/L","img":"https://fd15-photos.leclercdrive.fr/image.ashx?id=2975308&use=l&cat=p&typeid=i","cat":295246},{"id":132228,"n":"Caffe Latte Cappuccino Lactel 3x20cl","p":4.5,"u":"7,50 €/L","img":"https://fd15-photos.leclercdrive.fr/image.ashx?id=2890992&use=l&cat=p&typeid=i","cat":295246},{"id":132234,"n":"Flocons d'avoine Grainea 500g","p":0.99,"u":"1,98 €/KG","img":"https://fd15-photos.leclercdrive.fr/image.ashx?id=2919655&use=l&cat=p&typeid=i","cat":309512},{"id":132243,"n":"Lessive liquide couleur Epsil 25 lavages - 1.25L","p":3.49,"u":"2,79 €/L","img":"https://fd15-photos.leclercdrive.fr/image.ashx?id=2602961&use=l&cat=p&typeid=i","cat":284640},{"id":132259,"n":"Huile de fleur de colza Lesieur 1L","p":3.9,"u":"3,90 €/L","img":"https://fd15-photos.leclercdrive.fr/image.ashx?id=2508663&use=l&cat=p&typeid=i","cat":284453},{"id":132285,"n":"Feta grecque AOP Les Croisés - Tranche - 150g","p":2.5,"u":"16,67 €/KG","img":"https://fd15-photos.leclercdrive.fr/image.ashx?id=2688312&use=l&cat=p&typeid=i","cat":314026},{"id":132289,"n":"Café moulu L'Or Décaféiné 100% Arabica - 250g","p":10.27,"u":"41,08 €/KG","img":"https://fd15-photos.leclercdrive.fr/image.ashx?id=1947006&use=l&cat=p&typeid=i","cat":284750},{"id":132290,"n":"Huile d'Olive Carapelli Extra Vierge Classico - 75cl","p":13.69,"u":"18,25 €/L","img":"https://fd15-photos.leclercdrive.fr/image.ashx?id=2737480&use=l&cat=p&typeid=i","cat":284453},{"id":132304,"n":"Pignons de pin 100%nat 50g","p":5.19,"u":"103,80 €/KG","img":"https://fd15-photos.leclercdrive.fr/image.ashx?id=2467273&use=l&cat=p&typeid=i","cat":284504},{"id":132330,"n":"Ail semoule Eco + 54g","p":0.99,"u":"18,33 €/KG","img":"https://fd15-photos.leclercdrive.fr/image.ashx?id=2717249&use=l&cat=p&typeid=i","cat":298297},{"id":132342,"n":"Tablette de chocolat Eco+ Blanc - 4x100g","p":4.89,"u":"12,23 €/KG","img":"https://fd15-photos.leclercdrive.fr/image.ashx?id=2661927&use=l&cat=p&typeid=i","cat":284957},{"id":132348,"n":"Delir' Pik Haribo Sachet bonbons acidulés - 275g","p":3.5,"u":"12,73 €/KG","img":"https://fd15-photos.leclercdrive.fr/image.ashx?id=2984904&use=l&cat=p&typeid=i","cat":304250},{"id":132372,"n":"Gâteaux moelleux LU Nature - 140g","p":2.75,"u":"19,64 €/KG","img":"https://fd15-photos.leclercdrive.fr/image.ashx?id=2669418&use=l&cat=p&typeid=i","cat":284495},{"id":132382,"n":"Sardines à la tomate Eco+ 3x125g","p":3.19,"u":"8,51 €/KG","img":"https://fd15-photos.leclercdrive.fr/image.ashx?id=2694073&use=l&cat=p&typeid=i","cat":305146},{"id":132392,"n":"Gratte éponge Spontex Longue durée - x3","p":3.6,"u":"1,20 €/P","img":"https://fd15-photos.leclercdrive.fr/image.ashx?id=2973072&use=l&cat=p&typeid=i","cat":284667},{"id":132393,"n":"Lait croissance Guigoz Optipro En poudre - dès 18 mois - 900g","p":14.25,"u":"15,83 €/KG","img":"https://fd15-photos.leclercdrive.fr/image.ashx?id=2517589&use=l&cat=p&typeid=i","cat":290219},{"id":132441,"n":"Spirale anti moustiques Raid x10","p":2.82,"img":"https://fd15-photos.leclercdrive.fr/image.ashx?id=2672518&use=l&cat=p&typeid=i","cat":298368},{"id":132446,"n":"Serviettes ultra normal Tadam Dermo-sensitives bio - x14","p":3.38,"img":"https://fd15-photos.leclercdrive.fr/image.ashx?id=2754752&use=l&cat=p&typeid=i","cat":284624},{"id":132487,"n":"Gel déboucheur Syphon Javel soude - 1L","p":2.29,"u":"2,29 €/L","img":"https://fd15-photos.leclercdrive.fr/image.ashx?id=2202476&use=l&cat=p&typeid=i","cat":284908},{"id":132534,"n":"AOP Saumur Champigny Domaine des Coutures - 75cl","p":11.2,"u":"14,93 €/L","img":"https://fd15-photos.leclercdrive.fr/image.ashx?id=1964078&use=l&cat=p&typeid=i","cat":289556},{"id":132572,"n":"AOP Saumur Mousseux Brut Lacheteau Origine - 75cl","p":8.73,"u":"11,64 €/L","img":"https://fd15-photos.leclercdrive.fr/image.ashx?id=2960768&use=l&cat=p&typeid=i","cat":284545},{"id":132581,"n":"Céréales soufflé P'tit Déli Au chocolat - 400g","p":3.45,"u":"8,63 €/KG","img":"https://fd15-photos.leclercdrive.fr/image.ashx?id=2811875&use=l&cat=p&typeid=i","cat":309513},{"id":132582,"n":"Céréales soufflé blé P'tit Déli Miel caramel - 400g","p":3.38,"u":"8,45 €/KG","img":"https://fd15-photos.leclercdrive.fr/image.ashx?id=2804338&use=l&cat=p&typeid=i","cat":309513},{"id":132585,"n":"Skyr Yoplait  Nature 0%Mg - 4x100g","p":3.79,"u":"9,48 €/KG","img":"https://fd15-photos.leclercdrive.fr/image.ashx?id=2884435&use=l&cat=p&typeid=i","cat":315000},{"id":132590,"n":"Madeleines St Michel Fourrées au chocolat - 350g","p":4.7,"u":"13,43 €/KG","img":"https://fd15-photos.leclercdrive.fr/image.ashx?id=2949964&use=l&cat=p&typeid=i","cat":284492},{"id":132601,"n":"Fan of Pik Haribo  Sachet bonbons acidulés - 200g","p":2.49,"u":"12,45 €/KG","img":"https://fd15-photos.leclercdrive.fr/image.ashx?id=2789766&use=l&cat=p&typeid=i","cat":304250},{"id":132602,"n":"Bandz Pik Haribo Sachet bonbons acidulés - 200g","p":2.25,"u":"11,25 €/KG","img":"https://fd15-photos.leclercdrive.fr/image.ashx?id=2982417&use=l&cat=p&typeid=i","cat":304250},{"id":132603,"n":"Fromage Abondance NRT AOP 250g","p":5.99,"u":"23,96 €/KG","img":"https://fd15-photos.leclercdrive.fr/image.ashx?id=2472686&use=l&cat=p&typeid=i","cat":314034},{"id":132612,"n":"Biscuits Le petit St Michel Coeur chocolat au lait - 132g","p":2.62,"u":"19,85 €/KG","img":"https://fd15-photos.leclercdrive.fr/image.ashx?id=2949967&use=l&cat=p&typeid=i","cat":284488},{"id":132613,"n":"Café dosettes Tassimo L'Or XL Intense x16","p":7.59,"u":"55,81 €/KG","img":"https://fd15-photos.leclercdrive.fr/image.ashx?id=1949081&use=l&cat=p&typeid=i","cat":293240},{"id":132625,"n":"Batônnets Trium Vanille Fruits rouge x4 - 286g","p":3.64,"u":"12,73 €/KG","img":"https://fd15-photos.leclercdrive.fr/image.ashx?id=2920782&use=l&cat=p&typeid=i","cat":284265},{"id":132629,"n":"Pétales de blé P'tit Déli Au chocolat - 400g","p":2.49,"u":"6,23 €/KG","img":"https://fd15-photos.leclercdrive.fr/image.ashx?id=2765846&use=l&cat=p&typeid=i","cat":309513},{"id":132630,"n":"Sorbet Eskiss Pomme - 650g","p":3.59,"u":"5,52 €/KG","img":"https://fd15-photos.leclercdrive.fr/image.ashx?id=2982670&use=l&cat=p&typeid=i","cat":284263},{"id":132631,"n":"Sorbet Eskiss Poire - 650g","p":4.1,"u":"6,31 €/KG","img":"https://fd15-photos.leclercdrive.fr/image.ashx?id=2983826&use=l&cat=p&typeid=i","cat":284263},{"id":132634,"n":"Sérum physiologique 40x5ml","p":8.3,"u":"41,50 €/L","img":"https://fd15-photos.leclercdrive.fr/image.ashx?id=2908879&use=l&cat=p&typeid=i","cat":284741},{"id":132635,"n":"Bac sorbet Bio Bio Village Citron - 585g","p":4.68,"u":"8,00 €/KG","img":"https://fd15-photos.leclercdrive.fr/image.ashx?id=1948134&use=l&cat=p&typeid=i","cat":284263},{"id":132636,"n":"Bac parfum chocolat Eco+ 500g","p":2.09,"u":"4,18 €/KG","img":"https://fd15-photos.leclercdrive.fr/image.ashx?id=2726488&use=l&cat=p&typeid=i","cat":284263},{"id":132637,"n":"Batonnets Eco + Vanille chocolat - x16 - 536g","p":3.59,"u":"6,70 €/KG","img":"https://fd15-photos.leclercdrive.fr/image.ashx?id=2768077&use=l&cat=p&typeid=i","cat":284265},{"id":132638,"n":"Batonnet Trium Vanille fruit exotique x4  294g","p":3.3,"u":"11,22 €/KG","img":"https://fd15-photos.leclercdrive.fr/image.ashx?id=2911699&use=l&cat=p&typeid=i","cat":284265},{"id":132640,"n":"Batonnets Trium Citron meringue - x4 - 280g","p":3.79,"u":"13,54 €/KG","img":"https://fd15-photos.leclercdrive.fr/image.ashx?id=2120311&use=l&cat=p&typeid=i","cat":284265},{"id":132641,"n":"Mini batonnets Trium Vanille - x8 - 288g","p":3.69,"u":"12,81 €/KG","img":"https://fd15-photos.leclercdrive.fr/image.ashx?id=2920797&use=l&cat=p&typeid=i","cat":284265},{"id":132768,"n":"AOP Côtes du Rhône vin rouge Château Courac - 75cl","p":11.55,"u":"15,40 €/L","img":"https://fd15-photos.leclercdrive.fr/image.ashx?id=2859599&use=l&cat=p&typeid=i","cat":289556},{"id":132780,"n":"AOP Champagne Lanson Brut Le Black Label - 12.5%vol 75cl","p":55.69,"u":"74,25 €/L","img":"https://fd15-photos.leclercdrive.fr/image.ashx?id=2914453&use=l&cat=p&typeid=i","cat":284542},{"id":132789,"n":"Mayonnaise Bénédicta Signature - 255g","p":2.65,"u":"11,78 €/KG","img":"https://fd15-photos.leclercdrive.fr/image.ashx?id=2548216&use=l&cat=p&typeid=i","cat":298295},{"id":132795,"n":"Désinfectant Sanytol 150ml","p":4.36,"u":"29,07 €/L","img":"https://fd15-photos.leclercdrive.fr/image.ashx?id=2785412&use=l&cat=p&typeid=i","cat":285201},{"id":132808,"n":"Skyr Yoplait  Lit Fruits Rouges 0%Mg - 4x100g","p":3.79,"u":"9,48 €/KG","img":"https://fd15-photos.leclercdrive.fr/image.ashx?id=2884438&use=l&cat=p&typeid=i","cat":315000},{"id":132811,"n":"Skyr Yoplait  Sur Lit Myrtilles 0%MG - 4x100G","p":3.85,"u":"9,63 €/KG","img":"https://fd15-photos.leclercdrive.fr/image.ashx?id=2884441&use=l&cat=p&typeid=i","cat":315000},{"id":132815,"n":"Skyr Yoplait  Sur Lit Citron 0%MG - 4x100g","p":3.79,"u":"9,48 €/KG","img":"https://fd15-photos.leclercdrive.fr/image.ashx?id=2317780&use=l&cat=p&typeid=i","cat":315000},{"id":132901,"n":"AOP Jurançon blanc moelleux Tradition Royale - 75cl","p":11.59,"u":"15,45 €/L","img":"https://fd15-photos.leclercdrive.fr/image.ashx?id=2996872&use=l&cat=p&typeid=i","cat":289557},{"id":132906,"n":"Confiture - Bonne Maman Fraise des bois - 335g","p":5.59,"u":"16,69 €/KG","img":"https://fd15-photos.leclercdrive.fr/image.ashx?id=2341005&use=l&cat=p&typeid=i","cat":284480},{"id":132924,"n":"Crème mains Le Petit Olivier Karité - 75ml","p":5.4,"u":"72,00 €/L","img":"https://fd15-photos.leclercdrive.fr/image.ashx?id=1951721&use=l&cat=p&typeid=i","cat":325354},{"id":132994,"n":"Baume nourrissant bio N.A.E. Nuit - 50ml","p":16.2,"u":"324,00 €/L","img":"https://fd15-photos.leclercdrive.fr/image.ashx?id=1954457&use=l&cat=p&typeid=i","cat":325345},{"id":133039,"n":"Lessive liquide noir Epsil 25 Lavages - 1.25L","p":3.55,"u":"2,84 €/L","img":"https://fd15-photos.leclercdrive.fr/image.ashx?id=2670350&use=l&cat=p&typeid=i","cat":284640},{"id":133044,"n":"Lessive laine & soie Epsil 25 lavages - 1.25L","p":3.85,"u":"3,08 €/L","img":"https://fd15-photos.leclercdrive.fr/image.ashx?id=2842319&use=l&cat=p&typeid=i","cat":284640},{"id":133061,"n":"Huile de massage So Bio Etic Ostéo+ Bien-être Bio - 100ml","p":7.6,"u":"76,00 €/L","img":"https://fd15-photos.leclercdrive.fr/image.ashx?id=2144782&use=l&cat=p&typeid=i","cat":325349},{"id":133083,"n":"Bac gourmand Ice Cream Factory Tiramisu - 500g","p":4.75,"u":"9,50 €/KG","img":"https://fd15-photos.leclercdrive.fr/image.ashx?id=2671733&use=l&cat=p&typeid=i","cat":284263},{"id":133085,"n":"Bac gourmand Ice Cream Factory Tartufo - 500g","p":3.84,"u":"7,68 €/KG","img":"https://fd15-photos.leclercdrive.fr/image.ashx?id=2671736&use=l&cat=p&typeid=i","cat":284263},{"id":133086,"n":"Bac gourmand Ice Cream Factory Stracciatella - 500g","p":4.89,"u":"9,78 €/KG","img":"https://fd15-photos.leclercdrive.fr/image.ashx?id=2982679&use=l&cat=p&typeid=i","cat":284263},{"id":133098,"n":"AOP Saumur Blanc Demi-sec Gratien Meyer - 75cl","p":13.53,"u":"18,04 €/L","img":"https://fd15-photos.leclercdrive.fr/image.ashx?id=2731105&use=l&cat=p&typeid=i","cat":284544},{"id":133100,"n":"AOP Saumur effervescent Rosé Gratien Meyer - 75cl","p":11.67,"u":"15,56 €/L","img":"https://fd15-photos.leclercdrive.fr/image.ashx?id=2492596&use=l&cat=p&typeid=i","cat":284544},{"id":133115,"n":"Sauce Mayomix Heinz Mix mayonnaise & ketchup - 425g","p":4.04,"u":"9,51 €/KG","img":"https://fd15-photos.leclercdrive.fr/image.ashx?id=2926936&use=l&cat=p&typeid=i","cat":318431},{"id":133121,"n":"Poisson Pané Colin Alaska Findus Céréales graines - 250g","p":5.02,"u":"20,08 €/KG","img":"https://fd15-photos.leclercdrive.fr/image.ashx?id=3008764&use=l&cat=p&typeid=i","cat":319788},{"id":133173,"n":"IGP Pays d'Oc blanc Ormes De Cambras Sauvignon 12% 75cl","p":5.65,"u":"7,53 €/L","img":"https://fd15-photos.leclercdrive.fr/image.ashx?id=2105155&use=l&cat=p&typeid=i","cat":289557},{"id":133180,"n":"Yaourt bifidus Activia céréales Muesli quinoa noisette - 8x120g","p":6.09,"u":"6,34 €/KG","img":"https://fd15-photos.leclercdrive.fr/image.ashx?id=2861981&use=l&cat=p&typeid=i","cat":315000},{"id":133188,"n":"Douche crème bio So Bio Etic Surgras à l'huile de coco-650ml","p":9.45,"u":"14,54 €/L","img":"https://fd15-photos.leclercdrive.fr/image.ashx?id=2891580&use=l&cat=p&typeid=i","cat":284594},{"id":133218,"n":"Déodorant spray Monsavon Grenade & Hibiscus - 2x200ml","p":9.3,"u":"23,25 €/L","img":"https://fd15-photos.leclercdrive.fr/image.ashx?id=2489959&use=l&cat=p&typeid=i","cat":284595},{"id":133259,"n":"AOC Saint-Julien rouge Sarget de Gruaud Larose - 75cl","p":48.72,"u":"64,96 €/L","img":"https://fd15-photos.leclercdrive.fr/image.ashx?id=2180478&use=l&cat=p&typeid=i","cat":289556},{"id":133289,"n":"AOP Bordeaux vin  rosé Mission St Vincent - 75 cl","p":10.6,"u":"14,13 €/L","img":"https://fd15-photos.leclercdrive.fr/image.ashx?id=2741499&use=l&cat=p&typeid=i","cat":289558},{"id":133340,"n":"Soin barbe 3 jours Nivea Men 125ml","p":11.74,"u":"93,92 €/L","img":"https://fd15-photos.leclercdrive.fr/image.ashx?id=2225444&use=l&cat=p&typeid=i","cat":284622},{"id":133358,"n":"IGP Cidre Loic Raison Doux fruité - 75cl","p":4.8,"u":"6,40 €/L","img":"https://fd15-photos.leclercdrive.fr/image.ashx?id=2606286&use=l&cat=p&typeid=i","cat":334880},{"id":133360,"n":"Cidre Brut intense Loic Raison 75cl","p":4.3,"u":"5,73 €/L","img":"https://fd15-photos.leclercdrive.fr/image.ashx?id=2606292&use=l&cat=p&typeid=i","cat":334880},{"id":133426,"n":"Capsules Nescafé Dolce Gusto Marrakech Tea - x16","p":7.35,"u":"88,55 €/KG","img":"https://fd15-photos.leclercdrive.fr/image.ashx?id=2467510&use=l&cat=p&typeid=i","cat":293239},{"id":133464,"n":"Shampooing Bio So Bio Etic Hibiscus Acide laurique - 250ml","p":6.74,"u":"26,96 €/L","img":"https://fd15-photos.leclercdrive.fr/image.ashx?id=2784959&use=l&cat=p&typeid=i","cat":284606},{"id":133558,"n":"Noisettes poudre Sainte Lucie 137.5g","p":4.94,"u":"35,80 €/KG","img":"https://fd15-photos.leclercdrive.fr/image.ashx?id=2211435&use=l&cat=p&typeid=i","cat":284504},{"id":133650,"n":"DOC Prosecco Treviso Mionetto - 75cl","p":13.89,"u":"18,52 €/L","img":"https://fd15-photos.leclercdrive.fr/image.ashx?id=3011911&use=l&cat=p&typeid=i","cat":289461},{"id":133675,"n":"Yaourt brassé ait de chèvre  Soignon Pruneau - 4x125g","p":3.94,"u":"7,88 €/KG","img":"https://fd15-photos.leclercdrive.fr/image.ashx?id=2518307&use=l&cat=p&typeid=i","cat":314998},{"id":133768,"n":"Poêle Easy Cook'n Clean Tefal Ø32cm - 1 pièce","p":32.9,"img":"https://fd15-photos.leclercdrive.fr/image.ashx?id=2531862&use=l&cat=p&typeid=i","cat":298490},{"id":133922,"n":"AOP Pacherenc 2016 Vic Bilh doux grains de roy - 75cl","p":21.2,"u":"28,27 €/L","img":"https://fd15-photos.leclercdrive.fr/image.ashx?id=1963370&use=l&cat=p&typeid=i","cat":289557},{"id":134038,"n":"Margarine demi-sel St-Hubert Sans huile palme 51%mg - 500g","p":5.24,"u":"10,48 €/KG","img":"https://fd15-photos.leclercdrive.fr/image.ashx?id=2734120&use=l&cat=p&typeid=i","cat":315229},{"id":134067,"n":"Spaghetti courts Lustucru 3 min - 2x500g + 1 offert","p":4.79,"u":"3,19 €/KG","img":"https://fd15-photos.leclercdrive.fr/image.ashx?id=1975754&use=l&cat=p&typeid=i","cat":284427},{"id":134101,"n":"AOP Côtes de Bourg Vin rouge Château Mayne Berteau - 75cl","p":10.15,"u":"13,53 €/L","img":"https://fd15-photos.leclercdrive.fr/image.ashx?id=1966769&use=l&cat=p&typeid=i","cat":289556},{"id":134106,"n":"AOP Bordeaux Croix d'Albret Bio Vin rouge - 75cl","p":11.1,"u":"14,80 €/L","img":"https://fd15-photos.leclercdrive.fr/image.ashx?id=2397890&use=l&cat=p&typeid=i","cat":289556},{"id":134111,"n":"Baby carotte et radis Florette 200g","p":5.7,"u":"28,50 €/KG","img":"https://fd15-photos.leclercdrive.fr/image.ashx?id=2786489&use=l&cat=p&typeid=i","cat":284353},{"id":134118,"n":"Foie gras de canard J.Larnaudie Ma création coque - 220g","p":39.9,"u":"181,36 €/KG","img":"https://fd15-photos.leclercdrive.fr/image.ashx?id=2916785&use=l&cat=p&typeid=i","cat":316008},{"id":134121,"n":"Poivre noir moulu Eco+ 44g","p":1.04,"u":"23,64 €/KG","img":"https://fd15-photos.leclercdrive.fr/image.ashx?id=2717246&use=l&cat=p&typeid=i","cat":284457},{"id":134122,"n":"Poivre noir moulu Eco+ 90g","p":2.29,"u":"25,44 €/KG","img":"https://fd15-photos.leclercdrive.fr/image.ashx?id=2836307&use=l&cat=p&typeid=i","cat":284457},{"id":134124,"n":"Velouté PurSoup' Liebig Poireaux pomme de terre - 1L","p":2.9,"u":"2,90 €/L","img":"https://fd15-photos.leclercdrive.fr/image.ashx?id=2864324&use=l&cat=p&typeid=i","cat":284462},{"id":134128,"n":"Tomates allongées Panier du Primeur - 600g","p":5.19,"u":"8,65 €/KG","img":"https://fd15-photos.leclercdrive.fr/image.ashx?id=2556526&use=l&cat=p&typeid=i","cat":284352},{"id":134129,"n":"Verrine de Paté Eco+ 3x180g","p":3.85,"u":"7,13 €/KG","img":"https://fd15-photos.leclercdrive.fr/image.ashx?id=2519405&use=l&cat=p&typeid=i","cat":305149},{"id":134130,"n":"Mélange paella Ducros 20g","p":2.3,"u":"115,00 €/KG","img":"https://fd15-photos.leclercdrive.fr/image.ashx?id=2490500&use=l&cat=p&typeid=i","cat":298297},{"id":134131,"n":"Soupe liquide brique Liebig  Velouté de Tomates - 1L","p":2.99,"u":"2,99 €/L","img":"https://fd15-photos.leclercdrive.fr/image.ashx?id=2759439&use=l&cat=p&typeid=i","cat":284462},{"id":134143,"n":"Tomates cerises allongées Panier du Primeur - 250g","p":3.59,"u":"14,36 €/KG","img":"https://fd15-photos.leclercdrive.fr/image.ashx?id=2232737&use=l&cat=p&typeid=i","cat":284352},{"id":134146,"n":"Biscuits Nustikao Fourrés pâte à tartiner - 200g","p":3.15,"u":"15,75 €/KG","img":"https://fd15-photos.leclercdrive.fr/image.ashx?id=2473999&use=l&cat=p&typeid=i","cat":284488},{"id":134150,"n":"Lait céréales Blédidej 6 mois Céréales - 4x250ml","p":5.7,"u":"5,70 €/L","img":"https://fd15-photos.leclercdrive.fr/image.ashx?id=2921067&use=l&cat=p&typeid=i","cat":312226},{"id":134152,"n":"Biscuits Kinder Happy Hippo Au lait et au cacao - 103,5g","p":2.85,"u":"27,40 €/KG","img":"https://fd15-photos.leclercdrive.fr/image.ashx?id=2454499&use=l&cat=p&typeid=i","cat":284488},{"id":134162,"n":"Fromage frais nature Eco+ 9%mg - 6x60g","p":1.55,"u":"4,31 €/KG","img":"https://fd15-photos.leclercdrive.fr/image.ashx?id=2722372&use=l&cat=p&typeid=i","cat":284409},{"id":134165,"n":"Yaourt à la Grecque Délisse Stracciatella - 4x150g","p":3.75,"u":"6,25 €/KG","img":"https://fd15-photos.leclercdrive.fr/image.ashx?id=2753487&use=l&cat=p&typeid=i","cat":314999},{"id":134167,"n":"Yaourt à la grecque Délisse Noix de Coco - 4x150g","p":4.09,"u":"6,82 €/KG","img":"https://fd15-photos.leclercdrive.fr/image.ashx?id=2699759&use=l&cat=p&typeid=i","cat":314999},{"id":134169,"n":"Après -shampoing Fructis Hairfood papaye - 350ml","p":6.25,"u":"1,79 €/L","img":"https://fd15-photos.leclercdrive.fr/image.ashx?id=2317245&use=l&cat=p&typeid=i","cat":284607},{"id":134193,"n":"Mozzarella bufala Casa Azzurra Boule - 200g","p":6.39,"u":"31,95 €/KG","img":"https://fd15-photos.leclercdrive.fr/image.ashx?id=2916938&use=l&cat=p&typeid=i","cat":314026},{"id":134194,"n":"Yaourt aromatisé Perle de Lait Lit de Mangue Passion - 4x125g","p":3.35,"u":"6,70 €/P","img":"https://fd15-photos.leclercdrive.fr/image.ashx?id=2989213&use=l&cat=p&typeid=i","cat":314999},{"id":134252,"n":"Feuilleté de mousse la Laitière Chocolat noir - 4x57g","p":2.64,"u":"11,58 €/KG","img":"https://fd15-photos.leclercdrive.fr/image.ashx?id=2875960&use=l&cat=p&typeid=i","cat":284417},{"id":134257,"n":"Corn Flakes Grainéa Nature - 500g","p":3.22,"u":"6,44 €/KG","img":"https://fd15-photos.leclercdrive.fr/image.ashx?id=2617249&use=l&cat=p&typeid=i","cat":309513},{"id":134316,"n":"Goûters P'tit Déli Croc' Goût Vanille - 300g","p":1.79,"u":"5,42 €/KG","img":"https://fd15-photos.leclercdrive.fr/image.ashx?id=2708901&use=l&cat=p&typeid=i","cat":284489},{"id":134317,"n":"Biscuit Croc Break P'tit Déli Goût Chocolat - 300g","p":1.69,"u":"5,63 €/KG","img":"https://fd15-photos.leclercdrive.fr/image.ashx?id=2708895&use=l&cat=p&typeid=i","cat":284488},{"id":134319,"n":"Biscuit Croc Break P'tit Déli Goût Tout Chocolat - 300g","p":1.75,"u":"5,83 €/KG","img":"https://fd15-photos.leclercdrive.fr/image.ashx?id=2472662&use=l&cat=p&typeid=i","cat":284488},{"id":134331,"n":"Muesli croustillant Grainéa Chocolat noir - 500g","p":3.28,"u":"6,56 €/KG","img":"https://fd15-photos.leclercdrive.fr/image.ashx?id=2707567&use=l&cat=p&typeid=i","cat":309512},{"id":134333,"n":"Muesli croustillant Grainéa Noix - 500g","p":3.28,"u":"6,56 €/KG","img":"https://fd15-photos.leclercdrive.fr/image.ashx?id=2856690&use=l&cat=p&typeid=i","cat":309512},{"id":134336,"n":"Muesli croustillant Grainéa  Aux fruits - 500g","p":3.03,"u":"6,06 €/KG","img":"https://fd15-photos.leclercdrive.fr/image.ashx?id=2705006&use=l&cat=p&typeid=i","cat":309512},{"id":134352,"n":"Muesli croustillant Grainéa  Fraise - 500g","p":3.28,"u":"6,56 €/KG","img":"https://fd15-photos.leclercdrive.fr/image.ashx?id=2873670&use=l&cat=p&typeid=i","cat":309512},{"id":134353,"n":"Muesli croustillant Grainéa Chocolat lait - 500g","p":3.28,"u":"6,56 €/KG","img":"https://fd15-photos.leclercdrive.fr/image.ashx?id=2707570&use=l&cat=p&typeid=i","cat":309512},{"id":134404,"n":"Bananes chips 275 g","p":4.59,"u":"16,69 €/KG","img":"https://fd15-photos.leclercdrive.fr/image.ashx?id=1963904&use=l&cat=p&typeid=i","cat":284357},{"id":134484,"n":"Pur jus de légume Bio Village Bio - 1L","p":4.29,"u":"4,29 €/L","img":"https://fd15-photos.leclercdrive.fr/image.ashx?id=2901569&use=l&cat=p&typeid=i","cat":284523},{"id":134489,"n":"Saucisse persillé d'Alsace NRT 120g","p":3.19,"u":"26,58 €/KG","img":"https://fd15-photos.leclercdrive.fr/image.ashx?id=2146164&use=l&cat=p&typeid=i","cat":316012},{"id":134521,"n":"Sauce Rouille Bénédicta - 260g","p":2.2,"u":"8,46 €/KG","img":"https://fd15-photos.leclercdrive.fr/image.ashx?id=2341056&use=l&cat=p&typeid=i","cat":318430},{"id":134523,"n":"Sauce Ail & Herbes Bénédicta Gamme Gourmet - 260g","p":3.65,"u":"14,04 €/KG","img":"https://fd15-photos.leclercdrive.fr/image.ashx?id=2615735&use=l&cat=p&typeid=i","cat":318430},{"id":134576,"n":"Bicarbonate de soude Biovie 500g","p":3.59,"u":"7,18 €/KG","img":"https://fd15-photos.leclercdrive.fr/image.ashx?id=2990706&use=l&cat=p&typeid=i","cat":325365},{"id":134577,"n":"Vinaigre ménager Biovie 12° - 1L","p":3.14,"u":"3,14 €/L","img":"https://fd15-photos.leclercdrive.fr/image.ashx?id=2967857&use=l&cat=p&typeid=i","cat":325365},{"id":134579,"n":"Vinaigre ménager Biovie 12° -  senteur framboise - 1L","p":3.48,"u":"3,48 €/L","img":"https://fd15-photos.leclercdrive.fr/image.ashx?id=2990712&use=l&cat=p&typeid=i","cat":325365},{"id":134595,"n":"Céréales complètes Quaker 3 chocolats - 450g","p":5.05,"u":"11,22 €/KG","img":"https://fd15-photos.leclercdrive.fr/image.ashx?id=2212141&use=l&cat=p&typeid=i","cat":309512},{"id":134600,"n":"Barres chocolat Milka Nussini - 5x31,5g","p":5.25,"u":"33,44 €/KG","img":"https://fd15-photos.leclercdrive.fr/image.ashx?id=2913487&use=l&cat=p&typeid=i","cat":284498},{"id":134602,"n":"Barres chocolat Oreo Milka 5x37g","p":3.55,"u":"19,19 €/KG","img":"https://fd15-photos.leclercdrive.fr/image.ashx?id=2498512&use=l&cat=p&typeid=i","cat":284498},{"id":134631,"n":"Pommes de terre pour four purée potage Panier du Primeur - 2kg","p":2.99,"u":"1,50 €/KG","img":"https://fd15-photos.leclercdrive.fr/image.ashx?id=2959641&use=l&cat=p&typeid=i","cat":284352},{"id":134676,"n":"Friandises chien Pedigree  Schmackos multi mix x20 - 144g","p":2.9,"u":"20,14 €/KG","img":"https://fd15-photos.leclercdrive.fr/image.ashx?id=2338579&use=l&cat=p&typeid=i","cat":294527},{"id":134678,"n":"Friandise moyen chien Pedigree Os à mâcher x2 - 180g","p":3.75,"u":"20,83 €/KG","img":"https://fd15-photos.leclercdrive.fr/image.ashx?id=2981710&use=l&cat=p&typeid=i","cat":294527},{"id":134698,"n":"Pomme de terre filière vapeur  sautées Panier du Primeur - 2kg","p":2.49,"u":"1,25 €/KG","img":"https://fd15-photos.leclercdrive.fr/image.ashx?id=2959644&use=l&cat=p&typeid=i","cat":284352},{"id":134742,"n":"Chili con carne Paul et Louise 400g","p":3.49,"u":"8,73 €/KG","img":"https://fd15-photos.leclercdrive.fr/image.ashx?id=3008485&use=l&cat=p&typeid=i","cat":325094},{"id":134743,"n":"Foie gras canard entier France Ma création Larnaudie - 220g","p":39.9,"u":"181,36 €/KG","img":"https://fd15-photos.leclercdrive.fr/image.ashx?id=2916782&use=l&cat=p&typeid=i","cat":316008},{"id":134745,"n":"Yaourt nature ECO+ 12x125g","p":2.59,"u":"1,73 €/KG","img":"https://fd15-photos.leclercdrive.fr/image.ashx?id=2791194&use=l&cat=p&typeid=i","cat":284409},{"id":134747,"n":"Biscuits Bio Nat&Vie Avoine/chocolat - 130g","p":2.57,"u":"19,77 €/KG","img":"https://fd15-photos.leclercdrive.fr/image.ashx?id=2329197&use=l&cat=p&typeid=i","cat":318651},{"id":134749,"n":"Biscuits avoine complet Nat&Vie Bio - 130g","p":2.57,"u":"19,77 €/KG","img":"https://fd15-photos.leclercdrive.fr/image.ashx?id=2329194&use=l&cat=p&typeid=i","cat":318651},{"id":134753,"n":"Assortiment de bonbons Eco+ 720g","p":5.2,"u":"7,22 €/KG","img":"https://fd15-photos.leclercdrive.fr/image.ashx?id=2756837&use=l&cat=p&typeid=i","cat":304250},{"id":134754,"n":"Café moulu Bio Village Guatémala Bio - 250g","p":6.69,"u":"26,76 €/KG","img":"https://fd15-photos.leclercdrive.fr/image.ashx?id=2468879&use=l&cat=p&typeid=i","cat":284750},{"id":134757,"n":"Chocolat noir Bio Village Quinoa caramélisé Bio - 100g","p":2.34,"u":"23,40 €/KG","img":"https://fd15-photos.leclercdrive.fr/image.ashx?id=1965926&use=l&cat=p&typeid=i","cat":284956},{"id":134758,"n":"Compote Allégée en sucres Eco+ Coupelle pomme banane - 4x100g","p":1.1,"u":"2,75 €/KG","img":"https://fd15-photos.leclercdrive.fr/image.ashx?id=2953191&use=l&cat=p&typeid=i","cat":284508},{"id":134760,"n":"Confiture extra bio Bio Village Figues - 370g","p":2.75,"u":"7,43 €/KG","img":"https://fd15-photos.leclercdrive.fr/image.ashx?id=2459593&use=l&cat=p&typeid=i","cat":284480},{"id":134769,"n":"Galette de maïs Bio Village Chocolat au lait Bio - 100g","p":2.39,"u":"23,90 €/KG","img":"https://fd15-photos.leclercdrive.fr/image.ashx?id=2510636&use=l&cat=p&typeid=i","cat":318651},{"id":134770,"n":"Compote bio Bio Village Gourdes multivariétés - 12x90g","p":7.69,"u":"7,12 €/KG","img":"https://fd15-photos.leclercdrive.fr/image.ashx?id=1965920&use=l&cat=p&typeid=i","cat":284508},{"id":134774,"n":"Pur jus de citron jaune - 50 cl jaune - 50 cl","p":3.39,"u":"6,78 €/L","img":"https://fd15-photos.leclercdrive.fr/image.ashx?id=2140941&use=l&cat=p&typeid=i","cat":288383},{"id":134777,"n":"Macaronis Bio Village Bio - 500g","p":1.51,"u":"3,02 €/KG","img":"https://fd15-photos.leclercdrive.fr/image.ashx?id=2624923&use=l&cat=p&typeid=i","cat":284429},{"id":134779,"n":"Mini gâteaux Bio Village Fourrés chocolat Bio x5 - 140g","p":3.69,"u":"26,36 €/KG","img":"https://fd15-photos.leclercdrive.fr/image.ashx?id=2852252&use=l&cat=p&typeid=i","cat":284495},{"id":134782,"n":"Palet breton Bio Village Bio - 125g","p":1.89,"u":"15,12 €/KG","img":"https://fd15-photos.leclercdrive.fr/image.ashx?id=2496425&use=l&cat=p&typeid=i","cat":284487},{"id":134787,"n":"Ravioli bœuf Bio village Bio 700g","p":5.19,"u":"7,41 €/KG","img":"https://fd15-photos.leclercdrive.fr/image.ashx?id=2717255&use=l&cat=p&typeid=i","cat":284442},{"id":134790,"n":"Thon albacore Pêche Océan Nature - France - 112g","p":3.56,"u":"31,79 €/KG","img":"https://fd15-photos.leclercdrive.fr/image.ashx?id=2942223&use=l&cat=p&typeid=i","cat":303867},{"id":134791,"n":"Thon à la catalane Eco + 135g","p":1.46,"u":"10,81 €/KG","img":"https://fd15-photos.leclercdrive.fr/image.ashx?id=2476921&use=l&cat=p&typeid=i","cat":303867},{"id":134792,"n":"Thon blanc Pêche océan MSC Entier nature - France - 112g","p":3.58,"u":"31,96 €/KG","img":"https://fd15-photos.leclercdrive.fr/image.ashx?id=2942235&use=l&cat=p&typeid=i","cat":303867},{"id":134793,"n":"Toasts fins nature Epi d'Or 100g","p":3.29,"u":"32,90 €/KG","img":"https://fd15-photos.leclercdrive.fr/image.ashx?id=2696283&use=l&cat=p&typeid=i","cat":285454},{"id":134794,"n":"Toasts fins sésame Epi d'Or 100g","p":3.35,"u":"33,50 €/KG","img":"https://fd15-photos.leclercdrive.fr/image.ashx?id=2705092&use=l&cat=p&typeid=i","cat":285454},{"id":134798,"n":"Velouté de légumes Eco + 1L","p":1.49,"u":"1,49 €/L","img":"https://fd15-photos.leclercdrive.fr/image.ashx?id=2768448&use=l&cat=p&typeid=i","cat":284462},{"id":134799,"n":"Vinaigre de vin 6° Eco +  1L","p":0.86,"u":"0,86 €/L","img":"https://fd15-photos.leclercdrive.fr/image.ashx?id=2846547&use=l&cat=p&typeid=i","cat":298543},{"id":134811,"n":"Pur jus d'orange Eco + Brique - 2l","p":5.15,"u":"2,58 €/L","img":"https://fd15-photos.leclercdrive.fr/image.ashx?id=2176422&use=l&cat=p&typeid=i","cat":284521},{"id":134816,"n":"Jus d'orange ABC Eco + Brique - 1L","p":2.25,"u":"2,25 €/L","img":"https://fd15-photos.leclercdrive.fr/image.ashx?id=2802257&use=l&cat=p&typeid=i","cat":284521},{"id":134819,"n":"Nectar d'orange Eco + Brique - 2L","p":3.39,"u":"1,70 €/L","img":"https://fd15-photos.leclercdrive.fr/image.ashx?id=2842444&use=l&cat=p&typeid=i","cat":284521},{"id":134825,"n":"Bière 0.0% Falsbourg  Sans alcool - 6x25cl","p":4.95,"u":"3,30 €/L","img":"https://fd15-photos.leclercdrive.fr/image.ashx?id=2637979&use=l&cat=p&typeid=i","cat":334877},{"id":134829,"n":"Bière forte 7.9% Millbrau 50CL","p":2.25,"u":"4,50 €/L","img":"https://fd15-photos.leclercdrive.fr/image.ashx?id=2955581&use=l&cat=p&typeid=i","cat":334853},{"id":134840,"n":"Sangria rouge 7% Eco + 7% vol - 5L","p":11.35,"u":"2,27 €/L","img":"https://fd15-photos.leclercdrive.fr/image.ashx?id=1965761&use=l&cat=p&typeid=i","cat":286032},{"id":134844,"n":"Crème de cassis Gildo 15% - 70cl","p":5.96,"u":"8,51 €/L","img":"https://fd15-photos.leclercdrive.fr/image.ashx?id=2196349&use=l&cat=p&typeid=i","cat":286032},{"id":134853,"n":"Bière speciale 4,9% Gildo 50cl","p":1.5,"u":"3,00 €/L","img":"https://fd15-photos.leclercdrive.fr/image.ashx?id=2955605&use=l&cat=p&typeid=i","cat":334853},{"id":134856,"n":"Eau de javel Eco + 2L","p":1.25,"u":"0,63 €/L","img":"https://fd15-photos.leclercdrive.fr/image.ashx?id=2882298&use=l&cat=p&typeid=i","cat":284661},{"id":134857,"n":"Désodorisant fraîcheur Uni Vert Plantes - 200ml","p":2.4,"u":"12,00 €/L","img":"https://fd15-photos.leclercdrive.fr/image.ashx?id=2573953&use=l&cat=p&typeid=i","cat":311626},{"id":134858,"n":"Brosse à dent enfant Dentamyl Clignotante licorne - 1 pièce","p":2.43,"img":"https://fd15-photos.leclercdrive.fr/image.ashx?id=1965773&use=l&cat=p&typeid=i","cat":288897},{"id":134862,"n":"Gel hydroalcoolique Primoplast 550ml","p":3.99,"u":"7,25 €/L","img":"https://fd15-photos.leclercdrive.fr/image.ashx?id=2856591&use=l&cat=p&typeid=i","cat":284630},{"id":134881,"n":"K2R Super Power Fizz Aérosol 300ml","p":8.85,"u":"29,50 €/L","img":"https://fd15-photos.leclercdrive.fr/image.ashx?id=1970161&use=l&cat=p&typeid=i","cat":284651},{"id":134882,"n":"K2r Pistolet Super Power 550 ml","p":7.5,"u":"13,64 €/L","img":"https://fd15-photos.leclercdrive.fr/image.ashx?id=2890109&use=l&cat=p&typeid=i","cat":284651},{"id":134989,"n":"Amora Cornichons Extra-Fins Bocal Croq'Vert 370g","p":4.19,"u":"11,32 €/KG","img":"https://fd15-photos.leclercdrive.fr/image.ashx?id=2670911&use=l&cat=p&typeid=i","cat":284458},{"id":135004,"n":"Baba au rhum Bonne Maman 2x140g","p":3.3,"u":"11,79 €/P","img":"https://fd15-photos.leclercdrive.fr/image.ashx?id=2912329&use=l&cat=p&typeid=i","cat":284419},{"id":135081,"n":"Joker Pur Jus Engagé  Multifruits - 1,5L","p":5.59,"u":"3,73 €/L","img":"https://fd15-photos.leclercdrive.fr/image.ashx?id=3008137&use=l&cat=p&typeid=i","cat":284917},{"id":135133,"n":"Moelleux au chocolat Equador 4x80g","p":4.39,"u":"36,58 €/KG","img":"https://fd15-photos.leclercdrive.fr/image.ashx?id=1974305&use=l&cat=p&typeid=i","cat":284419},{"id":135134,"n":"Cheesecake au caramel Equador 2x80g","p":2.99,"u":"18,69 €/KG","img":"https://fd15-photos.leclercdrive.fr/image.ashx?id=2712992&use=l&cat=p&typeid=i","cat":284419},{"id":135135,"n":"Cheesecake au citron Equador 2x80g","p":3.29,"u":"20,56 €/KG","img":"https://fd15-photos.leclercdrive.fr/image.ashx?id=2760193&use=l&cat=p&typeid=i","cat":284419},{"id":135138,"n":"Mousse au chocolat noir Equador 2x90g","p":3.99,"u":"22,17 €/KG","img":"https://fd15-photos.leclercdrive.fr/image.ashx?id=2143341&use=l&cat=p&typeid=i","cat":284417},{"id":135141,"n":"Panna cotta lit framboise Equador - 2x120g","p":2.35,"u":"9,79 €/KG","img":"https://fd15-photos.leclercdrive.fr/image.ashx?id=1975044&use=l&cat=p&typeid=i","cat":284419},{"id":135179,"n":"Sauce béchamel Bridélice 50cl","p":3.54,"u":"7,08 €/L","img":"https://fd15-photos.leclercdrive.fr/image.ashx?id=2904718&use=l&cat=p&typeid=i","cat":284382},{"id":135191,"n":"Yaourt aromatisé sucré Eco+ Pack 12x125g","p":3.05,"u":"2,03 €/KG","img":"https://fd15-photos.leclercdrive.fr/image.ashx?id=2759774&use=l&cat=p&typeid=i","cat":286006},{"id":135202,"n":"Flan vanille Eco+ Nappé caramel - 4x100g","p":1.29,"u":"3,23 €/KG","img":"https://fd15-photos.leclercdrive.fr/image.ashx?id=2935214&use=l&cat=p&typeid=i","cat":284420},{"id":135203,"n":"Yaourt nature Eco+ 4x125g","p":0.89,"u":"1,78 €/KG","img":"https://fd15-photos.leclercdrive.fr/image.ashx?id=2671789&use=l&cat=p&typeid=i","cat":284409},{"id":135204,"n":"Margarine allégée Eco+ Cuisson 60%vol - 500g","p":1.9,"u":"3,80 €/KG","img":"https://fd15-photos.leclercdrive.fr/image.ashx?id=2879928&use=l&cat=p&typeid=i","cat":315229},{"id":135229,"n":"Emmental rapé Eco+ 29%mg - 1kg","p":9.09,"u":"9,09 €/KG","img":"https://fd15-photos.leclercdrive.fr/image.ashx?id=2587097&use=l&cat=p&typeid=i","cat":314035},{"id":135245,"n":"Salade mélangée Eco+ 250g","p":2.69,"u":"10,76 €/KG","img":"https://fd15-photos.leclercdrive.fr/image.ashx?id=2693297&use=l&cat=p&typeid=i","cat":284353},{"id":135246,"n":"Crème fraiche Eco+ Légère - 15% MG - 50cl","p":1.89,"u":"3,78 €/L","img":"https://fd15-photos.leclercdrive.fr/image.ashx?id=2891869&use=l&cat=p&typeid=i","cat":284381},{"id":135247,"n":"Fromage fondu Eco+ 17%mg - x10 - 200g","p":1.23,"u":"6,15 €/KG","img":"https://fd15-photos.leclercdrive.fr/image.ashx?id=2652290&use=l&cat=p&typeid=i","cat":314028},{"id":135254,"n":"Rôti de porc cuit Fleury Michon d'éleveurs engagés x4 - 140g","p":4.89,"u":"34,93 €/KG","img":"https://fd15-photos.leclercdrive.fr/image.ashx?id=2334575&use=l&cat=p&typeid=i","cat":316009},{"id":135262,"n":"Steaks hachés Pur Bœuf Charal Elevé au Pâturage 8x115g - 920g","p":16.12,"u":"17,52 €/KG","img":"https://fd15-photos.leclercdrive.fr/image.ashx?id=2741970&use=l&cat=p&typeid=i","cat":319778},{"id":135266,"n":"Pruneau Eco+ 1kg","p":8.23,"u":"8,23 €/KG","img":"https://fd15-photos.leclercdrive.fr/image.ashx?id=2690868&use=l&cat=p&typeid=i","cat":284357},{"id":135270,"n":"Pomme de terre rouge Vapeur  Sautées Panier du Primeur - 2kg","p":2.99,"u":"1,50 €/KG","img":"https://fd15-photos.leclercdrive.fr/image.ashx?id=2959638&use=l&cat=p&typeid=i","cat":284352},{"id":135274,"n":"Pomme de terre pour frites Panier du Primeur - 2kg","p":2.99,"u":"1,50 €/KG","img":"https://fd15-photos.leclercdrive.fr/image.ashx?id=2959737&use=l&cat=p&typeid=i","cat":284352},{"id":135275,"n":"Fromage blanc Eco+ Saveur vanille - 8x100g","p":3.39,"u":"4,24 €/KG","img":"https://fd15-photos.leclercdrive.fr/image.ashx?id=2693084&use=l&cat=p&typeid=i","cat":284409},{"id":135276,"n":"Pomme de terre Panier Primeur Micro-ondes - 750g","p":1.86,"u":"2,48 €/KG","img":"https://fd15-photos.leclercdrive.fr/image.ashx?id=2649903&use=l&cat=p&typeid=i","cat":284352},{"id":135278,"n":"Fromage blanc aromatisé Eco+ 2.8%MG - 12x60g","p":2.85,"u":"3,96 €/KG","img":"https://fd15-photos.leclercdrive.fr/image.ashx?id=2794817&use=l&cat=p&typeid=i","cat":284409},{"id":135279,"n":"Ail violet Panier du Primeur x3","p":3.42,"u":"1,14 €/P","img":"https://fd15-photos.leclercdrive.fr/image.ashx?id=2960520&use=l&cat=p&typeid=i","cat":284352},{"id":135282,"n":"Oignons sauciers Filière Panier du Primeur Filet 500g","p":1.92,"u":"3,84 €/KG","img":"https://fd15-photos.leclercdrive.fr/image.ashx?id=2966370&use=l&cat=p&typeid=i","cat":284352},{"id":135292,"n":"Crème dessert Eco+ Panachées - 12x125g","p":3.6,"u":"2,40 €/KG","img":"https://fd15-photos.leclercdrive.fr/image.ashx?id=2804326&use=l&cat=p&typeid=i","cat":285041},{"id":135293,"n":"Crème dessert Eco+ Saveur vanille - 4x125g","p":1.25,"u":"2,50 €/KG","img":"https://fd15-photos.leclercdrive.fr/image.ashx?id=2765695&use=l&cat=p&typeid=i","cat":285041},{"id":135294,"n":"Crème dessert Eco+ Chocolat - 4x125g","p":1.29,"u":"2,58 €/KG","img":"https://fd15-photos.leclercdrive.fr/image.ashx?id=2777791&use=l&cat=p&typeid=i","cat":285041},{"id":135295,"n":"Tranchette de gouda Eco+ 28%mg - 300g","p":3.4,"u":"11,33 €/KG","img":"https://fd15-photos.leclercdrive.fr/image.ashx?id=1974470&use=l&cat=p&typeid=i","cat":314028},{"id":135296,"n":"Fromage mi-chèvre Eco+ 23%mg - 180g","p":2.2,"u":"12,22 €/KG","img":"https://fd15-photos.leclercdrive.fr/image.ashx?id=2978504&use=l&cat=p&typeid=i","cat":314031},{"id":135343,"n":"Râpé 3 fromages Les Croisés  Format familial - 350g","p":4.46,"u":"12,74 €/KG","img":"https://fd15-photos.leclercdrive.fr/image.ashx?id=2436326&use=l&cat=p&typeid=i","cat":314035},{"id":135429,"n":"Pommes Dauphine Findus 540g","p":3.95,"u":"7,31 €/KG","img":"https://fd15-photos.leclercdrive.fr/image.ashx?id=2009954&use=l&cat=p&typeid=i","cat":319792},{"id":135444,"n":"Croco Baby -30% de sucre Haribo Sachet bonbons - 165g","p":2.72,"u":"16,48 €/KG","img":"https://fd15-photos.leclercdrive.fr/image.ashx?id=2806111&use=l&cat=p&typeid=i","cat":304250},{"id":135454,"n":"Brioche tranchée Harrys Nature sans additif Maxi - 680g","p":5.99,"u":"8,81 €/KG","img":"https://fd15-photos.leclercdrive.fr/image.ashx?id=2503022&use=l&cat=p&typeid=i","cat":284478},{"id":135457,"n":"Brioche tranchée Harrys Farine complète - 485g","p":6.5,"u":"13,40 €/KG","img":"https://fd15-photos.leclercdrive.fr/image.ashx?id=2503025&use=l&cat=p&typeid=i","cat":284478},{"id":135459,"n":"Brioche Tranchée Harrys Pépites de chocolat - 485g","p":5.95,"u":"12,27 €/KG","img":"https://fd15-photos.leclercdrive.fr/image.ashx?id=2503028&use=l&cat=p&typeid=i","cat":284478},{"id":135476,"n":"Fromage à Tartiner Tartare  Ail et Fines Herbes - 150g","p":3.34,"u":"22,27 €/KG","img":"https://fd15-photos.leclercdrive.fr/image.ashx?id=2243365&use=l&cat=p&typeid=i","cat":314029},{"id":135534,"n":"Bûchettes chocolat noir cerise Les Chevaliers d'Argouges  150g","p":6.69,"u":"44,60 €/KG","img":"https://fd15-photos.leclercdrive.fr/image.ashx?id=2842738&use=l&cat=p&typeid=i","cat":327601},{"id":135536,"n":"Chocolat tranche d'oranges Les Chevalier d'Argouges - 180g","p":11.39,"u":"63,28 €/KG","img":"https://fd15-photos.leclercdrive.fr/image.ashx?id=2841415&use=l&cat=p&typeid=i","cat":327601},{"id":135554,"n":"Boules chocolat praliné Jacquot Lait, Amandes, noisettes - 1kg","p":19.4,"u":"19,40 €/KG","img":"https://fd15-photos.leclercdrive.fr/image.ashx?id=2303306&use=l&cat=p&typeid=i","cat":327595},{"id":135589,"n":"Vin maroc Sidi Brahim Rosé Maghreb - 75cl","p":4.95,"u":"6,60 €/L","img":"https://fd15-photos.leclercdrive.fr/image.ashx?id=2445096&use=l&cat=p&typeid=i","cat":289558},{"id":135645,"n":"Cuadro 4 chocolat praliné Novi Pistaches - 150g","p":5.85,"u":"39,00 €/KG","img":"https://fd15-photos.leclercdrive.fr/image.ashx?id=2922215&use=l&cat=p&typeid=i","cat":327595},{"id":135658,"n":"Chocolats Ferrero Prestige Assortiments x16- 166g","p":9.19,"u":"55,36 €/KG","img":"https://fd15-photos.leclercdrive.fr/image.ashx?id=2896429&use=l&cat=p&typeid=i","cat":327595},{"id":135679,"n":"Tartiflette au Reblochon Marie 300g","p":5.89,"u":"19,63 €/KG","img":"https://fd15-photos.leclercdrive.fr/image.ashx?id=2827200&use=l&cat=p&typeid=i","cat":333665},{"id":135758,"n":"Jambon Supérieur VPF Tradilège A l'étouffée Découennéx10 -400g","p":8.39,"u":"20,98 €/KG","img":"https://fd15-photos.leclercdrive.fr/image.ashx?id=1986838&use=l&cat=p&typeid=i","cat":316009},{"id":135780,"n":"Petits pots bébé P'TITE RECETTE Cabillaud 8M+ - 2x200g","p":3.24,"u":"8,10 €/KG","img":"https://fd15-photos.leclercdrive.fr/image.ashx?id=2525717&use=l&cat=p&typeid=i","cat":312236},{"id":135798,"n":"Barres céréales Extra Kellogg's  Miel - 4x32g","p":5.49,"u":"28,59 €/KG","img":"https://fd15-photos.leclercdrive.fr/image.ashx?id=3003414&use=l&cat=p&typeid=i","cat":285869},{"id":135817,"n":"Loup-garous best of Asmodée - Dès 10 ans","p":21.9,"img":"https://fd15-photos.leclercdrive.fr/image.ashx?id=1982830&use=l&cat=p&typeid=i","cat":334378},{"id":136180,"n":"Journal intime électronique Dès 6 ans","p":59.9,"img":"https://fd15-photos.leclercdrive.fr/image.ashx?id=1979040&use=l&cat=p&typeid=i","cat":334378},{"id":136181,"n":"Journal intime électronique Dès 6 ans","p":59.9,"img":"https://fd15-photos.leclercdrive.fr/image.ashx?id=1979043&use=l&cat=p&typeid=i","cat":334378},{"id":136200,"n":"Mon poney à tirer  - Clementoni Dès 6 mois","p":14.9,"img":"https://fd15-photos.leclercdrive.fr/image.ashx?id=1980004&use=l&cat=p&typeid=i","cat":334379},{"id":136255,"n":"Poupon Manon fait pipi Dès 2 ans","p":14.9,"img":"https://fd15-photos.leclercdrive.fr/image.ashx?id=1977529&use=l&cat=p&typeid=i","cat":334379},{"id":136302,"n":"Café moulu Velours Noir 100% Arabica - 250g","p":8.69,"u":"34,76 €/KG","img":"https://fd15-photos.leclercdrive.fr/image.ashx?id=1978401&use=l&cat=p&typeid=i","cat":284750},{"id":136318,"n":"Boisson gazeuse Freez Mix Mangue pêche - 275 ml","p":1.45,"u":"5,27 €/L","img":"https://fd15-photos.leclercdrive.fr/image.ashx?id=2149842&use=l&cat=p&typeid=i","cat":284532},{"id":136319,"n":"Boisson Blue Hawai Freez Freez Mix - 275 ml","p":1.45,"u":"5,27 €/L","img":"https://fd15-photos.leclercdrive.fr/image.ashx?id=2018319&use=l&cat=p&typeid=i","cat":284532},{"id":136323,"n":"Boisson Freez Mojito - 275 ml","p":1.45,"u":"5,27 €/L","img":"https://fd15-photos.leclercdrive.fr/image.ashx?id=2212566&use=l&cat=p&typeid=i","cat":284532},{"id":136324,"n":"Boisson gazeuse Feez Grenadine - 275 ml","p":1.45,"u":"5,27 €/L","img":"https://fd15-photos.leclercdrive.fr/image.ashx?id=2018307&use=l&cat=p&typeid=i","cat":284532},{"id":136373,"n":"Boîte chocolats Ferrero Rocher x27 pralines - 337g","p":18.1,"u":"53,55 €/KG","img":"https://fd15-photos.leclercdrive.fr/image.ashx?id=2940522&use=l&cat=p&typeid=i","cat":327600},{"id":136445,"n":"Gateau marbré Savane Chocolat - 310g","p":4.8,"u":"15,48 €/KG","img":"https://fd15-photos.leclercdrive.fr/image.ashx?id=2870719&use=l&cat=p&typeid=i","cat":294776},{"id":136456,"n":"Lait bébé Candia Baby 2ème âge - 6x1L","p":15.95,"u":"2,66 €/L","img":"https://fd15-photos.leclercdrive.fr/image.ashx?id=2773703&use=l&cat=p&typeid=i","cat":284727},{"id":136472,"n":"Confiture Pure Via Fraise - 300g","p":4.55,"u":"15,17 €/KG","img":"https://fd15-photos.leclercdrive.fr/image.ashx?id=2752065&use=l&cat=p&typeid=i","cat":284480},{"id":136507,"n":"Gros sel marin Bjorg Gris - 1 kg","p":3.4,"u":"3,40 €/KG","img":"https://fd15-photos.leclercdrive.fr/image.ashx?id=2105320&use=l&cat=p&typeid=i","cat":284457},{"id":136509,"n":"Sel et herbes Essentiel Bio 250g","p":4.85,"u":"19,40 €/KG","img":"https://fd15-photos.leclercdrive.fr/image.ashx?id=2560888&use=l&cat=p&typeid=i","cat":284457},{"id":136598,"n":"Compote Bio Village Gourdes Pomme bio - 12x90g","p":7.6,"u":"7,04 €/KG","img":"https://fd15-photos.leclercdrive.fr/image.ashx?id=2330517&use=l&cat=p&typeid=i","cat":284508},{"id":136603,"n":"Serviettes ultra super Tadam Dermo-sensitives bio - x12","p":3.38,"img":"https://fd15-photos.leclercdrive.fr/image.ashx?id=2754955&use=l&cat=p&typeid=i","cat":284624},{"id":136604,"n":"Serviettes ultra nuit Tadam Dermosensitives - x10","p":4.95,"img":"https://fd15-photos.leclercdrive.fr/image.ashx?id=2754755&use=l&cat=p&typeid=i","cat":284624},{"id":136627,"n":"Pad Thai Céréal Bio  Bio repas express - 220g","p":4.27,"u":"19,41 €/KG","img":"https://fd15-photos.leclercdrive.fr/image.ashx?id=2574089&use=l&cat=p&typeid=i","cat":288992},{"id":136635,"n":"Cassoulet Maison Rivière Confit de canard - 840g","p":7.99,"u":"9,51 €/KG","img":"https://fd15-photos.leclercdrive.fr/image.ashx?id=2734225&use=l&cat=p&typeid=i","cat":284440},{"id":136645,"n":"Blé gourmand l'Original Ebly Cuisson 10min - 1kg","p":6.0,"u":"6,00 €/KG","img":"https://fd15-photos.leclercdrive.fr/image.ashx?id=2286278&use=l&cat=p&typeid=i","cat":284429},{"id":136655,"n":"Tomates cerises colorées Panier du Primeur - 350g","p":3.48,"u":"9,94 €/KG","img":"https://fd15-photos.leclercdrive.fr/image.ashx?id=2964586&use=l&cat=p&typeid=i","cat":284352},{"id":136670,"n":"Oignons jaunes Eco+ 1.5 Kg","p":1.19,"u":"0,79 €/KG","img":"https://fd15-photos.leclercdrive.fr/image.ashx?id=2772572&use=l&cat=p&typeid=i","cat":284352},{"id":136671,"n":"Pommes bicolores Panier Primeur HVE - Sachet 1.5kg","p":3.99,"u":"2,66 €/KG","img":"https://fd15-photos.leclercdrive.fr/image.ashx?id=2928279&use=l&cat=p&typeid=i","cat":284356},{"id":136692,"n":"Orangettes Révillon Chocolat - 185g","p":9.85,"u":"53,24 €/KG","img":"https://fd15-photos.leclercdrive.fr/image.ashx?id=2966971&use=l&cat=p&typeid=i","cat":327601},{"id":136733,"n":"Purée de légumes Babybio Bio chou-fleur 2x130g","p":2.95,"u":"11,35 €/KG","img":"https://fd15-photos.leclercdrive.fr/image.ashx?id=2827434&use=l&cat=p&typeid=i","cat":312235},{"id":136761,"n":"Attache sapin Père Noël Rohan Aluminium - 200g","p":4.49,"u":"22,45 €/KG","img":"https://fd15-photos.leclercdrive.fr/image.ashx?id=2863461&use=l&cat=p&typeid=i","cat":327592},{"id":136767,"n":"Boite de chocolat Côte d'Or Bouchée au lait - 197g","p":9.5,"u":"48,22 €/KG","img":"https://fd15-photos.leclercdrive.fr/image.ashx?id=2792942&use=l&cat=p&typeid=i","cat":327595},{"id":136813,"n":"Biscuits Bruges Delacre Boîte Assortiment - 200g","p":4.7,"u":"23,50 €/KG","img":"https://fd15-photos.leclercdrive.fr/image.ashx?id=2867966&use=l&cat=p&typeid=i","cat":284490},{"id":136907,"n":"Mini Roc Côte d'Or Chocolat au lait - 195g","p":7.76,"u":"39,79 €/KG","img":"https://fd15-photos.leclercdrive.fr/image.ashx?id=2488088&use=l&cat=p&typeid=i","cat":327595},{"id":136910,"n":"Mini Roc Côte d'Or Chocolat au noir - 195g","p":8.2,"u":"42,05 €/KG","img":"https://fd15-photos.leclercdrive.fr/image.ashx?id=2244136&use=l&cat=p&typeid=i","cat":327595},{"id":136925,"n":"Mini bouchée truffé Côte d'Or Chocolat noir - 158g","p":5.85,"u":"37,03 €/KG","img":"https://fd15-photos.leclercdrive.fr/image.ashx?id=2922173&use=l&cat=p&typeid=i","cat":327600},{"id":136933,"n":"Kit fajita Old El Paso Tomate poivrons - 500g","p":8.47,"u":"16,94 €/KG","img":"https://fd15-photos.leclercdrive.fr/image.ashx?id=2759715&use=l&cat=p&typeid=i","cat":288993},{"id":137014,"n":"Lasagne bolognaise 300g","p":4.05,"u":"13,50 €/KG","img":"https://fd15-photos.leclercdrive.fr/image.ashx?id=2993382&use=l&cat=p&typeid=i","cat":284254},{"id":137039,"n":"Mini BN Chocolat Lot de 3x175g","p":5.97,"u":"11,37 €/KG","img":"https://fd15-photos.leclercdrive.fr/image.ashx?id=2604497&use=l&cat=p&typeid=i","cat":284488},{"id":137060,"n":"Compote Bio Village Gourdes Pomme bio - 4x90g","p":3.55,"u":"9,86 €/KG","img":"https://fd15-photos.leclercdrive.fr/image.ashx?id=2619755&use=l&cat=p&typeid=i","cat":284508},{"id":137244,"n":"Huile d'Olive vierge  Cauvin Extra Bio - 75cl","p":12.99,"u":"17,32 €/L","img":"https://fd15-photos.leclercdrive.fr/image.ashx?id=2498356&use=l&cat=p&typeid=i","cat":284453},{"id":137306,"n":"Lessive concentrée Biovie Lavandin - 40 lavages - 2L","p":10.95,"u":"5,48 €/L","img":"https://fd15-photos.leclercdrive.fr/image.ashx?id=2050891&use=l&cat=p&typeid=i","cat":284640},{"id":137314,"n":"Calendrier de l'Avent Kinder Chalet Pingouins - 184g","p":13.2,"u":"71,74 €/KG","img":"https://fd15-photos.leclercdrive.fr/image.ashx?id=1984786&use=l&cat=p&typeid=i","cat":336112},{"id":137364,"n":"Pâte feuilletée Tablier blanc Complète - 240g","p":1.85,"u":"7,71 €/KG","img":"https://fd15-photos.leclercdrive.fr/image.ashx?id=2635937&use=l&cat=p&typeid=i","cat":333681},{"id":137384,"n":"Déodorant bille Men Expert Efficacité 48h - 50ml","p":4.85,"u":"97,00 €/L","img":"https://fd15-photos.leclercdrive.fr/image.ashx?id=2300512&use=l&cat=p&typeid=i","cat":284618},{"id":137413,"n":"Pommes Duchesse Findus 720g","p":4.47,"u":"6,21 €/KG","img":"https://fd15-photos.leclercdrive.fr/image.ashx?id=2888512&use=l&cat=p&typeid=i","cat":319792},{"id":137414,"n":"Pommes Étoile 720g","p":3.9,"u":"5,42 €/KG","img":"https://fd15-photos.leclercdrive.fr/image.ashx?id=2023134&use=l&cat=p&typeid=i","cat":319792},{"id":137425,"n":"Masque Fructis Hairfood Eclat Goji - 390ml","p":11.1,"u":"28,46 €/L","img":"https://fd15-photos.leclercdrive.fr/image.ashx?id=2308036&use=l&cat=p&typeid=i","cat":284608},{"id":137437,"n":"gateau Savane Brossard Chocolat - 310g","p":4.99,"u":"16,10 €/KG","img":"https://fd15-photos.leclercdrive.fr/image.ashx?id=2976836&use=l&cat=p&typeid=i","cat":294776},{"id":137440,"n":"Maïs Bonduelle Sans Sucres Ajoutés 3x140g","p":3.79,"u":"9,02 €/KG","img":"https://fd15-photos.leclercdrive.fr/image.ashx?id=2996524&use=l&cat=p&typeid=i","cat":312611},{"id":137515,"n":"Mini Roc Côte d'Or Praline - 195g","p":7.09,"u":"36,36 €/KG","img":"https://fd15-photos.leclercdrive.fr/image.ashx?id=2924791&use=l&cat=p&typeid=i","cat":327595},{"id":137522,"n":"Boite cadeau Toblerone assortiment mini toblerone 400g","p":17.5,"u":"43,75 €/KG","img":"https://fd15-photos.leclercdrive.fr/image.ashx?id=2861195&use=l&cat=p&typeid=i","cat":327595},{"id":137554,"n":"Moulage de chocolat grand Rohan Père Noël - 150g","p":3.92,"u":"26,13 €/KG","img":"https://fd15-photos.leclercdrive.fr/image.ashx?id=1986865&use=l&cat=p&typeid=i","cat":284958},{"id":137555,"n":"Moulage de chocolat grand Rohan Rennes - 150g","p":3.92,"u":"26,13 €/KG","img":"https://fd15-photos.leclercdrive.fr/image.ashx?id=1986868&use=l&cat=p&typeid=i","cat":284958},{"id":137680,"n":"Croquette pour chien  Fido Croq' Mix boeuf et légumes 3kg","p":11.45,"u":"3,82 €/KG","img":"https://fd15-photos.leclercdrive.fr/image.ashx?id=2973306&use=l&cat=p&typeid=i","cat":284672},{"id":137682,"n":"Croquette pour chiens Fido Mix Poulet Légumes - 12 kg","p":39.15,"u":"3,26 €/KG","img":"https://fd15-photos.leclercdrive.fr/image.ashx?id=2973300&use=l&cat=p&typeid=i","cat":284672},{"id":137686,"n":"Croquette pour chiens Fido Boeuf & légumes - 7kg","p":29.95,"u":"4,28 €/KG","img":"https://fd15-photos.leclercdrive.fr/image.ashx?id=2973297&use=l&cat=p&typeid=i","cat":284672},{"id":137700,"n":"Compote Douceur du Verger Coupelle fruits rouges -16x100g","p":5.7,"u":"3,56 €/KG","img":"https://fd15-photos.leclercdrive.fr/image.ashx?id=2663560&use=l&cat=p&typeid=i","cat":284508},{"id":137702,"n":"Compote Douceur du Verger Coupelle fruits jaunes -16x100g","p":5.7,"u":"3,56 €/KG","img":"https://fd15-photos.leclercdrive.fr/image.ashx?id=2834890&use=l&cat=p&typeid=i","cat":284508},{"id":137703,"n":"Compote Douceur du Verger Coupelle pomme - 16x100g","p":4.69,"u":"2,93 €/KG","img":"https://fd15-photos.leclercdrive.fr/image.ashx?id=2663551&use=l&cat=p&typeid=i","cat":284508},{"id":137733,"n":"Gnocchi à Poeler Turini 700g","p":5.29,"u":"7,56 €/KG","img":"https://fd15-photos.leclercdrive.fr/image.ashx?id=2606840&use=l&cat=p&typeid=i","cat":333682},{"id":137757,"n":"Tarte aux poireaux Marie Gratinée à l'Emmental - 400g","p":3.95,"u":"9,88 €/KG","img":"https://fd15-photos.leclercdrive.fr/image.ashx?id=2996680&use=l&cat=p&typeid=i","cat":284257},{"id":137759,"n":"Tarte au Chèvre Marie Tomates cerises - 400g","p":3.95,"u":"9,88 €/KG","img":"https://fd15-photos.leclercdrive.fr/image.ashx?id=2996677&use=l&cat=p&typeid=i","cat":284257},{"id":137769,"n":"Soupe liquide brique Liebig  Poireaux Pomme de Terre 2x30cl","p":2.5,"u":"4,17 €/L","img":"https://fd15-photos.leclercdrive.fr/image.ashx?id=2864327&use=l&cat=p&typeid=i","cat":284462},{"id":137777,"n":"Haricots verts Bonduelle Extra Fins 440g","p":3.05,"u":"6,93 €/KG","img":"https://fd15-photos.leclercdrive.fr/image.ashx?id=2943927&use=l&cat=p&typeid=i","cat":312606},{"id":137813,"n":"Gin Bombay Bramble 40° - 70cl","p":30.9,"u":"44,14 €/L","img":"https://fd15-photos.leclercdrive.fr/image.ashx?id=1987104&use=l&cat=p&typeid=i","cat":284550},{"id":137820,"n":"IGP Pays d'oc rosé Merlot Les Ormes de Cambras 12% 75 cl","p":5.69,"u":"7,59 €/L","img":"https://fd15-photos.leclercdrive.fr/image.ashx?id=2445136&use=l&cat=p&typeid=i","cat":289558},{"id":137853,"n":"AOP Côtes de provence rosé Château Cavalier - 75cl","p":10.99,"u":"14,65 €/L","img":"https://fd15-photos.leclercdrive.fr/image.ashx?id=2486329&use=l&cat=p&typeid=i","cat":289558},{"id":137855,"n":"Litière chats Tous Mes Amis Agglomérante végétale - 7L","p":6.85,"u":"0,98 €/L","img":"https://fd15-photos.leclercdrive.fr/image.ashx?id=2055226&use=l&cat=p&typeid=i","cat":284683},{"id":137857,"n":"Petits Pois Bonduelle Sans Arôme Ajouté 280g","p":1.99,"u":"7,11 €/KG","img":"https://fd15-photos.leclercdrive.fr/image.ashx?id=2913157&use=l&cat=p&typeid=i","cat":312607},{"id":137860,"n":"Riz long blanchi Eco+ 1kg","p":2.05,"u":"2,05 €/KG","img":"https://fd15-photos.leclercdrive.fr/image.ashx?id=2076622&use=l&cat=p&typeid=i","cat":284428},{"id":137861,"n":"Thé noir bio Bio Village English Breakfast x20 - 36g","p":2.09,"u":"58,06 €/KG","img":"https://fd15-photos.leclercdrive.fr/image.ashx?id=1987003&use=l&cat=p&typeid=i","cat":293233},{"id":137862,"n":"Riz long étuvé Eco+ 1kg","p":2.35,"u":"2,35 €/KG","img":"https://fd15-photos.leclercdrive.fr/image.ashx?id=2076625&use=l&cat=p&typeid=i","cat":284428},{"id":137864,"n":"Riz long étuvé Eco+ 4x125g","p":1.28,"u":"2,56 €/KG","img":"https://fd15-photos.leclercdrive.fr/image.ashx?id=1991126&use=l&cat=p&typeid=i","cat":284428},{"id":137865,"n":"Compote SSA Douceur du Verger Gourdes Pomme Poire - 4x90g","p":2.25,"u":"6,25 €/KG","img":"https://fd15-photos.leclercdrive.fr/image.ashx?id=2837069&use=l&cat=p&typeid=i","cat":284508},{"id":137866,"n":"Compotes Douceur du Verger Pomme Banane - 4x90g","p":2.49,"u":"6,92 €/KG","img":"https://fd15-photos.leclercdrive.fr/image.ashx?id=2837066&use=l&cat=p&typeid=i","cat":284508},{"id":137883,"n":"Rillettes thon Ronde des Mers 220g","p":4.05,"u":"18,41 €/KG","img":"https://fd15-photos.leclercdrive.fr/image.ashx?id=2436693&use=l&cat=p&typeid=i","cat":284451},{"id":137892,"n":"Biscottes bio Bio Village sans sel ni sucres ajoutés 100g","p":3.48,"u":"11,60 €/KG","img":"https://fd15-photos.leclercdrive.fr/image.ashx?id=1987015&use=l&cat=p&typeid=i","cat":284479},{"id":137900,"n":"Barres de céréales Grainéa Chocolat noir x6 - 126g","p":1.64,"u":"13,02 €/KG","img":"https://fd15-photos.leclercdrive.fr/image.ashx?id=2721370&use=l&cat=p&typeid=i","cat":285869},{"id":137904,"n":"Barre de céréales Grainea 126g","p":1.64,"u":"13,02 €/KG","img":"https://fd15-photos.leclercdrive.fr/image.ashx?id=2724598&use=l&cat=p&typeid=i","cat":285869},{"id":137907,"n":"Compote Douceur du Verger Coupelle pomme mangue - 4x100g","p":1.98,"u":"4,95 €/KG","img":"https://fd15-photos.leclercdrive.fr/image.ashx?id=2663548&use=l&cat=p&typeid=i","cat":284508},{"id":137910,"n":"Compote Douceur du Verger Gourdes multivariétés - 20x90g","p":10.39,"u":"5,77 €/KG","img":"https://fd15-photos.leclercdrive.fr/image.ashx?id=2805048&use=l&cat=p&typeid=i","cat":284508},{"id":137940,"n":"Détartrant pour machines café HG Machines - 500ml","p":4.99,"u":"9,98 €/L","img":"https://fd15-photos.leclercdrive.fr/image.ashx?id=2373224&use=l&cat=p&typeid=i","cat":284751},{"id":137955,"n":"Maïs ultra croquant D'Aucy 3x140g","p":3.9,"u":"9,29 €/KG","img":"https://fd15-photos.leclercdrive.fr/image.ashx?id=2429215&use=l&cat=p&typeid=i","cat":312611},{"id":137957,"n":"Maïs ultra croquant D'Aucy 285g","p":2.15,"u":"7,54 €/KG","img":"https://fd15-photos.leclercdrive.fr/image.ashx?id=2380454&use=l&cat=p&typeid=i","cat":312611},{"id":137959,"n":"Gourde panaché ssa 12x90g","p":10.15,"u":"112,78 €/KG","img":"https://fd15-photos.leclercdrive.fr/image.ashx?id=2180969&use=l&cat=p&typeid=i","cat":284508},{"id":137980,"n":"Biscuits croquants Délichoc Chocolat blanc - 150g","p":3.1,"u":"20,67 €/KG","img":"https://fd15-photos.leclercdrive.fr/image.ashx?id=2939289&use=l&cat=p&typeid=i","cat":284488},{"id":137981,"n":"Mini BN duo 2+1 Offert - 570g","p":5.97,"u":"10,47 €/KG","img":"https://fd15-photos.leclercdrive.fr/image.ashx?id=2604503&use=l&cat=p&typeid=i","cat":284488},{"id":137987,"n":"Café dosettes Tassimo Maxwell House - cappuccino x8","p":7.59,"u":"36,49 €/KG","img":"https://fd15-photos.leclercdrive.fr/image.ashx?id=2154815&use=l&cat=p&typeid=i","cat":293240},{"id":137988,"n":"Préparation Tablier Blanc Frangipane - 200g","p":3.35,"u":"16,75 €/KG","img":"https://fd15-photos.leclercdrive.fr/image.ashx?id=2460628&use=l&cat=p&typeid=i","cat":284504},{"id":138003,"n":"Mini BN fraise 2+1 offert - 525g","p":5.97,"u":"11,37 €/KG","img":"https://fd15-photos.leclercdrive.fr/image.ashx?id=2604500&use=l&cat=p&typeid=i","cat":284489},{"id":138085,"n":"Légumes verts Paysan Breton 750g","p":4.31,"u":"5,75 €/KG","img":"https://fd15-photos.leclercdrive.fr/image.ashx?id=2365964&use=l&cat=p&typeid=i","cat":319805},{"id":138199,"n":"Repas bébé Blédichef 15 mois  Colombo de riz poisson - 250g","p":3.15,"u":"12,60 €/KG","img":"https://fd15-photos.leclercdrive.fr/image.ashx?id=2951599&use=l&cat=p&typeid=i","cat":312238},{"id":138320,"n":"FROMAGE BLANC NATURE AU LAIT  DE BREBIS 4X100g SOIGNON","p":5.1,"u":"12,75 €/KG","img":"https://fd15-photos.leclercdrive.fr/image.ashx?id=2948129&use=l&cat=p&typeid=i","cat":314998},{"id":138537,"n":"Coloration Casting Crème Gloss  400 Châtain Craquant","p":18.55,"img":"https://fd15-photos.leclercdrive.fr/image.ashx?id=2869080&use=l&cat=p&typeid=i","cat":288899},{"id":138668,"n":"Masque Cheveux Nutrition Elsève Huile Extraordinaire - 310ml","p":9.95,"u":"32,10 €/L","img":"https://fd15-photos.leclercdrive.fr/image.ashx?id=2511859&use=l&cat=p&typeid=i","cat":284608},{"id":138669,"n":"Masque reconstructeur Elsève Dream Long Cheveu Abîmé - 310ml","p":9.95,"u":"32,10 €/L","img":"https://fd15-photos.leclercdrive.fr/image.ashx?id=2278139&use=l&cat=p&typeid=i","cat":284608},{"id":138675,"n":"Pommes Golden  1KG","p":2.99,"u":"2,99 €/KG","img":"https://fd15-photos.leclercdrive.fr/image.ashx?id=1630972&use=l&cat=p&typeid=i","cat":284356},{"id":139254,"n":"Boite alcools du monde Abtey Chocolat noir … la liqueur 220g","p":9.46,"u":"37,84 €/KG","img":"https://fd15-photos.leclercdrive.fr/image.ashx?id=2662727&use=l&cat=p&typeid=i","cat":327601},{"id":139322,"n":"Marrons glacés L'Artisan Provençal 250g","p":11.0,"u":"44,00 €/KG","img":"https://fd15-photos.leclercdrive.fr/image.ashx?id=1995723&use=l&cat=p&typeid=i","cat":327603},{"id":139334,"n":"Père Noel  Rohan Chocolat au lait - 125g","p":3.2,"u":"25,60 €/KG","img":"https://fd15-photos.leclercdrive.fr/image.ashx?id=2484918&use=l&cat=p&typeid=i","cat":327592},{"id":139378,"n":"Père Noël Jacquot Moulage chocolat - 60g","p":1.59,"u":"26,50 €/KG","img":"https://fd15-photos.leclercdrive.fr/image.ashx?id=2304175&use=l&cat=p&typeid=i","cat":327592},{"id":139392,"n":"Gianduiotti misti Praliné de chocolat aux noisettes -195g","p":9.99,"pp":7.99,"u":"40,97 €/KG","img":"https://fd15-photos.leclercdrive.fr/image.ashx?id=2615161&use=l&cat=p&typeid=i","cat":327595},{"id":139398,"n":"Ballotin de Marrons Bio Motta gros morceaux - 220g","p":11.55,"u":"52,50 €/KG","img":"https://fd15-photos.leclercdrive.fr/image.ashx?id=2165602&use=l&cat=p&typeid=i","cat":327603},{"id":139407,"n":"Coffrets Carrés de fruits Motta x25 - 390g","p":11.79,"u":"30,23 €/KG","img":"https://fd15-photos.leclercdrive.fr/image.ashx?id=2298730&use=l&cat=p&typeid=i","cat":327606},{"id":139408,"n":"Ballotin Lingots de fruits Motta 430g","p":10.64,"u":"24,74 €/KG","img":"https://fd15-photos.leclercdrive.fr/image.ashx?id=2010401&use=l&cat=p&typeid=i","cat":327606},{"id":139518,"n":"Festive shape Walkers 175g","p":6.4,"u":"36,57 €/KG","img":"https://fd15-photos.leclercdrive.fr/image.ashx?id=2412258&use=l&cat=p&typeid=i","cat":284487},{"id":139671,"n":"Tondeuse Multifonction 10 En 1 Tondeuse nez et oreilles","p":54.9,"u":"Dont 0,17 € d'éco-part.","img":"https://fd15-photos.leclercdrive.fr/image.ashx?id=2761998&use=l&cat=p&typeid=i","cat":298488},{"id":139905,"n":"Oeufs au sol Eco+ x10","p":3.89,"u":"0,39 €/P","img":"https://fd15-photos.leclercdrive.fr/image.ashx?id=2724814&use=l&cat=p&typeid=i","cat":284378},{"id":139910,"n":"Duo décoré Rohan Père Noel Renne 100g","p":3.4,"u":"34,00 €/KG","img":"https://fd15-photos.leclercdrive.fr/image.ashx?id=2013230&use=l&cat=p&typeid=i","cat":327592},{"id":139911,"n":"Duo décoré Rohan Père noel pingouin 100g","p":3.4,"u":"34,00 €/KG","img":"https://fd15-photos.leclercdrive.fr/image.ashx?id=2013224&use=l&cat=p&typeid=i","cat":284958},{"id":141129,"n":"Bonbon Giga Twisty Renne de Noël - 65g","p":1.99,"u":"30,62 €/KG","img":"https://fd15-photos.leclercdrive.fr/image.ashx?id=2803963&use=l&cat=p&typeid=i","cat":327592},{"id":141132,"n":"Bonbon Giga Twisty Père Noel -  65g","p":1.99,"u":"30,62 €/KG","img":"https://fd15-photos.leclercdrive.fr/image.ashx?id=2025692&use=l&cat=p&typeid=i","cat":327592},{"id":141162,"n":"Fond de veau Maggi 110g","p":3.9,"u":"35,45 €/KG","img":"https://fd15-photos.leclercdrive.fr/image.ashx?id=2917546&use=l&cat=p&typeid=i","cat":288379},{"id":141809,"n":"Friandise pour chat Dentalife Poulet - 40g","p":2.29,"u":"57,25 €/KG","img":"https://fd15-photos.leclercdrive.fr/image.ashx?id=2424716&use=l&cat=p&typeid=i","cat":285285},{"id":141810,"n":"Croquette Purina One Chat difficile  Cabillaud 1.5kg","p":11.45,"u":"7,63 €/KG","img":"https://fd15-photos.leclercdrive.fr/image.ashx?id=2477871&use=l&cat=p&typeid=i","cat":284680},{"id":142084,"n":"Pommes de terre Grenailles  Panier du Primeur - 1kg","p":3.72,"u":"3,72 €/KG","img":"https://fd15-photos.leclercdrive.fr/image.ashx?id=2233214&use=l&cat=p&typeid=i","cat":284352},{"id":142194,"n":"Couteau à crêpes Homeside 1 pièce","p":2.9,"img":"https://fd15-photos.leclercdrive.fr/image.ashx?id=2017596&use=l&cat=p&typeid=i","cat":334135},{"id":142522,"n":"Ananas Del Monte en morceaux - 350g","p":3.2,"u":"9,14 €/KG","img":"https://fd15-photos.leclercdrive.fr/image.ashx?id=2029403&use=l&cat=p&typeid=i","cat":284507},{"id":142840,"n":"Confit Maison Montfort Mangue Alphonso Abricot 110g","p":4.5,"u":"40,91 €/KG","img":"https://fd15-photos.leclercdrive.fr/image.ashx?id=2519483&use=l&cat=p&typeid=i","cat":305148},{"id":142977,"n":"Yaourts Délisse Aux fruits exotiques - 8x125g","p":3.8,"u":"3,80 €/KG","img":"https://fd15-photos.leclercdrive.fr/image.ashx?id=2595540&use=l&cat=p&typeid=i","cat":284410},{"id":142999,"n":"Cassolette saint jacques Tipiak Royale - 2x110g","p":6.95,"u":"31,59 €/KG","img":"https://fd15-photos.leclercdrive.fr/image.ashx?id=2798096&use=l&cat=p&typeid=i","cat":319775},{"id":143001,"n":"Dosettes café Plantation CLassique - x60 - 416g","p":9.51,"u":"22,86 €/KG","img":"https://fd15-photos.leclercdrive.fr/image.ashx?id=2824289&use=l&cat=p&typeid=i","cat":293238},{"id":143037,"n":"Toast apéro Pasquier Campagne - 100g","p":2.65,"u":"26,50 €/KG","img":"https://fd15-photos.leclercdrive.fr/image.ashx?id=2600674&use=l&cat=p&typeid=i","cat":285454},{"id":143102,"n":"Gourde Andros Pomme - 12x90g","p":10.05,"u":"111,67 €/KG","img":"https://fd15-photos.leclercdrive.fr/image.ashx?id=2254286&use=l&cat=p&typeid=i","cat":284508},{"id":143344,"n":"Biscottes Eco+ 90 tranches - 750g","p":3.61,"u":"4,81 €/KG","img":"https://fd15-photos.leclercdrive.fr/image.ashx?id=2662580&use=l&cat=p&typeid=i","cat":284479},{"id":143345,"n":"Biscottes Epi d'Or x108 - 900g","p":4.51,"u":"5,01 €/KG","img":"https://fd15-photos.leclercdrive.fr/image.ashx?id=2532847&use=l&cat=p&typeid=i","cat":284479},{"id":143347,"n":"Boisson instantanée cacao Tablette d'Or - 400g","p":2.5,"u":"6,25 €/KG","img":"https://fd15-photos.leclercdrive.fr/image.ashx?id=2038717&use=l&cat=p&typeid=i","cat":293235},{"id":143460,"n":"Cassolettes St Jacques Tipiak Crème Sauternes - x2 - 220g","p":9.79,"u":"44,50 €/KG","img":"https://fd15-photos.leclercdrive.fr/image.ashx?id=2030018&use=l&cat=p&typeid=i","cat":319775},{"id":143489,"n":"AOP Bordeaux moelleux Haussmann - 75cl","p":10.4,"u":"13,87 €/L","img":"https://fd15-photos.leclercdrive.fr/image.ashx?id=2165215&use=l&cat=p&typeid=i","cat":289557},{"id":143546,"n":"Lot toast ronds Jacquet Nature et Foie Gras - 500g","p":3.99,"u":"7,98 €/KG","img":"https://fd15-photos.leclercdrive.fr/image.ashx?id=2741349&use=l&cat=p&typeid=i","cat":285454},{"id":143584,"n":"Fleur de sel et poivre noir  Delpeyrat - 25g","p":3.29,"u":"131,60 €/KG","img":"https://fd15-photos.leclercdrive.fr/image.ashx?id=2029634&use=l&cat=p&typeid=i","cat":284457},{"id":143602,"n":"Barres de céréales Grainéa Chocolat lait, noisette x6-126g","p":1.64,"u":"13,02 €/KG","img":"https://fd15-photos.leclercdrive.fr/image.ashx?id=2912875&use=l&cat=p&typeid=i","cat":285869},{"id":143603,"n":"Barre de céréales Grainéa Fruits rouges x6 - 126g","p":1.64,"u":"13,02 €/KG","img":"https://fd15-photos.leclercdrive.fr/image.ashx?id=2912869&use=l&cat=p&typeid=i","cat":285869},{"id":143604,"n":"Barres de céréales Grainea Figues - 126g","p":1.64,"u":"13,02 €/KG","img":"https://fd15-photos.leclercdrive.fr/image.ashx?id=2757939&use=l&cat=p&typeid=i","cat":285869},{"id":143605,"n":"Barre de céréales Chocolat au lait & coco - 126g","p":1.64,"u":"13,02 €/KG","img":"https://fd15-photos.leclercdrive.fr/image.ashx?id=2721373&use=l&cat=p&typeid=i","cat":285869},{"id":143706,"n":"Bloc foie gras Maison Montfort Canard sauterne - 260g","p":25.9,"u":"99,62 €/KG","img":"https://fd15-photos.leclercdrive.fr/image.ashx?id=2731027&use=l&cat=p&typeid=i","cat":316008},{"id":143717,"n":"Coquilles St-Jacques bretonne 50% de noix OFG - 360g","p":24.99,"u":"69,42 €/KG","img":"https://fd15-photos.leclercdrive.fr/image.ashx?id=2531898&use=l&cat=p&typeid=i","cat":319775},{"id":143723,"n":"Givre de sel Delpeyrat et piment d'espelette - 25g","p":3.29,"u":"131,60 €/KG","img":"https://fd15-photos.leclercdrive.fr/image.ashx?id=2812675&use=l&cat=p&typeid=i","cat":305149},{"id":143739,"n":"Bloc foie gras canard Larnaudie IGP - 2x170g","p":29.99,"u":"88,21 €/KG","img":"https://fd15-photos.leclercdrive.fr/image.ashx?id=2053115&use=l&cat=p&typeid=i","cat":316008},{"id":143807,"n":"Foie gras canard Larnaudie Origine france entier - 220g","p":39.9,"u":"181,36 €/KG","img":"https://fd15-photos.leclercdrive.fr/image.ashx?id=2916779&use=l&cat=p&typeid=i","cat":316008},{"id":143857,"n":"Drap housse Tissaia Marine 90x190cm coton bio","p":15.9,"img":"https://fd15-photos.leclercdrive.fr/image.ashx?id=2380340&use=l&cat=p&typeid=i","cat":286694},{"id":143861,"n":"Drap housse Tissaia Marine 140x190cm coton bio","p":18.9,"img":"https://fd15-photos.leclercdrive.fr/image.ashx?id=2380292&use=l&cat=p&typeid=i","cat":286694},{"id":143873,"n":"Taie de traversin Tissaia Marine 185cm coton bio","p":7.9,"img":"https://fd15-photos.leclercdrive.fr/image.ashx?id=2380310&use=l&cat=p&typeid=i","cat":286694},{"id":143877,"n":"Taie de traversin Tissaia Blanc 185cm coton bio","p":7.9,"img":"https://fd15-photos.leclercdrive.fr/image.ashx?id=2380319&use=l&cat=p&typeid=i","cat":286694},{"id":143879,"n":"Drap housse Tissaia Marine 160x200cm coton bio","p":21.9,"img":"https://fd15-photos.leclercdrive.fr/image.ashx?id=2380322&use=l&cat=p&typeid=i","cat":286694},{"id":143885,"n":"Taie d'oreiller Tissaia Blanc 70x50cm coton bio","p":6.9,"img":"https://fd15-photos.leclercdrive.fr/image.ashx?id=2380337&use=l&cat=p&typeid=i","cat":286694},{"id":143894,"n":"Taie d'oreiller Tissaia Gris 70x50 cm coton bio","p":6.9,"img":"https://fd15-photos.leclercdrive.fr/image.ashx?id=2380256&use=l&cat=p&typeid=i","cat":286694},{"id":143910,"n":"Drap housse Tissaia Gris 140x190 cm coton bio","p":18.9,"img":"https://fd15-photos.leclercdrive.fr/image.ashx?id=2380265&use=l&cat=p&typeid=i","cat":286694},{"id":143913,"n":"Taie de traversin Tissaia Gris 185cm coton bio","p":7.9,"img":"https://fd15-photos.leclercdrive.fr/image.ashx?id=2380253&use=l&cat=p&typeid=i","cat":286694},{"id":144023,"n":"Mini pain d'épices Jacquet - 140g","p":4.04,"u":"28,86 €/KG","img":"https://fd15-photos.leclercdrive.fr/image.ashx?id=2741355&use=l&cat=p&typeid=i","cat":285454},{"id":144031,"n":"Foie gras de canard Larnaudie Lingot - 220g","p":35.0,"u":"159,09 €/KG","img":"https://fd15-photos.leclercdrive.fr/image.ashx?id=2916791&use=l&cat=p&typeid=i","cat":316008},{"id":144105,"n":"4 Coquilles St Jacques Bretonne 4x110g","p":23.38,"u":"53,14 €/KG","img":"https://fd15-photos.leclercdrive.fr/image.ashx?id=2464099&use=l&cat=p&typeid=i","cat":319775},{"id":144120,"n":"Miel & Ginseng Lune de Miel 250g","p":9.35,"u":"37,40 €/KG","img":"https://fd15-photos.leclercdrive.fr/image.ashx?id=2607659&use=l&cat=p&typeid=i","cat":287643},{"id":144237,"n":"Petits pains figues Labeyrie x25 - 100g","p":4.63,"u":"46,30 €/KG","img":"https://fd15-photos.leclercdrive.fr/image.ashx?id=2923504&use=l&cat=p&typeid=i","cat":316008},{"id":144367,"n":"Copeaux savon Marseille  UNI VERT - 750g","p":6.05,"u":"8,07 €/KG","img":"https://fd15-photos.leclercdrive.fr/image.ashx?id=2574470&use=l&cat=p&typeid=i","cat":325365},{"id":144422,"n":"Lot toast ronds Jacquet Nature - 2x250g","p":3.99,"u":"7,98 €/KG","img":"https://fd15-photos.leclercdrive.fr/image.ashx?id=2741343&use=l&cat=p&typeid=i","cat":285454},{"id":144636,"n":"Boisson énergisante Monster Energy Pacific Punch - 50CL","p":2.35,"u":"4,70 €/L","img":"https://fd15-photos.leclercdrive.fr/image.ashx?id=2148407&use=l&cat=p&typeid=i","cat":284533},{"id":144715,"n":"Mini-beurre Paysan Breton Doux x20 - 82%MG - 200g","p":3.57,"u":"17,85 €/KG","img":"https://fd15-photos.leclercdrive.fr/image.ashx?id=2774568&use=l&cat=p&typeid=i","cat":284379},{"id":144773,"n":"Yaourt ferments lactiques Alsa 4 sachets - 8g","p":5.65,"u":"706,25 €/KG","img":"https://fd15-photos.leclercdrive.fr/image.ashx?id=2813875&use=l&cat=p&typeid=i","cat":284505},{"id":144834,"n":"Dosettes café Plantation  Corsé - x60 - 417g","p":9.29,"u":"22,28 €/KG","img":"https://fd15-photos.leclercdrive.fr/image.ashx?id=2824292&use=l&cat=p&typeid=i","cat":293238},{"id":144860,"n":"Bière ambrée Goudale 7.2% - 33cl","p":3.1,"u":"9,39 €/L","img":"https://fd15-photos.leclercdrive.fr/image.ashx?id=2039419&use=l&cat=p&typeid=i","cat":334852},{"id":144890,"n":"Whisky Aberlour 14 ans Single Malt Scotch 40% vol 70cl","p":64.16,"u":"91,66 €/L","img":"https://fd15-photos.leclercdrive.fr/image.ashx?id=2878297&use=l&cat=p&typeid=i","cat":284547},{"id":144919,"n":"Purée 4 légumes Bio Village Bio - Cuisinée - 450g","p":2.36,"u":"5,24 €/KG","img":"https://fd15-photos.leclercdrive.fr/image.ashx?id=2878753&use=l&cat=p&typeid=i","cat":319805},{"id":144924,"n":"Rôti de porc Fleury Michon Sans nitrite - x2 - 90g","p":2.99,"u":"33,22 €/KG","img":"https://fd15-photos.leclercdrive.fr/image.ashx?id=2334584&use=l&cat=p&typeid=i","cat":316009},{"id":144940,"n":"AOP Saumur Puy Notre Dame rouge Les Petites Roches - 75cl","p":12.39,"u":"16,52 €/L","img":"https://fd15-photos.leclercdrive.fr/image.ashx?id=2105188&use=l&cat=p&typeid=i","cat":289556},{"id":144942,"n":"Rhum blanc 3 Rvières 50% - 70cl","p":11.6,"u":"16,57 €/L","img":"https://fd15-photos.leclercdrive.fr/image.ashx?id=2759969&use=l&cat=p&typeid=i","cat":284550},{"id":144960,"n":"Fromage blanc vanille Saint-amour - 300g","p":4.65,"u":"15,50 €/KG","img":"https://fd15-photos.leclercdrive.fr/image.ashx?id=2432478&use=l&cat=p&typeid=i","cat":284419},{"id":145041,"n":"Dattes Couleurs Vives Moelleuses - 250g","p":2.19,"u":"8,76 €/KG","img":"https://fd15-photos.leclercdrive.fr/image.ashx?id=2543938&use=l&cat=p&typeid=i","cat":284357},{"id":145115,"n":"Anti-moustiques Labo Marie Rose Répulsif & apaisant 6h - 100ml","p":7.65,"u":"76,50 €/L","img":"https://fd15-photos.leclercdrive.fr/image.ashx?id=2666743&use=l&cat=p&typeid=i","cat":299654},{"id":145117,"n":"Coupe-ongles Mercurochrome 1 pièce","p":4.99,"img":"https://fd15-photos.leclercdrive.fr/image.ashx?id=2665616&use=l&cat=p&typeid=i","cat":325354},{"id":145120,"n":"Préservatifs Classic Lubrifiés - x14","p":4.99,"img":"https://fd15-photos.leclercdrive.fr/image.ashx?id=2848704&use=l&cat=p&typeid=i","cat":284631},{"id":145185,"n":"Pommes de terre Raclette micro-ondable - 500g","p":2.23,"u":"4,46 €/KG","img":"https://fd15-photos.leclercdrive.fr/image.ashx?id=2040149&use=l&cat=p&typeid=i","cat":284352},{"id":145245,"n":"Pansements Mercurochrome Cors-portection - x12","p":4.7,"u":"0,39 €/P","img":"https://fd15-photos.leclercdrive.fr/image.ashx?id=2785829&use=l&cat=p&typeid=i","cat":284630},{"id":145255,"n":"Ciseaux à ongles Mercurochrome 1 pièce","p":6.29,"img":"https://fd15-photos.leclercdrive.fr/image.ashx?id=2788493&use=l&cat=p&typeid=i","cat":325354},{"id":145366,"n":"Rapé 3 fromages Bio Village Bio - 200g","p":2.7,"u":"13,50 €/KG","img":"https://fd15-photos.leclercdrive.fr/image.ashx?id=2036821&use=l&cat=p&typeid=i","cat":314035},{"id":145410,"n":"Amandes grillées Couleurs Vives Décortiquées - non salé - 250g","p":4.19,"u":"16,76 €/KG","img":"https://fd15-photos.leclercdrive.fr/image.ashx?id=2542929&use=l&cat=p&typeid=i","cat":284357},{"id":145491,"n":"Peau chamoisée multiusage Tech9 Taille S - 30x45cm - 1 pièce","p":6.99,"img":"https://fd15-photos.leclercdrive.fr/image.ashx?id=2068417&use=l&cat=p&typeid=i","cat":298252},{"id":145513,"n":"Fond de veau Kubor Maggi Dégraissé - 100g","p":3.89,"u":"38,90 €/KG","img":"https://fd15-photos.leclercdrive.fr/image.ashx?id=2917540&use=l&cat=p&typeid=i","cat":288379},{"id":145516,"n":"Gourde bébé bio Bio Village Pomme poire vanille - 4x90g","p":4.5,"u":"12,50 €/KG","img":"https://fd15-photos.leclercdrive.fr/image.ashx?id=2704867&use=l&cat=p&typeid=i","cat":312393},{"id":145556,"n":"Crêpes Whaou Chocolat cracky - x15 - 480g","p":8.95,"u":"18,65 €/KG","img":"https://fd15-photos.leclercdrive.fr/image.ashx?id=2971032&use=l&cat=p&typeid=i","cat":284494},{"id":145559,"n":"Fond de volaille Maggi 110g","p":3.9,"u":"35,45 €/KG","img":"https://fd15-photos.leclercdrive.fr/image.ashx?id=2917549&use=l&cat=p&typeid=i","cat":288379},{"id":145560,"n":"Frites rustique Pom'lisse 600g","p":1.89,"u":"3,15 €/KG","img":"https://fd15-photos.leclercdrive.fr/image.ashx?id=2770690&use=l&cat=p&typeid=i","cat":319791},{"id":145563,"n":"Sirop d'érable bio Bio Village 250g","p":6.69,"u":"26,76 €/KG","img":"https://fd15-photos.leclercdrive.fr/image.ashx?id=2480054&use=l&cat=p&typeid=i","cat":287643},{"id":145583,"n":"Eau nettoyante Mots d'Enfants bébé bio - 750ml","p":4.95,"u":"6,60 €/L","img":"https://fd15-photos.leclercdrive.fr/image.ashx?id=3014251&use=l&cat=p&typeid=i","cat":284741},{"id":145598,"n":"Gourde bébé bio Bio Village Pomme Banane Myrtille - 4x90g","p":4.19,"u":"11,64 €/KG","img":"https://fd15-photos.leclercdrive.fr/image.ashx?id=2704870&use=l&cat=p&typeid=i","cat":312393},{"id":145700,"n":"Tartiflette Côté Table 900g","p":7.15,"u":"7,94 €/KG","img":"https://fd15-photos.leclercdrive.fr/image.ashx?id=2991142&use=l&cat=p&typeid=i","cat":284254},{"id":145881,"n":"Coulis de tomate NRT De Provence - 400g","p":1.48,"u":"3,70 €/KG","img":"https://fd15-photos.leclercdrive.fr/image.ashx?id=2840001&use=l&cat=p&typeid=i","cat":288384},{"id":145883,"n":"Sauce Provencale NRT Aux tomates - 400g","p":2.2,"u":"5,50 €/KG","img":"https://fd15-photos.leclercdrive.fr/image.ashx?id=2840004&use=l&cat=p&typeid=i","cat":288384},{"id":145884,"n":"Mogette cuite au naturel NRT De Vendée - 265g","p":2.24,"u":"8,45 €/KG","img":"https://fd15-photos.leclercdrive.fr/image.ashx?id=2771426&use=l&cat=p&typeid=i","cat":312606},{"id":145931,"n":"Parmentier de canard Côté Table 600g","p":5.5,"u":"9,17 €/KG","img":"https://fd15-photos.leclercdrive.fr/image.ashx?id=2898263&use=l&cat=p&typeid=i","cat":284254},{"id":146060,"n":"Gazpacho L'Original Alvalle 1L","p":4.75,"u":"4,75 €/L","img":"https://fd15-photos.leclercdrive.fr/image.ashx?id=2672047&use=l&cat=p&typeid=i","cat":284355},{"id":146334,"n":"Dessert au soja Bio Village Bio - Chocolat - 4x100g","p":2.99,"u":"7,48 €/KG","img":"https://fd15-photos.leclercdrive.fr/image.ashx?id=2670398&use=l&cat=p&typeid=i","cat":316071},{"id":146366,"n":"Quiche Lorraine Marie Pur beurre - 400g","p":4.79,"u":"11,98 €/KG","img":"https://fd15-photos.leclercdrive.fr/image.ashx?id=2996674&use=l&cat=p&typeid=i","cat":284257},{"id":146412,"n":"Infusion bio Jardin Bio Digestion légère x20 - 30g","p":3.45,"u":"115,00 €/KG","img":"https://fd15-photos.leclercdrive.fr/image.ashx?id=2792603&use=l&cat=p&typeid=i","cat":293234},{"id":146414,"n":"Infusion bio Jardin Bio Nuits paisibles x20 - 30g","p":5.45,"u":"181,67 €/KG","img":"https://fd15-photos.leclercdrive.fr/image.ashx?id=2792612&use=l&cat=p&typeid=i","cat":293234},{"id":146415,"n":"Infusion Jardin Bio Bio digestion - x20 - 30g","p":5.05,"u":"168,33 €/KG","img":"https://fd15-photos.leclercdrive.fr/image.ashx?id=2792615&use=l&cat=p&typeid=i","cat":293234},{"id":146417,"n":"Infusion Jardin Bio Bio Thym citron - 30g - x20","p":5.4,"u":"180,00 €/KG","img":"https://fd15-photos.leclercdrive.fr/image.ashx?id=2792621&use=l&cat=p&typeid=i","cat":293234},{"id":146418,"n":"Infusion Jardin Bio Bio ventre plat - x20 - 30g","p":4.15,"u":"138,33 €/KG","img":"https://fd15-photos.leclercdrive.fr/image.ashx?id=2986564&use=l&cat=p&typeid=i","cat":293234},{"id":146419,"n":"Infusion Jardin Bio Bio bruleur de graisse x20 -30g","p":4.6,"u":"153,33 €/KG","img":"https://fd15-photos.leclercdrive.fr/image.ashx?id=2968322&use=l&cat=p&typeid=i","cat":293234},{"id":146421,"n":"Infusion Jardin Bio Bio detox - x20 - 30g","p":4.35,"u":"145,00 €/KG","img":"https://fd15-photos.leclercdrive.fr/image.ashx?id=2792630&use=l&cat=p&typeid=i","cat":293234},{"id":146425,"n":"Thé Jardin Bio Bio détox - x20 - 30g","p":5.02,"u":"167,33 €/KG","img":"https://fd15-photos.leclercdrive.fr/image.ashx?id=2578205&use=l&cat=p&typeid=i","cat":293233},{"id":146426,"n":"Thé vert bio Jardin Bio Gingembre citron vert x20 - 30g","p":4.4,"u":"146,67 €/KG","img":"https://fd15-photos.leclercdrive.fr/image.ashx?id=3011452&use=l&cat=p&typeid=i","cat":293233},{"id":146484,"n":"Lait de coco naturel Ayam 20 cl","p":1.8,"u":"9,00 €/L","img":"https://fd15-photos.leclercdrive.fr/image.ashx?id=2051131&use=l&cat=p&typeid=i","cat":288992},{"id":146494,"n":"Ramen Kimchi Tanoshi 360g","p":4.61,"u":"12,81 €/KG","img":"https://fd15-photos.leclercdrive.fr/image.ashx?id=2046741&use=l&cat=p&typeid=i","cat":288992},{"id":146499,"n":"Ramen Bulgogi Tanoshi 366g","p":4.39,"u":"11,99 €/KG","img":"https://fd15-photos.leclercdrive.fr/image.ashx?id=2922998&use=l&cat=p&typeid=i","cat":288992},{"id":146738,"n":"Café Soluble Nescafé Cappuccino Noisette - 270g","p":7.55,"u":"27,96 €/KG","img":"https://fd15-photos.leclercdrive.fr/image.ashx?id=2867791&use=l&cat=p&typeid=i","cat":284843},{"id":146739,"n":"Maïs Bonduelle Sans Résidu Pesticides - 3x140g","p":3.45,"u":"8,21 €/KG","img":"https://fd15-photos.leclercdrive.fr/image.ashx?id=2913133&use=l&cat=p&typeid=i","cat":312611},{"id":146890,"n":"Gourde bébé bio Bio Village Pomme abricot - 4x90g","p":4.29,"u":"11,92 €/KG","img":"https://fd15-photos.leclercdrive.fr/image.ashx?id=2704876&use=l&cat=p&typeid=i","cat":312393},{"id":146891,"n":"Gourde bébé bio Bio Village Pomme biscuit - 4x90g","p":5.15,"u":"14,31 €/KG","img":"https://fd15-photos.leclercdrive.fr/image.ashx?id=2704873&use=l&cat=p&typeid=i","cat":312393},{"id":146894,"n":"Gourde bébé bio Bio Village Semoule cacao - 4x85g","p":4.36,"u":"12,82 €/KG","img":"https://fd15-photos.leclercdrive.fr/image.ashx?id=2704861&use=l&cat=p&typeid=i","cat":312393},{"id":146895,"n":"Lait concentré Régilait non sucré - 410g","p":1.95,"u":"4,76 €/KG","img":"https://fd15-photos.leclercdrive.fr/image.ashx?id=2405866&use=l&cat=p&typeid=i","cat":293236},{"id":146916,"n":"Préparation alsa Crème Pâtissière - 390g","p":5.59,"u":"14,33 €/KG","img":"https://fd15-photos.leclercdrive.fr/image.ashx?id=3007990&use=l&cat=p&typeid=i","cat":284505},{"id":146929,"n":"Piles rechargeables Duracell 750mAH AAA/LR03 - x4","p":9.99,"u":"2,50 €/P","img":"https://fd15-photos.leclercdrive.fr/image.ashx?id=2429488&use=l&cat=p&typeid=i","cat":300572},{"id":146954,"n":"Pizza la moelleuse Burger - 625g","p":4.29,"u":"6,86 €/KG","img":"https://fd15-photos.leclercdrive.fr/image.ashx?id=2418098&use=l&cat=p&typeid=i","cat":284256},{"id":147003,"n":"Feuilleté de Mousse La Laitière Vanille - 4x57g","p":3.0,"u":"13,16 €/KG","img":"https://fd15-photos.leclercdrive.fr/image.ashx?id=2764511&use=l&cat=p&typeid=i","cat":284417},{"id":147009,"n":"Chewing-gum Mentos Pure Fresh  Fraise sans sucres - 100g","p":5.69,"u":"56,90 €/KG","img":"https://fd15-photos.leclercdrive.fr/image.ashx?id=2659804&use=l&cat=p&typeid=i","cat":304251},{"id":147040,"n":"AOC Champagne brut rosé  Tsarine Luminous - 75cl","p":54.87,"u":"73,16 €/L","img":"https://fd15-photos.leclercdrive.fr/image.ashx?id=2807027&use=l&cat=p&typeid=i","cat":284542},{"id":147076,"n":"Bouillon Cube Maggi Volaille - 80g","p":1.59,"u":"19,88 €/KG","img":"https://fd15-photos.leclercdrive.fr/image.ashx?id=2737036&use=l&cat=p&typeid=i","cat":288379},{"id":147107,"n":"Purée de fruits Charles & Alice Fruits Panaché - 12x100g","p":6.99,"u":"5,83 €/KG","img":"https://fd15-photos.leclercdrive.fr/image.ashx?id=2908051&use=l&cat=p&typeid=i","cat":284416},{"id":147127,"n":"Spray dégraissant Clair Savon noir - 750ml","p":2.65,"u":"3,53 €/L","img":"https://fd15-photos.leclercdrive.fr/image.ashx?id=2840389&use=l&cat=p&typeid=i","cat":325357},{"id":147128,"n":"Coton carré Bio Bionaïa x80","p":2.08,"u":"0,03 €/P","img":"https://fd15-photos.leclercdrive.fr/image.ashx?id=2558832&use=l&cat=p&typeid=i","cat":285593},{"id":147212,"n":"Burrata Tradizioni d'Italia Truffe été - 100g","p":7.45,"u":"0,07 €/GR","img":"https://fd15-photos.leclercdrive.fr/image.ashx?id=2904031&use=l&cat=p&typeid=i","cat":314026},{"id":147224,"n":"Capsules Nescafé Dolce Gusto  Espresso - x30","p":12.25,"u":"74,24 €/KG","img":"https://fd15-photos.leclercdrive.fr/image.ashx?id=2737105&use=l&cat=p&typeid=i","cat":293239},{"id":147237,"n":"Compote Douceur du Verger    Bocal pomme morceaux - 730g","p":2.79,"u":"3,82 €/KG","img":"https://fd15-photos.leclercdrive.fr/image.ashx?id=2663563&use=l&cat=p&typeid=i","cat":284508},{"id":147241,"n":"Dessert pommes citrons NRT 570g","p":6.42,"u":"11,26 €/KG","img":"https://fd15-photos.leclercdrive.fr/image.ashx?id=2840007&use=l&cat=p&typeid=i","cat":284508},{"id":147244,"n":"Dessert kiwi et pommes NRT 570g","p":5.65,"u":"9,91 €/KG","img":"https://fd15-photos.leclercdrive.fr/image.ashx?id=2840013&use=l&cat=p&typeid=i","cat":284508},{"id":147245,"n":"Dessert abricots et pommes NRT 570g","p":4.59,"u":"8,05 €/KG","img":"https://fd15-photos.leclercdrive.fr/image.ashx?id=2840016&use=l&cat=p&typeid=i","cat":284508},{"id":147246,"n":"Bonbons au miel NRT De Vendée - 200g","p":4.29,"u":"21,45 €/KG","img":"https://fd15-photos.leclercdrive.fr/image.ashx?id=2771423&use=l&cat=p&typeid=i","cat":304252},{"id":147248,"n":"Muesli  Grainea chocolat Noisette 350g","p":2.72,"u":"7,77 €/KG","img":"https://fd15-photos.leclercdrive.fr/image.ashx?id=2077358&use=l&cat=p&typeid=i","cat":309512},{"id":147250,"n":"Préparation Flan Entremets alsa Vanille - 192g","p":1.84,"u":"9,58 €/KG","img":"https://fd15-photos.leclercdrive.fr/image.ashx?id=2805117&use=l&cat=p&typeid=i","cat":284504},{"id":147251,"n":"Préparation Crème Anglaise alsa Vanille des Isles - 300g","p":5.45,"u":"18,17 €/KG","img":"https://fd15-photos.leclercdrive.fr/image.ashx?id=2999826&use=l&cat=p&typeid=i","cat":284504},{"id":147253,"n":"Préparation pour dessert Alsa Caramel beurre salé - 120g","p":2.53,"u":"21,08 €/KG","img":"https://fd15-photos.leclercdrive.fr/image.ashx?id=3007996&use=l&cat=p&typeid=i","cat":284504},{"id":147254,"n":"Confiture Eco+ Fraise - 450g","p":2.75,"u":"6,11 €/KG","img":"https://fd15-photos.leclercdrive.fr/image.ashx?id=2721346&use=l&cat=p&typeid=i","cat":284480},{"id":147255,"n":"Confiture Eco+ Abricot - 450g","p":2.49,"u":"5,53 €/KG","img":"https://fd15-photos.leclercdrive.fr/image.ashx?id=2953203&use=l&cat=p&typeid=i","cat":284480},{"id":147268,"n":"Croquettes Plénima Petit chien sans céréales 2kg","p":11.49,"u":"5,75 €/KG","img":"https://fd15-photos.leclercdrive.fr/image.ashx?id=2047097&use=l&cat=p&typeid=i","cat":294526},{"id":147279,"n":"Croquettes Plénima Sans céréales - 2kg","p":11.79,"u":"5,90 €/KG","img":"https://fd15-photos.leclercdrive.fr/image.ashx?id=2047100&use=l&cat=p&typeid=i","cat":284672},{"id":147286,"n":"Croquette pour chat Plénima Poulet - 600g","p":4.29,"u":"7,15 €/KG","img":"https://fd15-photos.leclercdrive.fr/image.ashx?id=2047114&use=l&cat=p&typeid=i","cat":284680},{"id":147295,"n":"Croquette chat Plénima Saumon - Stérilisé 600g","p":4.29,"u":"7,15 €/KG","img":"https://fd15-photos.leclercdrive.fr/image.ashx?id=2047120&use=l&cat=p&typeid=i","cat":284680},{"id":147296,"n":"Gourde Bio Village - 6 mois Bio - 6x90g","p":7.99,"u":"14,80 €/KG","img":"https://fd15-photos.leclercdrive.fr/image.ashx?id=2704879&use=l&cat=p&typeid=i","cat":312393},{"id":147359,"n":"Boisson tablette d'Or Instantanée cacao 800g","p":4.3,"u":"5,38 €/KG","img":"https://fd15-photos.leclercdrive.fr/image.ashx?id=2047904&use=l&cat=p&typeid=i","cat":293235},{"id":147431,"n":"Yaourt à la grecque YAOS Nature lit de framboises 4x125g","p":3.99,"u":"7,98 €/KG","img":"https://fd15-photos.leclercdrive.fr/image.ashx?id=2654575&use=l&cat=p&typeid=i","cat":314999},{"id":147440,"n":"Tropifun Haribo Sachet bonbons - 220g","p":2.82,"u":"12,82 €/KG","img":"https://fd15-photos.leclercdrive.fr/image.ashx?id=2340837&use=l&cat=p&typeid=i","cat":304250},{"id":147441,"n":"Pochons Tous mes amis 4x100g","p":2.26,"u":"5,65 €/KG","img":"https://fd15-photos.leclercdrive.fr/image.ashx?id=2055346&use=l&cat=p&typeid=i","cat":284673},{"id":147443,"n":"Stick torsades Tous mes amis x4 - 70g","p":1.29,"u":"18,43 €/KG","img":"https://fd15-photos.leclercdrive.fr/image.ashx?id=2361733&use=l&cat=p&typeid=i","cat":294527},{"id":147444,"n":"Snack récompense Tous mes amis Fromage boeuf - 140g","p":2.25,"u":"16,07 €/KG","img":"https://fd15-photos.leclercdrive.fr/image.ashx?id=2345565&use=l&cat=p&typeid=i","cat":294527},{"id":147453,"n":"Granola Grainea 350g","p":4.01,"u":"11,46 €/KG","img":"https://fd15-photos.leclercdrive.fr/image.ashx?id=2611946&use=l&cat=p&typeid=i","cat":309512},{"id":147454,"n":"Granola Grainea 350g","p":4.1,"u":"11,71 €/KG","img":"https://fd15-photos.leclercdrive.fr/image.ashx?id=2568340&use=l&cat=p&typeid=i","cat":309512},{"id":147455,"n":"Capsules café Plantation Décaféiné n°5 - x30 - 156g","p":8.91,"u":"57,12 €/KG","img":"https://fd15-photos.leclercdrive.fr/image.ashx?id=2418149&use=l&cat=p&typeid=i","cat":284749},{"id":147456,"n":"Capsules café Plantation Ristretto n°12 - x30 - 156g","p":8.91,"u":"57,12 €/KG","img":"https://fd15-photos.leclercdrive.fr/image.ashx?id=2867263&use=l&cat=p&typeid=i","cat":284749},{"id":147464,"n":"Infusion bien-être Jardin Bio Bio x20 - 28g","p":5.45,"u":"194,64 €/KG","img":"https://fd15-photos.leclercdrive.fr/image.ashx?id=2792606&use=l&cat=p&typeid=i","cat":293234},{"id":147472,"n":"Eponge maxi 1 pièce","p":2.99,"img":"https://fd15-photos.leclercdrive.fr/image.ashx?id=2068381&use=l&cat=p&typeid=i","cat":298252},{"id":147476,"n":"Coloration végétale Bionaïa Châtain clair bio - 92g","p":12.79,"u":"139,02 €/KG","img":"https://fd15-photos.leclercdrive.fr/image.ashx?id=2647438&use=l&cat=p&typeid=i","cat":288899},{"id":147477,"n":"Coloration végétale bio Bionaïa Blond clair - 92g","p":12.62,"u":"137,17 €/KG","img":"https://fd15-photos.leclercdrive.fr/image.ashx?id=2048458&use=l&cat=p&typeid=i","cat":288899},{"id":147518,"n":"Moulin 5 baies Ducros Doux - 26g","p":3.5,"u":"134,62 €/KG","img":"https://fd15-photos.leclercdrive.fr/image.ashx?id=2559493&use=l&cat=p&typeid=i","cat":298297},{"id":147519,"n":"Moulin poivre Ducros 35g","p":3.35,"u":"95,71 €/KG","img":"https://fd15-photos.leclercdrive.fr/image.ashx?id=2498678&use=l&cat=p&typeid=i","cat":284457},{"id":147523,"n":"Gel douche Bionaïa Framboise orange bio - 250ml","p":1.98,"u":"7,92 €/L","img":"https://fd15-photos.leclercdrive.fr/image.ashx?id=2538137&use=l&cat=p&typeid=i","cat":284594},{"id":147524,"n":"Gel douche Bionaïa Miel fleur d'oranger bio -250ml","p":1.98,"u":"7,92 €/L","img":"https://fd15-photos.leclercdrive.fr/image.ashx?id=2512487&use=l&cat=p&typeid=i","cat":284594},{"id":147525,"n":"Huile bio Bio naïa Jojoba - 50ml","p":7.85,"u":"157,00 €/L","img":"https://fd15-photos.leclercdrive.fr/image.ashx?id=2436711&use=l&cat=p&typeid=i","cat":325349},{"id":147528,"n":"Huile bio Bio naïa Amande douce - 50ml","p":6.28,"u":"125,60 €/L","img":"https://fd15-photos.leclercdrive.fr/image.ashx?id=2436720&use=l&cat=p&typeid=i","cat":325349},{"id":147529,"n":"Blocs WC Eco + Parfum pin - 3x40g","p":1.35,"u":"11,25 €/KG","img":"https://fd15-photos.leclercdrive.fr/image.ashx?id=2849560&use=l&cat=p&typeid=i","cat":284662},{"id":147531,"n":"Bain moussant Eco + Pêche - 750ml","p":1.1,"u":"1,47 €/L","img":"https://fd15-photos.leclercdrive.fr/image.ashx?id=2779175&use=l&cat=p&typeid=i","cat":284594},{"id":147533,"n":"Dentifrice arôme menthe Eco + 125ml","p":1.29,"u":"10,32 €/L","img":"https://fd15-photos.leclercdrive.fr/image.ashx?id=2489083&use=l&cat=p&typeid=i","cat":284612},{"id":147536,"n":"Liquide vaisselle Eco + Concentré citron - 500ml","p":0.84,"u":"1,68 €/L","img":"https://fd15-photos.leclercdrive.fr/image.ashx?id=2861407&use=l&cat=p&typeid=i","cat":284655},{"id":147537,"n":"Nettoyant ménager Eco + Citron - 2L","p":2.24,"u":"1,12 €/L","img":"https://fd15-photos.leclercdrive.fr/image.ashx?id=2661930&use=l&cat=p&typeid=i","cat":284907},{"id":147539,"n":"Capsules café Plantation Café au lait - x16 - 152g","p":6.07,"u":"39,93 €/KG","img":"https://fd15-photos.leclercdrive.fr/image.ashx?id=2649750&use=l&cat=p&typeid=i","cat":293239},{"id":147543,"n":"Gel WC détartrant Eco + Citron - 750ml","p":1.25,"u":"1,67 €/L","img":"https://fd15-photos.leclercdrive.fr/image.ashx?id=2836304&use=l&cat=p&typeid=i","cat":284662},{"id":147544,"n":"Pastilles lave-vaisselle Eco + x50 - 750g","p":4.89,"u":"6,52 €/KG","img":"https://fd15-photos.leclercdrive.fr/image.ashx?id=2050579&use=l&cat=p&typeid=i","cat":284656},{"id":147545,"n":"Pastilles anti-calcaire Eco + x20","p":2.09,"u":"0,10 €/P","img":"https://fd15-photos.leclercdrive.fr/image.ashx?id=2603853&use=l&cat=p&typeid=i","cat":284653},{"id":147546,"n":"Poudre détachante Eco + 1,2kg","p":5.07,"u":"4,23 €/KG","img":"https://fd15-photos.leclercdrive.fr/image.ashx?id=2596769&use=l&cat=p&typeid=i","cat":284651},{"id":147548,"n":"Gel désodorisant Eco + Parfum lavande - 1 pièce","p":0.95,"img":"https://fd15-photos.leclercdrive.fr/image.ashx?id=2466868&use=l&cat=p&typeid=i","cat":311628},{"id":147549,"n":"Désodorisant mèche Eco + Parfum marine - 375ml","p":1.49,"u":"3,97 €/L","img":"https://fd15-photos.leclercdrive.fr/image.ashx?id=2777788&use=l&cat=p&typeid=i","cat":311628},{"id":147550,"n":"Nettoyant vitres Eco + 1L","p":1.29,"u":"1,29 €/L","img":"https://fd15-photos.leclercdrive.fr/image.ashx?id=2834993&use=l&cat=p&typeid=i","cat":325363},{"id":147577,"n":"Boxer classic colors Dim Noir - Taille 4 - x4","p":23.99,"u":"6,00 €/P","img":"https://fd15-photos.leclercdrive.fr/image.ashx?id=2305772&use=l&cat=p&typeid=i","cat":291524},{"id":147623,"n":"Culottes Lotus Baby Douceur Naturelle Taille 4 - x32","p":19.77,"img":"https://fd15-photos.leclercdrive.fr/image.ashx?id=3011869&use=l&cat=p&typeid=i","cat":290633},{"id":147666,"n":"Confiture Eco+ 4 fruits rouges - 450g","p":2.49,"u":"5,53 €/KG","img":"https://fd15-photos.leclercdrive.fr/image.ashx?id=2773232&use=l&cat=p&typeid=i","cat":284480},{"id":147671,"n":"Olives farcies Tokapi Amandes - 150g","p":2.75,"u":"18,33 €/KG","img":"https://fd15-photos.leclercdrive.fr/image.ashx?id=3010431&use=l&cat=p&typeid=i","cat":284458},{"id":147677,"n":"Sauce béarnaise Rustica 240g","p":1.86,"u":"7,75 €/KG","img":"https://fd15-photos.leclercdrive.fr/image.ashx?id=2664866&use=l&cat=p&typeid=i","cat":318431},{"id":147678,"n":"Rillettes de saumon Ronde des Mers - 125g","p":2.49,"u":"19,92 €/KG","img":"https://fd15-photos.leclercdrive.fr/image.ashx?id=2436708&use=l&cat=p&typeid=i","cat":305147},{"id":147692,"n":"Fond pour rôtis Maggi 110g","p":4.13,"u":"37,55 €/KG","img":"https://fd15-photos.leclercdrive.fr/image.ashx?id=2917543&use=l&cat=p&typeid=i","cat":288379},{"id":147942,"n":"Eau micellaire Inell Biphase - 500ml","p":5.49,"u":"10,98 €/L","img":"https://fd15-photos.leclercdrive.fr/image.ashx?id=2051768&use=l&cat=p&typeid=i","cat":284603},{"id":148008,"n":"Genoise P'tit Déli Poire - 150g","p":2.03,"u":"13,53 €/KG","img":"https://fd15-photos.leclercdrive.fr/image.ashx?id=2482508&use=l&cat=p&typeid=i","cat":284489},{"id":148013,"n":"Bocal d'artichauts Notre jardin Grillés - 115g","p":2.99,"u":"26,00 €/KG","img":"https://fd15-photos.leclercdrive.fr/image.ashx?id=2578641&use=l&cat=p&typeid=i","cat":312611},{"id":148023,"n":"Pois cassés Bio Village Bio 500g","p":2.9,"u":"5,80 €/KG","img":"https://fd15-photos.leclercdrive.fr/image.ashx?id=3002701&use=l&cat=p&typeid=i","cat":284430},{"id":148027,"n":"Pois chiche Bio Village Bio - 500g","p":2.79,"u":"5,58 €/KG","img":"https://fd15-photos.leclercdrive.fr/image.ashx?id=3002704&use=l&cat=p&typeid=i","cat":284430},{"id":148035,"n":"Oignons Florelli au vinaigre balsamique - 290g","p":4.49,"u":"15,48 €/KG","img":"https://fd15-photos.leclercdrive.fr/image.ashx?id=2690006&use=l&cat=p&typeid=i","cat":284458},{"id":148080,"n":"Shampooing Carré Homme Anti pelliculaire - 250ml","p":2.45,"u":"9,80 €/L","img":"https://fd15-photos.leclercdrive.fr/image.ashx?id=2350526&use=l&cat=p&typeid=i","cat":284621},{"id":148094,"n":"Speck alto adige IGP L'Atelier Charcuterie - 100g","p":3.2,"u":"32,00 €/KG","img":"https://fd15-photos.leclercdrive.fr/image.ashx?id=2447655&use=l&cat=p&typeid=i","cat":316007},{"id":148105,"n":"Viande des grisons IGP L'Atelier Charcuterie - 80g","p":5.12,"u":"64,00 €/KG","img":"https://fd15-photos.leclercdrive.fr/image.ashx?id=2856648&use=l&cat=p&typeid=i","cat":316007},{"id":148111,"n":"Chiffonnade de jambon sec  L'Atelier Charcuterie - 90g","p":2.59,"u":"28,78 €/KG","img":"https://fd15-photos.leclercdrive.fr/image.ashx?id=2856660&use=l&cat=p&typeid=i","cat":316007},{"id":148129,"n":"Thon entier nature Saupiquet  MSC - 3x140g","p":11.0,"u":"26,19 €/KG","img":"https://fd15-photos.leclercdrive.fr/image.ashx?id=2731543&use=l&cat=p&typeid=i","cat":303867},{"id":148240,"n":"Café dosettes Tassimo L'Or Café Long Doux x16","p":7.59,"u":"85,28 €/KG","img":"https://fd15-photos.leclercdrive.fr/image.ashx?id=2100386&use=l&cat=p&typeid=i","cat":293240},{"id":148246,"n":"Tajine de légumes Notre Jardin 530g","p":2.55,"u":"4,81 €/KG","img":"https://fd15-photos.leclercdrive.fr/image.ashx?id=2526315&use=l&cat=p&typeid=i","cat":312612},{"id":148250,"n":"Ratatouille  Notre Jardin Provencale - 530g","p":2.55,"u":"4,81 €/KG","img":"https://fd15-photos.leclercdrive.fr/image.ashx?id=2526312&use=l&cat=p&typeid=i","cat":312612},{"id":148328,"n":"Bonbons eucalyptus Croibleu 250g","p":3.8,"u":"15,20 €/KG","img":"https://fd15-photos.leclercdrive.fr/image.ashx?id=2066584&use=l&cat=p&typeid=i","cat":304252},{"id":148384,"n":"Donut nappé chocolat 180g","p":2.55,"u":"14,17 €/KG","img":"https://fd15-photos.leclercdrive.fr/image.ashx?id=2590707&use=l&cat=p&typeid=i","cat":284495},{"id":148406,"n":"Gel intime Intimy Classic - 150ml","p":7.99,"u":"53,27 €/L","img":"https://fd15-photos.leclercdrive.fr/image.ashx?id=2537980&use=l&cat=p&typeid=i","cat":285160},{"id":148656,"n":"Biscuits lait/noisette Kinder Happy Hippo - x5 - 103.5g","p":2.85,"u":"27,40 €/KG","img":"https://fd15-photos.leclercdrive.fr/image.ashx?id=2453685&use=l&cat=p&typeid=i","cat":284488},{"id":148660,"n":"AOP St Joseph rouge Les Hauts de Pavières  - 75cl","p":22.39,"u":"29,85 €/L","img":"https://fd15-photos.leclercdrive.fr/image.ashx?id=2059576&use=l&cat=p&typeid=i","cat":289556},{"id":148662,"n":"AOP Bordeaux supérieur rouge Château Manoubrey - 75cl","p":9.4,"u":"12,53 €/L","img":"https://fd15-photos.leclercdrive.fr/image.ashx?id=2059582&use=l&cat=p&typeid=i","cat":289556},{"id":148744,"n":"Galette moelleuse Saint Michel Chocolat blanc - 180g","p":3.27,"u":"18,17 €/KG","img":"https://fd15-photos.leclercdrive.fr/image.ashx?id=2949976&use=l&cat=p&typeid=i","cat":284487},{"id":148747,"n":"Shampooing Carré Homme Fortifiant - 250ml","p":2.59,"u":"10,36 €/L","img":"https://fd15-photos.leclercdrive.fr/image.ashx?id=2059050&use=l&cat=p&typeid=i","cat":284621},{"id":148748,"n":"Démaquillant yeux Bionaïa Biphase Water bio - 150ml","p":4.82,"u":"32,13 €/L","img":"https://fd15-photos.leclercdrive.fr/image.ashx?id=2474963&use=l&cat=p&typeid=i","cat":284603},{"id":148749,"n":"Coloration Eugène Color & Eclat n°78 Marron Praliné - 1 pièce","p":6.99,"img":"https://fd15-photos.leclercdrive.fr/image.ashx?id=2476449&use=l&cat=p&typeid=i","cat":288899},{"id":148762,"n":"Bonbon Confiseo Sève de pin - 250g","p":2.87,"u":"11,48 €/KG","img":"https://fd15-photos.leclercdrive.fr/image.ashx?id=2934757&use=l&cat=p&typeid=i","cat":304252},{"id":148770,"n":"Préservatifs Intimy Classic lubrifiés - x7","p":2.45,"u":"0,35 €/P","img":"https://fd15-photos.leclercdrive.fr/image.ashx?id=2537962&use=l&cat=p&typeid=i","cat":284631},{"id":148771,"n":"Préservatifs Intimy Fins lubrifiés - x28","p":11.49,"u":"0,41 €/P","img":"https://fd15-photos.leclercdrive.fr/image.ashx?id=2926332&use=l&cat=p&typeid=i","cat":284631},{"id":148774,"n":"Préservatifs Intimy Taille XL lubrifiés - x14","p":7.65,"u":"0,55 €/P","img":"https://fd15-photos.leclercdrive.fr/image.ashx?id=2926329&use=l&cat=p&typeid=i","cat":284631},{"id":148779,"n":"Pince à ongles Mercurochrome 1 pièce","p":8.59,"img":"https://fd15-photos.leclercdrive.fr/image.ashx?id=2788496&use=l&cat=p&typeid=i","cat":325354},{"id":148800,"n":"Apéritif à base de vin Martini Fiero 14,4° - 1L","p":18.0,"u":"18,00 €/L","img":"https://fd15-photos.leclercdrive.fr/image.ashx?id=2842945&use=l&cat=p&typeid=i","cat":284913},{"id":148989,"n":"Cônes chocolat Eco+ Pistache - x8 - 520g","p":3.15,"u":"6,06 €/KG","img":"https://fd15-photos.leclercdrive.fr/image.ashx?id=2866229&use=l&cat=p&typeid=i","cat":284264},{"id":148998,"n":"Papier cuisson Elembal Feuilles - x30","p":1.69,"u":"0,06 €/P","img":"https://fd15-photos.leclercdrive.fr/image.ashx?id=2059971&use=l&cat=p&typeid=i","cat":334134},{"id":149067,"n":"boisson végétale lait de coco sans sucre alpro - 1l","p":2.39,"u":"2,39 €/L","img":"https://fd15-photos.leclercdrive.fr/image.ashx?id=2849244&use=l&cat=p&typeid=i","cat":316067},{"id":149068,"n":"Dessert végétal soja Alpro Nature sans sucres - 500g","p":3.65,"u":"7,30 €/KG","img":"https://fd15-photos.leclercdrive.fr/image.ashx?id=2976077&use=l&cat=p&typeid=i","cat":316071},{"id":149100,"n":"Biscuits fourrés P'tit Déli Vanille - 4x300g","p":5.99,"u":"4,99 €/KG","img":"https://fd15-photos.leclercdrive.fr/image.ashx?id=2708934&use=l&cat=p&typeid=i","cat":284489},{"id":149327,"n":"Microfibres pour vitre x1","p":1.59,"img":"https://fd15-photos.leclercdrive.fr/image.ashx?id=2068351&use=l&cat=p&typeid=i","cat":298252},{"id":149329,"n":"Chiffon anti buée x1","p":3.11,"img":"https://fd15-photos.leclercdrive.fr/image.ashx?id=2068357&use=l&cat=p&typeid=i","cat":298252},{"id":149348,"n":"Liqueur Amaretto Disaronno 28° - 70cl","p":29.55,"u":"42,21 €/L","img":"https://fd15-photos.leclercdrive.fr/image.ashx?id=2064391&use=l&cat=p&typeid=i","cat":286032},{"id":149382,"n":"Sauce tomates et légumes Mutti - 400g","p":3.04,"u":"7,60 €/KG","img":"https://fd15-photos.leclercdrive.fr/image.ashx?id=2854780&use=l&cat=p&typeid=i","cat":288384},{"id":149388,"n":"Shampooing sec Batiste Nude aérosol - 200ml","p":6.85,"u":"34,25 €/L","img":"https://fd15-photos.leclercdrive.fr/image.ashx?id=2558334&use=l&cat=p&typeid=i","cat":289143},{"id":149390,"n":"Croc'Odor Frigo XL  140g","p":4.99,"u":"35,64 €/KG","img":"https://fd15-photos.leclercdrive.fr/image.ashx?id=2952646&use=l&cat=p&typeid=i","cat":311628},{"id":149799,"n":"Brosse à dents Signal Switch têtes Intégral 8 x2 - 1P","p":6.25,"img":"https://fd15-photos.leclercdrive.fr/image.ashx?id=2629950&use=l&cat=p&typeid=i","cat":297133},{"id":149817,"n":"Rouleau Râpe Velvet Smooth Ultra Exfoliant Pieds - x2","p":20.18,"u":"10,09 €/P","img":"https://fd15-photos.leclercdrive.fr/image.ashx?id=2628404&use=l&cat=p&typeid=i","cat":325354},{"id":149854,"n":"Dentifrice Elmex enfant 0-6ans Anti-caries - 75ml","p":5.11,"u":"68,13 €/L","img":"https://fd15-photos.leclercdrive.fr/image.ashx?id=2745289&use=l&cat=p&typeid=i","cat":288898},{"id":149875,"n":"Raclette lave-vitres x1","p":2.66,"img":"https://fd15-photos.leclercdrive.fr/image.ashx?id=2068838&use=l&cat=p&typeid=i","cat":298252},{"id":149879,"n":"Raclette anti-buée Avec manche télescopique x1","p":6.32,"img":"https://fd15-photos.leclercdrive.fr/image.ashx?id=2068360&use=l&cat=p&typeid=i","cat":298252},{"id":149920,"n":"Mini gougères Tipiak Coeur fondant - x10 - 110g","p":5.39,"u":"49,00 €/KG","img":"https://fd15-photos.leclercdrive.fr/image.ashx?id=2672185&use=l&cat=p&typeid=i","cat":319774},{"id":149922,"n":"Foie gras d'Oie du Périgord L'Origine du Goût Entier - 125g","p":23.63,"u":"189,04 €/KG","img":"https://fd15-photos.leclercdrive.fr/image.ashx?id=2077649&use=l&cat=p&typeid=i","cat":316008},{"id":150092,"n":"Peluche chocolat Kinder Lapin bleu - 133g","p":16.95,"u":"127,44 €/KG","img":"https://fd15-photos.leclercdrive.fr/image.ashx?id=2077709&use=l&cat=p&typeid=i","cat":284958},{"id":150093,"n":"Peluche Kinder Mouton blanc - 133g","p":16.95,"u":"127,44 €/KG","img":"https://fd15-photos.leclercdrive.fr/image.ashx?id=2077712&use=l&cat=p&typeid=i","cat":284958},{"id":150223,"n":"Acras de crevettes Maison Briau 200g","p":6.39,"u":"31,95 €/KG","img":"https://fd15-photos.leclercdrive.fr/image.ashx?id=2850010&use=l&cat=p&typeid=i","cat":285094},{"id":150246,"n":"Pâte à tarte sablée Marie Pur beurre - 250g","p":3.69,"u":"14,76 €/KG","img":"https://fd15-photos.leclercdrive.fr/image.ashx?id=2785877&use=l&cat=p&typeid=i","cat":333681},{"id":150253,"n":"Poulet tandoori Fleury Michon Semoule petit legume - 280g","p":5.79,"u":"20,68 €/KG","img":"https://fd15-photos.leclercdrive.fr/image.ashx?id=2680692&use=l&cat=p&typeid=i","cat":333665},{"id":150488,"n":"Tartine pain campagne Pasquier - 180g","p":3.75,"u":"20,83 €/KG","img":"https://fd15-photos.leclercdrive.fr/image.ashx?id=2967028&use=l&cat=p&typeid=i","cat":285543},{"id":150496,"n":"Mouche bébé Bébé Confort Electrique - 1 pièce","p":29.9,"img":"https://fd15-photos.leclercdrive.fr/image.ashx?id=2666018&use=l&cat=p&typeid=i","cat":289435},{"id":150530,"n":"Nectar ananas Montpelé 1l","p":2.3,"u":"2,30 €/L","img":"https://fd15-photos.leclercdrive.fr/image.ashx?id=2619044&use=l&cat=p&typeid=i","cat":284916},{"id":150567,"n":"Shampooing Fructis Hairfood Réparateur Papaye - 350ml","p":6.25,"u":"17,86 €/L","img":"https://fd15-photos.leclercdrive.fr/image.ashx?id=2878063&use=l&cat=p&typeid=i","cat":284606},{"id":150577,"n":"Biscottes Schar Sans gluten - 260g","p":5.57,"u":"21,42 €/KG","img":"https://fd15-photos.leclercdrive.fr/image.ashx?id=2439968&use=l&cat=p&typeid=i","cat":284479},{"id":150588,"n":"Goûter crème cacao Schar Sans gluten - 250g","p":4.7,"u":"18,80 €/KG","img":"https://fd15-photos.leclercdrive.fr/image.ashx?id=2439944&use=l&cat=p&typeid=i","cat":284488},{"id":150590,"n":"Levure de bière Juvamine Beauté vitalité - x50 - 30g","p":6.79,"u":"226,33 €/KG","img":"https://fd15-photos.leclercdrive.fr/image.ashx?id=2773379&use=l&cat=p&typeid=i","cat":313217},{"id":150763,"n":"Imperméabilisant protecteur Cuir Daim Nubuck 250ml","p":3.89,"u":"15,56 €/L","img":"https://fd15-photos.leclercdrive.fr/image.ashx?id=2683568&use=l&cat=p&typeid=i","cat":285201},{"id":150764,"n":"Désinfectant chaussures 100ml","p":3.14,"u":"31,40 €/L","img":"https://fd15-photos.leclercdrive.fr/image.ashx?id=2460667&use=l&cat=p&typeid=i","cat":285201},{"id":150797,"n":"Cire dépilatoire Roll On Nair au sucre lait et miel - 100ml","p":14.79,"u":"147,90 €/L","img":"https://fd15-photos.leclercdrive.fr/image.ashx?id=2903242&use=l&cat=p&typeid=i","cat":325351},{"id":150821,"n":"Kinder Mix peluche Kinder 133g","p":13.99,"u":"105,19 €/KG","img":"https://fd15-photos.leclercdrive.fr/image.ashx?id=2428914&use=l&cat=p&typeid=i","cat":327789},{"id":151002,"n":"Gouter fourré carré P'tit Déli x16 - 295g","p":2.2,"u":"7,46 €/KG","img":"https://fd15-photos.leclercdrive.fr/image.ashx?id=2351238&use=l&cat=p&typeid=i","cat":284489},{"id":151112,"n":"Prosciutto alle erbe Tradizioni d'Italia - 120g","p":4.15,"u":"34,58 €/KG","img":"https://fd15-photos.leclercdrive.fr/image.ashx?id=2925234&use=l&cat=p&typeid=i","cat":316007},{"id":151120,"n":"Fromage blanc Délisse Chèvre nature - 4x100g","p":3.69,"u":"9,23 €/KG","img":"https://fd15-photos.leclercdrive.fr/image.ashx?id=2071152&use=l&cat=p&typeid=i","cat":314998},{"id":151131,"n":"Charbon de bois Beaux Jours 40L","p":19.95,"u":"0,50 €/L","img":"https://fd15-photos.leclercdrive.fr/image.ashx?id=2078371&use=l&cat=p&typeid=i","cat":335917},{"id":151160,"n":"Crème gourmande Mamie Nova Chocolat banane - 2x150g","p":2.59,"u":"8,63 €/KG","img":"https://fd15-photos.leclercdrive.fr/image.ashx?id=2909041&use=l&cat=p&typeid=i","cat":285041},{"id":151164,"n":"Paris Brest Mamie Nova 2x90g","p":3.29,"u":"18,28 €/KG","img":"https://fd15-photos.leclercdrive.fr/image.ashx?id=2921789&use=l&cat=p&typeid=i","cat":284419},{"id":151223,"n":"Smarties Lapin chocolat Rose - 85g","p":3.48,"u":"40,94 €/KG","img":"https://fd15-photos.leclercdrive.fr/image.ashx?id=2071919&use=l&cat=p&typeid=i","cat":284958},{"id":151239,"n":"IGP Méditerranée  vin rosé Berne Romance - 12.5% vol- 75cl","p":10.89,"u":"14,52 €/L","img":"https://fd15-photos.leclercdrive.fr/image.ashx?id=2857539&use=l&cat=p&typeid=i","cat":289558},{"id":151247,"n":"IGP Pays d'Oc Vin blanc LYV - 75cl","p":9.85,"u":"131,33 €/KG","img":"https://fd15-photos.leclercdrive.fr/image.ashx?id=2674686&use=l&cat=p&typeid=i","cat":289557},{"id":151397,"n":"AOP Coteaux Varois Rosé Domaine la Colombe - 75cl","p":11.02,"u":"14,69 €/L","img":"https://fd15-photos.leclercdrive.fr/image.ashx?id=2888699&use=l&cat=p&typeid=i","cat":289558},{"id":151486,"n":"Galette moelleuse Saint Michel Pépite de chocolat - 180g","p":3.59,"u":"19,94 €/KG","img":"https://fd15-photos.leclercdrive.fr/image.ashx?id=2936245&use=l&cat=p&typeid=i","cat":284495},{"id":151508,"n":"Colin MSC haché Yooji 6 mois - 120g","p":6.6,"u":"55,00 €/KG","img":"https://fd15-photos.leclercdrive.fr/image.ashx?id=2529072&use=l&cat=p&typeid=i","cat":290631},{"id":151680,"n":"Macédoine de Légumes Bonduelle 3x130g","p":3.85,"u":"9,87 €/KG","img":"https://fd15-photos.leclercdrive.fr/image.ashx?id=2910022&use=l&cat=p&typeid=i","cat":312612},{"id":151685,"n":"Terrine de campagne Madrange Dorée au Four - 2x50g","p":1.85,"u":"18,50 €/KG","img":"https://fd15-photos.leclercdrive.fr/image.ashx?id=2885986&use=l&cat=p&typeid=i","cat":316008},{"id":151686,"n":"Petit Pois et Carotte Bonduelle Sans Arôme Ajouté 3x130g","p":3.99,"u":"10,23 €/KG","img":"https://fd15-photos.leclercdrive.fr/image.ashx?id=2913136&use=l&cat=p&typeid=i","cat":312607},{"id":151810,"n":"IGP Côtes de Gascogne rosé Florenbelle - 75cl","p":9.3,"u":"12,40 €/L","img":"https://fd15-photos.leclercdrive.fr/image.ashx?id=2994500&use=l&cat=p&typeid=i","cat":289558},{"id":151813,"n":"AOP Côtes de Provence Blanc Grande récolte - 75cl","p":17.95,"u":"23,93 €/L","img":"https://fd15-photos.leclercdrive.fr/image.ashx?id=2089346&use=l&cat=p&typeid=i","cat":289557},{"id":151839,"n":"IGP Drôme rosé Val Soleu - 75cl","p":12.01,"u":"16,01 €/L","img":"https://fd15-photos.leclercdrive.fr/image.ashx?id=2294926&use=l&cat=p&typeid=i","cat":289558},{"id":151871,"n":"Pruneaux d'Agen Bio Village Bio IGP Dénoyautés - 250g","p":4.69,"u":"18,76 €/KG","img":"https://fd15-photos.leclercdrive.fr/image.ashx?id=2584035&use=l&cat=p&typeid=i","cat":284357},{"id":151935,"n":"Romaine Panier du Primeur x1","p":3.49,"img":"https://fd15-photos.leclercdrive.fr/image.ashx?id=2529555&use=l&cat=p&typeid=i","cat":284352},{"id":151971,"n":"Encre à lèvres mat Maybelline Superstay Matte Ink 20 Pioneer","p":16.9,"img":"https://fd15-photos.leclercdrive.fr/image.ashx?id=2423181&use=l&cat=p&typeid=i","cat":287029},{"id":151972,"n":"Correcteur anticerne Maybelline Instant Anti-Age 00 Ivoire","p":13.75,"img":"https://fd15-photos.leclercdrive.fr/image.ashx?id=2770545&use=l&cat=p&typeid=i","cat":287029},{"id":151986,"n":"Gel Salle de bain & WC Glade Bois de Santal & Jasmin 180g","p":4.75,"img":"https://fd15-photos.leclercdrive.fr/image.ashx?id=2453613&use=l&cat=p&typeid=i","cat":311628},{"id":152002,"n":"Gouter fourré P'tit Déli Vanille - 295g","p":2.55,"u":"8,64 €/KG","img":"https://fd15-photos.leclercdrive.fr/image.ashx?id=2399138&use=l&cat=p&typeid=i","cat":284489},{"id":152023,"n":"Renovateur blanc La Vachette avec applicateur - 75ml","p":3.44,"u":"45,87 €/L","img":"https://fd15-photos.leclercdrive.fr/image.ashx?id=2075287&use=l&cat=p&typeid=i","cat":285201},{"id":152024,"n":"Cirage liquide noir La Vachette avec applicateur - 75ml","p":3.14,"u":"41,87 €/L","img":"https://fd15-photos.leclercdrive.fr/image.ashx?id=2075275&use=l&cat=p&typeid=i","cat":285201},{"id":152025,"n":"Cirage liquide La Vachette Incolore avec applicateur -75ml","p":2.59,"u":"34,53 €/L","img":"https://fd15-photos.leclercdrive.fr/image.ashx?id=2075278&use=l&cat=p&typeid=i","cat":285201},{"id":152029,"n":"Cirage crème marron La Vachette Boîte métal - 75ml","p":3.2,"u":"42,67 €/L","img":"https://fd15-photos.leclercdrive.fr/image.ashx?id=2566845&use=l&cat=p&typeid=i","cat":285201},{"id":152030,"n":"Cirage liquide La Vachette Marron avec applicateur - 75ml","p":2.79,"u":"37,20 €/L","img":"https://fd15-photos.leclercdrive.fr/image.ashx?id=2075290&use=l&cat=p&typeid=i","cat":285201},{"id":152035,"n":"Coloration végétale bio BionaÏa Henné cuivré - 92g","p":12.6,"u":"136,96 €/KG","img":"https://fd15-photos.leclercdrive.fr/image.ashx?id=2075296&use=l&cat=p&typeid=i","cat":288899},{"id":152037,"n":"Coloration végétale bio BionaÏa Blond foncé - 92g","p":12.57,"u":"136,63 €/KG","img":"https://fd15-photos.leclercdrive.fr/image.ashx?id=2075299&use=l&cat=p&typeid=i","cat":288899},{"id":152041,"n":"Déodorant bille bio BionaÏa Eau coco/Aloe Vera - 50ml","p":2.09,"u":"41,80 €/L","img":"https://fd15-photos.leclercdrive.fr/image.ashx?id=2496964&use=l&cat=p&typeid=i","cat":284595},{"id":152042,"n":"Déodorant bille bio BionaÏa A la rose/aloe vera - 50ml","p":1.99,"u":"39,80 €/L","img":"https://fd15-photos.leclercdrive.fr/image.ashx?id=2481240&use=l&cat=p&typeid=i","cat":284595},{"id":152043,"n":"Déodorant bio BionaÏa 100ml","p":2.55,"u":"25,50 €/L","img":"https://fd15-photos.leclercdrive.fr/image.ashx?id=2075272&use=l&cat=p&typeid=i","cat":284595},{"id":152051,"n":"Détachant avant lavage Texil 400ml","p":2.5,"u":"6,25 €/L","img":"https://fd15-photos.leclercdrive.fr/image.ashx?id=2988126&use=l&cat=p&typeid=i","cat":284651},{"id":152053,"n":"Adoucissant Hyperdou Pêche x30 - 750ml","p":1.9,"u":"2,53 €/L","img":"https://fd15-photos.leclercdrive.fr/image.ashx?id=2614518&use=l&cat=p&typeid=i","cat":284650},{"id":152054,"n":"Adoucissant Hyperdou Vanille x30 - 750ml","p":1.85,"u":"2,47 €/L","img":"https://fd15-photos.leclercdrive.fr/image.ashx?id=2614521&use=l&cat=p&typeid=i","cat":284650},{"id":152121,"n":"Bananes séchées Fariba Sans ajout de sucre 250g","p":5.7,"u":"22,80 €/KG","img":"https://fd15-photos.leclercdrive.fr/image.ashx?id=2201636&use=l&cat=p&typeid=i","cat":284357},{"id":152124,"n":"Bière aromatisée Despérados Original - 33cl","p":2.25,"u":"6,82 €/L","img":"https://fd15-photos.leclercdrive.fr/image.ashx?id=2742989&use=l&cat=p&typeid=i","cat":334878},{"id":152125,"n":"Bière aromatisée Despérados Red - 33cl","p":2.34,"u":"7,09 €/L","img":"https://fd15-photos.leclercdrive.fr/image.ashx?id=2612042&use=l&cat=p&typeid=i","cat":334878},{"id":152127,"n":"Bière blonde Lorraine 6x25cl","p":6.89,"u":"4,59 €/L","img":"https://fd15-photos.leclercdrive.fr/image.ashx?id=2201267&use=l&cat=p&typeid=i","cat":334873},{"id":152128,"n":"Bière blonde Lorraine 12x25cl","p":11.15,"u":"3,72 €/L","img":"https://fd15-photos.leclercdrive.fr/image.ashx?id=2201270&use=l&cat=p&typeid=i","cat":334873},{"id":152129,"n":"Bière blonde Lorraine 24x25cl","p":24.9,"u":"4,15 €/L","img":"https://fd15-photos.leclercdrive.fr/image.ashx?id=2201273&use=l&cat=p&typeid=i","cat":334873},{"id":152130,"n":"Bière blonde Lorraine 33cl","p":1.25,"u":"3,79 €/L","img":"https://fd15-photos.leclercdrive.fr/image.ashx?id=2201276&use=l&cat=p&typeid=i","cat":334873},{"id":152132,"n":"Bière blonde Lorraine 6x33cl","p":8.95,"u":"4,52 €/L","img":"https://fd15-photos.leclercdrive.fr/image.ashx?id=2192050&use=l&cat=p&typeid=i","cat":334873},{"id":152133,"n":"Bière blonde Lorraine 12x50cl","p":18.3,"u":"3,05 €/L","img":"https://fd15-photos.leclercdrive.fr/image.ashx?id=2484738&use=l&cat=p&typeid=i","cat":334853},{"id":152137,"n":"Boulgour fin bio Markal 1kg","p":6.69,"u":"6,69 €/KG","img":"https://fd15-photos.leclercdrive.fr/image.ashx?id=2201012&use=l&cat=p&typeid=i","cat":284430},{"id":152138,"n":"Boulgour gros bio Markal 1kg","p":5.89,"u":"5,89 €/KG","img":"https://fd15-photos.leclercdrive.fr/image.ashx?id=2201009&use=l&cat=p&typeid=i","cat":284430},{"id":152149,"n":"Café moulu Réo 250g","p":4.35,"u":"17,40 €/KG","img":"https://fd15-photos.leclercdrive.fr/image.ashx?id=2200922&use=l&cat=p&typeid=i","cat":284750},{"id":152150,"n":"Café moulu Ti'kafé Traditionnel - 250g","p":3.55,"u":"14,20 €/KG","img":"https://fd15-photos.leclercdrive.fr/image.ashx?id=2201633&use=l&cat=p&typeid=i","cat":284750},{"id":152154,"n":"Eau gazeuse Didier Mojit'eau zéro sucre - 50cl","p":0.9,"u":"1,80 €/L","img":"https://fd15-photos.leclercdrive.fr/image.ashx?id=2201006&use=l&cat=p&typeid=i","cat":284536},{"id":152157,"n":"Eau de source Chanflor Naturelle de montagne - 5L","p":2.3,"u":"0,46 €/L","img":"https://fd15-photos.leclercdrive.fr/image.ashx?id=2199803&use=l&cat=p&typeid=i","cat":284535},{"id":152162,"n":"Eau de source Martinique Mabelo 6x 1.5L","p":3.59,"u":"0,40 €/L","img":"https://fd15-photos.leclercdrive.fr/image.ashx?id=2200985&use=l&cat=p&typeid=i","cat":284535},{"id":152169,"n":"Eau de source Chanflor Montagne - 6x2L","p":4.85,"u":"0,40 €/L","img":"https://fd15-photos.leclercdrive.fr/image.ashx?id=2080498&use=l&cat=p&typeid=i","cat":284535},{"id":152170,"n":"Eau de source montagne Chanflor 15x33cl","p":8.3,"u":"1,68 €/L","img":"https://fd15-photos.leclercdrive.fr/image.ashx?id=2872763&use=l&cat=p&typeid=i","cat":284535},{"id":152171,"n":"Eau de source montagne Chanflor 8X1L","p":5.95,"u":"0,74 €/L","img":"https://fd15-photos.leclercdrive.fr/image.ashx?id=2199860&use=l&cat=p&typeid=i","cat":284535},{"id":152172,"n":"Eau de source montagne Chanflor 12x50cl","p":7.49,"u":"1,25 €/L","img":"https://fd15-photos.leclercdrive.fr/image.ashx?id=2199863&use=l&cat=p&typeid=i","cat":284535},{"id":152173,"n":"Eau de source montagne Chanflor 6x1.5L","p":4.65,"u":"0,52 €/L","img":"https://fd15-photos.leclercdrive.fr/image.ashx?id=2199866&use=l&cat=p&typeid=i","cat":284535},{"id":152174,"n":"Eau de source naturelle Lafort 1.5L","p":0.69,"u":"0,46 €/L","img":"https://fd15-photos.leclercdrive.fr/image.ashx?id=2199806&use=l&cat=p&typeid=i","cat":284535},{"id":152175,"n":"Eau de source naturelle Lafort 6x1,5L","p":3.85,"u":"0,43 €/L","img":"https://fd15-photos.leclercdrive.fr/image.ashx?id=2199809&use=l&cat=p&typeid=i","cat":284535},{"id":152176,"n":"Eau gazeuse aromatisée Didier Citron vert zéro sucre - 1.25L","p":1.25,"u":"1,00 €/L","img":"https://fd15-photos.leclercdrive.fr/image.ashx?id=2200925&use=l&cat=p&typeid=i","cat":284536},{"id":152177,"n":"Eau gazeuse aromatisée Didier Menthe zéro sucre - 1,25L","p":1.25,"u":"1,00 €/L","img":"https://fd15-photos.leclercdrive.fr/image.ashx?id=2200928&use=l&cat=p&typeid=i","cat":284536},{"id":152178,"n":"Eau gazeuse aromatisée Didier Citron vert zéro sucre - 50cl","p":0.85,"u":"1,70 €/L","img":"https://fd15-photos.leclercdrive.fr/image.ashx?id=2200940&use=l&cat=p&typeid=i","cat":284536},{"id":152179,"n":"Eau gazeuse aromatisée Didier Anis zéro sucre - 1,25L","p":1.25,"u":"1,00 €/L","img":"https://fd15-photos.leclercdrive.fr/image.ashx?id=2200943&use=l&cat=p&typeid=i","cat":284536},{"id":152180,"n":"Eau gazeuse aromatisée Didier Menthe zéro sucre - 50cl","p":0.85,"u":"1,70 €/L","img":"https://fd15-photos.leclercdrive.fr/image.ashx?id=2200949&use=l&cat=p&typeid=i","cat":284536},{"id":152181,"n":"Eau gazeuse aromatisée Didier Anis zéro sucre - 50cl","p":0.85,"u":"1,70 €/L","img":"https://fd15-photos.leclercdrive.fr/image.ashx?id=2200955&use=l&cat=p&typeid=i","cat":284536},{"id":152182,"n":"Eau gazeuse aromatisée Didier Mandarine passion - 1.25L","p":1.25,"u":"1,00 €/L","img":"https://fd15-photos.leclercdrive.fr/image.ashx?id=2200967&use=l&cat=p&typeid=i","cat":284536},{"id":152183,"n":"Eau gazeuse aromatisée Didier Mandarine passion 0 sucre -50cl","p":0.85,"u":"1,70 €/L","img":"https://fd15-photos.leclercdrive.fr/image.ashx?id=2200970&use=l&cat=p&typeid=i","cat":284536},{"id":152184,"n":"Eau minérale Didier 113 1.5L","p":1.11,"u":"0,74 €/L","img":"https://fd15-photos.leclercdrive.fr/image.ashx?id=2200931&use=l&cat=p&typeid=i","cat":284535},{"id":152185,"n":"Eau minérale Didier 113 50cl","p":0.64,"u":"1,28 €/L","img":"https://fd15-photos.leclercdrive.fr/image.ashx?id=2200952&use=l&cat=p&typeid=i","cat":284535},{"id":152186,"n":"Eau minérale Didier 113 6x1.5L","p":6.75,"u":"0,75 €/L","img":"https://fd15-photos.leclercdrive.fr/image.ashx?id=2200964&use=l&cat=p&typeid=i","cat":284535},{"id":152187,"n":"Eau minérale Didier 113 1L","p":0.95,"u":"0,95 €/L","img":"https://fd15-photos.leclercdrive.fr/image.ashx?id=2200973&use=l&cat=p&typeid=i","cat":284535},{"id":152188,"n":"Eau minérale gazeuse Didier 1,25L","p":1.28,"u":"1,02 €/L","img":"https://fd15-photos.leclercdrive.fr/image.ashx?id=2200934&use=l&cat=p&typeid=i","cat":284536},{"id":152189,"n":"Eau minérale gazeuse Didier 50cl","p":0.75,"u":"1,50 €/L","img":"https://fd15-photos.leclercdrive.fr/image.ashx?id=2200937&use=l&cat=p&typeid=i","cat":284536},{"id":152190,"n":"Eau minérale gazeuse Didier 75cl","p":1.55,"u":"2,07 €/L","img":"https://fd15-photos.leclercdrive.fr/image.ashx?id=2191626&use=l&cat=p&typeid=i","cat":284536},{"id":152192,"n":"Eau minérale gazeuse Didier 6x1,25L","p":6.34,"u":"0,85 €/L","img":"https://fd15-photos.leclercdrive.fr/image.ashx?id=2200961&use=l&cat=p&typeid=i","cat":284536},{"id":152193,"n":"Eau minérale gazeuse Didier 8x50cl","p":5.85,"u":"1,46 €/L","img":"https://fd15-photos.leclercdrive.fr/image.ashx?id=2200994&use=l&cat=p&typeid=i","cat":284536},{"id":152195,"n":"Eau source aromatisée Chanflor Ti'fraise - 33cl","p":0.75,"u":"2,27 €/L","img":"https://fd15-photos.leclercdrive.fr/image.ashx?id=2199812&use=l&cat=p&typeid=i","cat":284537},{"id":152196,"n":"Eau source aromatisée Chanflor Mangue passion - 50cl","p":0.95,"u":"1,90 €/L","img":"https://fd15-photos.leclercdrive.fr/image.ashx?id=2199815&use=l&cat=p&typeid=i","cat":284537},{"id":152197,"n":"Eau source aromatisée Chanflor Mangue passion - 1.5L","p":2.05,"u":"1,37 €/L","img":"https://fd15-photos.leclercdrive.fr/image.ashx?id=2199818&use=l&cat=p&typeid=i","cat":284537},{"id":152198,"n":"Eau source aromatisée Chanflor Pomme aloe vera - 1.5L","p":2.05,"u":"1,37 €/L","img":"https://fd15-photos.leclercdrive.fr/image.ashx?id=2199827&use=l&cat=p&typeid=i","cat":284537},{"id":152199,"n":"Eau source aromatisée Chanflor Saveur fraise - 1,5L","p":2.05,"u":"1,37 €/L","img":"https://fd15-photos.leclercdrive.fr/image.ashx?id=2481471&use=l&cat=p&typeid=i","cat":284537},{"id":152200,"n":"Eau source aromatisée Chanflor Pêche litchi - 50cl","p":0.95,"u":"1,90 €/L","img":"https://fd15-photos.leclercdrive.fr/image.ashx?id=2199848&use=l&cat=p&typeid=i","cat":284537},{"id":152201,"n":"Eau source aromatisée Chanflor Pêche litchi - 1,5L","p":2.05,"u":"1,37 €/L","img":"https://fd15-photos.leclercdrive.fr/image.ashx?id=2199851&use=l&cat=p&typeid=i","cat":284537},{"id":152202,"n":"Farine de banane Fariba 250g","p":4.95,"u":"19,80 €/KG","img":"https://fd15-photos.leclercdrive.fr/image.ashx?id=2201639&use=l&cat=p&typeid=i","cat":284503},{"id":152203,"n":"Farine de blé Le moulin Fraîchement moulu - 1kg","p":0.79,"u":"0,79 €/KG","img":"https://fd15-photos.leclercdrive.fr/image.ashx?id=2201585&use=l&cat=p&typeid=i","cat":284503},{"id":152204,"n":"Farine de blé Le moulin 1kg","p":1.2,"u":"1,20 €/KG","img":"https://fd15-photos.leclercdrive.fr/image.ashx?id=2201588&use=l&cat=p&typeid=i","cat":284503},{"id":152205,"n":"Farine de manioc Fariba  L'original - 500g","p":7.25,"u":"14,50 €/KG","img":"https://fd15-photos.leclercdrive.fr/image.ashx?id=2201645&use=l&cat=p&typeid=i","cat":284503},{"id":152208,"n":"Flocon avoine petit bio Markal 500g","p":3.35,"u":"6,70 €/KG","img":"https://fd15-photos.leclercdrive.fr/image.ashx?id=2201027&use=l&cat=p&typeid=i","cat":309512},{"id":152209,"n":"Flocons 5 céréales bio Markal 500g","p":3.4,"u":"6,80 €/KG","img":"https://fd15-photos.leclercdrive.fr/image.ashx?id=2201018&use=l&cat=p&typeid=i","cat":309512},{"id":152211,"n":"Haricots roses La Fleur 500g","p":1.88,"u":"3,76 €/KG","img":"https://fd15-photos.leclercdrive.fr/image.ashx?id=2201435&use=l&cat=p&typeid=i","cat":284430},{"id":152212,"n":"Haricots rouges bio Markal 500g","p":4.61,"u":"9,22 €/KG","img":"https://fd15-photos.leclercdrive.fr/image.ashx?id=2201033&use=l&cat=p&typeid=i","cat":284430},{"id":152219,"n":"Bière Malta Lorraine 50cl","p":1.32,"u":"2,64 €/L","img":"https://fd15-photos.leclercdrive.fr/image.ashx?id=2192850&use=l&cat=p&typeid=i","cat":334853},{"id":152221,"n":"Malta Lorraine 6x33cl","p":7.35,"u":"3,71 €/L","img":"https://fd15-photos.leclercdrive.fr/image.ashx?id=2201297&use=l&cat=p&typeid=i","cat":334872},{"id":152222,"n":"Malta Lorraine gingembre 50cl","p":1.35,"u":"2,70 €/L","img":"https://fd15-photos.leclercdrive.fr/image.ashx?id=2201291&use=l&cat=p&typeid=i","cat":334853},{"id":152223,"n":"Miel des antilles Miel'nou 1.3kg","p":16.55,"u":"12,73 €/KG","img":"https://fd15-photos.leclercdrive.fr/image.ashx?id=2201468&use=l&cat=p&typeid=i","cat":287643},{"id":152224,"n":"Miel des antilles Miel'nou 750g","p":9.63,"u":"12,84 €/KG","img":"https://fd15-photos.leclercdrive.fr/image.ashx?id=2201471&use=l&cat=p&typeid=i","cat":287643},{"id":152225,"n":"Miel des antilles Miel'nou 250g","p":4.5,"u":"18,00 €/KG","img":"https://fd15-photos.leclercdrive.fr/image.ashx?id=2201474&use=l&cat=p&typeid=i","cat":287643},{"id":152226,"n":"Miel La miellerie madinina 440g","p":7.35,"u":"16,70 €/KG","img":"https://fd15-photos.leclercdrive.fr/image.ashx?id=2201438&use=l&cat=p&typeid=i","cat":287643},{"id":152232,"n":"Œufs frais La ferme de augrain 24 oeufs","p":7.55,"u":"0,31 €/P","img":"https://fd15-photos.leclercdrive.fr/image.ashx?id=2201603&use=l&cat=p&typeid=i","cat":284378},{"id":152233,"n":"Oeufs frais La Ferme de Augrain x30","p":8.35,"u":"0,35 €/P","img":"https://fd15-photos.leclercdrive.fr/image.ashx?id=2201606&use=l&cat=p&typeid=i","cat":284378},{"id":152234,"n":"Oeufs gros 3 céréales Bonnaire 6 gros oeufs","p":2.62,"u":"0,44 €/P","img":"https://fd15-photos.leclercdrive.fr/image.ashx?id=2201351&use=l&cat=p&typeid=i","cat":284378},{"id":152235,"n":"Oeufs gros La ferme augrain 6 gros oeufs","p":2.34,"u":"0,39 €/P","img":"https://fd15-photos.leclercdrive.fr/image.ashx?id=2201597&use=l&cat=p&typeid=i","cat":284378},{"id":152236,"n":"Oeufs La ferme de augrain 12 oeufs","p":4.1,"u":"0,34 €/P","img":"https://fd15-photos.leclercdrive.fr/image.ashx?id=2201600&use=l&cat=p&typeid=i","cat":284378},{"id":152237,"n":"Oeufs La ferme de augrain 12 oeufs","p":4.15,"u":"0,35 €/P","img":"https://fd15-photos.leclercdrive.fr/image.ashx?id=2201615&use=l&cat=p&typeid=i","cat":284378},{"id":152238,"n":"Oeufs La ferme de augrain 6 gros oeufs","p":2.69,"u":"0,45 €/P","img":"https://fd15-photos.leclercdrive.fr/image.ashx?id=2201609&use=l&cat=p&typeid=i","cat":284378},{"id":152239,"n":"Oeufs La ferme de augrain 6 gros oeufs","p":2.59,"u":"0,43 €/P","img":"https://fd15-photos.leclercdrive.fr/image.ashx?id=2201612&use=l&cat=p&typeid=i","cat":284378},{"id":152240,"n":"Œufs poule élevée cage Bonnaire 12 oeufs","p":4.05,"u":"0,34 €/P","img":"https://fd15-photos.leclercdrive.fr/image.ashx?id=2201339&use=l&cat=p&typeid=i","cat":284378},{"id":152241,"n":"Œufs poule élevée cage Bonnaire 6 oeufs","p":2.58,"u":"0,43 €/P","img":"https://fd15-photos.leclercdrive.fr/image.ashx?id=2201342&use=l&cat=p&typeid=i","cat":284378},{"id":152242,"n":"Œufs de poules Bonnaire x6","p":2.39,"u":"0,40 €/P","img":"https://fd15-photos.leclercdrive.fr/image.ashx?id=2201333&use=l&cat=p&typeid=i","cat":284378},{"id":152243,"n":"Œufs poules élevées cage Mavic 30 oeufs","p":8.35,"u":"0,28 €/P","img":"https://fd15-photos.leclercdrive.fr/image.ashx?id=2201354&use=l&cat=p&typeid=i","cat":284378},{"id":152245,"n":"Riz basmati Socariz 1kg","p":3.98,"u":"3,98 €/KG","img":"https://fd15-photos.leclercdrive.fr/image.ashx?id=2201315&use=l&cat=p&typeid=i","cat":284428},{"id":152247,"n":"Riz étuvé Socariz 1kg","p":2.3,"u":"2,30 €/KG","img":"https://fd15-photos.leclercdrive.fr/image.ashx?id=2201318&use=l&cat=p&typeid=i","cat":284428},{"id":152248,"n":"Riz long blanc thai Dr Roots 1kg","p":2.2,"u":"2,20 €/KG","img":"https://fd15-photos.leclercdrive.fr/image.ashx?id=2201690&use=l&cat=p&typeid=i","cat":284428},{"id":152250,"n":"Riz long grain Socariz 1kg","p":2.2,"u":"2,20 €/KG","img":"https://fd15-photos.leclercdrive.fr/image.ashx?id=2201321&use=l&cat=p&typeid=i","cat":284428},{"id":152251,"n":"Riz long grain Socariz Second choix - 1kg","p":1.65,"u":"1,65 €/KG","img":"https://fd15-photos.leclercdrive.fr/image.ashx?id=2201324&use=l&cat=p&typeid=i","cat":284428},{"id":152252,"n":"Riz long grain Surinam 1kg","p":1.95,"u":"1,95 €/KG","img":"https://fd15-photos.leclercdrive.fr/image.ashx?id=2201327&use=l&cat=p&typeid=i","cat":284428},{"id":152253,"n":"Riz long parfumé AAA Shaolin  De thaïlande - 1kg","p":3.14,"u":"3,14 €/KG","img":"https://fd15-photos.leclercdrive.fr/image.ashx?id=2201687&use=l&cat=p&typeid=i","cat":284428},{"id":152255,"n":"Riz parfumé Socariz 1kg","p":1.99,"u":"1,99 €/KG","img":"https://fd15-photos.leclercdrive.fr/image.ashx?id=2450466&use=l&cat=p&typeid=i","cat":284428},{"id":152258,"n":"Sauce originale Dame besson 320g","p":2.9,"u":"9,06 €/KG","img":"https://fd15-photos.leclercdrive.fr/image.ashx?id=2617942&use=l&cat=p&typeid=i","cat":289013},{"id":152259,"n":"Sauce créoline Dame besson 500g","p":5.2,"u":"10,40 €/KG","img":"https://fd15-photos.leclercdrive.fr/image.ashx?id=2644124&use=l&cat=p&typeid=i","cat":287599},{"id":152260,"n":"Sauce douce Dame besson 320g","p":2.9,"u":"9,06 €/KG","img":"https://fd15-photos.leclercdrive.fr/image.ashx?id=2201591&use=l&cat=p&typeid=i","cat":287599},{"id":152261,"n":"Sauce forte Dame besson 320g","p":2.9,"u":"9,06 €/KG","img":"https://fd15-photos.leclercdrive.fr/image.ashx?id=2201594&use=l&cat=p&typeid=i","cat":287599},{"id":152262,"n":"Sel fin Nezo 600g","p":1.07,"u":"1,78 €/KG","img":"https://fd15-photos.leclercdrive.fr/image.ashx?id=2201684&use=l&cat=p&typeid=i","cat":284457},{"id":152263,"n":"Sel fin Salina 1kg","p":0.93,"u":"0,93 €/KG","img":"https://fd15-photos.leclercdrive.fr/image.ashx?id=2201651&use=l&cat=p&typeid=i","cat":284457},{"id":152264,"n":"Sésame blond complet bio Markal 500g","p":9.85,"u":"19,70 €/KG","img":"https://fd15-photos.leclercdrive.fr/image.ashx?id=2201057&use=l&cat=p&typeid=i","cat":284430},{"id":152297,"n":"Couches Love & Green Ecologiques T1 - x44","p":16.2,"u":"0,37 €/P","img":"https://fd15-photos.leclercdrive.fr/image.ashx?id=2830645&use=l&cat=p&typeid=i","cat":284737},{"id":152298,"n":"Couches Love & Green Ecologiques T2 - x44","p":18.04,"u":"0,41 €/P","img":"https://fd15-photos.leclercdrive.fr/image.ashx?id=2862578&use=l&cat=p&typeid=i","cat":284737},{"id":152300,"n":"Liniment Love & Green Bio - 500ml","p":10.95,"u":"21,90 €/L","img":"https://fd15-photos.leclercdrive.fr/image.ashx?id=2735716&use=l&cat=p&typeid=i","cat":284741},{"id":152349,"n":"Sérum nuit anti-âge L'Oréal Revitalift Rétinol Pur - 30ml","p":13.99,"u":"466,33 €/L","img":"https://fd15-photos.leclercdrive.fr/image.ashx?id=2867530&use=l&cat=p&typeid=i","cat":325345},{"id":152440,"n":"Gel Lubrifiant Massage 2 en 1 Durex Douceur Aloe Vera 200ml","p":10.3,"u":"51,50 €/L","img":"https://fd15-photos.leclercdrive.fr/image.ashx?id=2736556&use=l&cat=p&typeid=i","cat":285160},{"id":152478,"n":"Steak haché Charolais Bigard Pur boeuf 5%MG - 250g","p":10.1,"u":"40,40 €/KG","img":"https://fd15-photos.leclercdrive.fr/image.ashx?id=2207253&use=l&cat=p&typeid=i","cat":284332},{"id":152489,"n":"Yaourt brassé végétal Nat&Vie Coco Nature - 4x100g","p":2.45,"u":"6,13 €/KG","img":"https://fd15-photos.leclercdrive.fr/image.ashx?id=2901476&use=l&cat=p&typeid=i","cat":316071},{"id":152502,"n":"Quatre-quart Ker Cadélac 500g","p":5.97,"u":"11,94 €/KG","img":"https://fd15-photos.leclercdrive.fr/image.ashx?id=2958848&use=l&cat=p&typeid=i","cat":294776},{"id":152503,"n":"Moelleux Ker Cadélac Gros éclats de chocolat - 500g","p":5.99,"u":"11,98 €/KG","img":"https://fd15-photos.leclercdrive.fr/image.ashx?id=2164861&use=l&cat=p&typeid=i","cat":294776},{"id":152504,"n":"Madeleines citron Ker Cadélac Extra moelleuses - 600g","p":5.71,"u":"9,52 €/KG","img":"https://fd15-photos.leclercdrive.fr/image.ashx?id=2563556&use=l&cat=p&typeid=i","cat":284492},{"id":152505,"n":"Boisson végétale Bio Bjorg 1L","p":2.5,"u":"2,50 €/L","img":"https://fd15-photos.leclercdrive.fr/image.ashx?id=2972994&use=l&cat=p&typeid=i","cat":316067},{"id":152525,"n":"Céréales croustillant Bio Bjorg Chocolat lait - 450g","p":5.59,"u":"12,42 €/KG","img":"https://fd15-photos.leclercdrive.fr/image.ashx?id=2906223&use=l&cat=p&typeid=i","cat":309512},{"id":152576,"n":"Crêpes 1/2 lune Eco+ Jambon emmental - x20 - 1kg","p":3.45,"u":"3,45 €/KG","img":"https://fd15-photos.leclercdrive.fr/image.ashx?id=2698144&use=l&cat=p&typeid=i","cat":319776},{"id":152594,"n":"Desserts Lactés P'tit GOURMAND BIO Vanille  6M+ - 4x90g","p":2.55,"u":"7,08 €/KG","img":"https://fd15-photos.leclercdrive.fr/image.ashx?id=2629704&use=l&cat=p&typeid=i","cat":312392},{"id":152595,"n":"Barres chocolat Toblerone Chocolat au lait - 3x100g","p":6.3,"u":"21,00 €/KG","img":"https://fd15-photos.leclercdrive.fr/image.ashx?id=2078241&use=l&cat=p&typeid=i","cat":284498},{"id":152596,"n":"Câpres Maille Surfines - 85g","p":3.77,"u":"44,35 €/KG","img":"https://fd15-photos.leclercdrive.fr/image.ashx?id=2539674&use=l&cat=p&typeid=i","cat":284458},{"id":152608,"n":"Mayonnaise de Dijon Amora 5 ingrédients - 400g","p":4.05,"u":"10,13 €/KG","img":"https://fd15-photos.leclercdrive.fr/image.ashx?id=3005392&use=l&cat=p&typeid=i","cat":298295},{"id":152617,"n":"Happy Cherry Haribo Sachet bonbons - 220g","p":2.8,"u":"12,73 €/KG","img":"https://fd15-photos.leclercdrive.fr/image.ashx?id=2984901&use=l&cat=p&typeid=i","cat":304250},{"id":152651,"n":"Pansements Mercurochrome Coricide - x12","p":6.15,"u":"0,51 €/P","img":"https://fd15-photos.leclercdrive.fr/image.ashx?id=2663968&use=l&cat=p&typeid=i","cat":284630},{"id":152663,"n":"Préservatifs Manix Skyn sans latex - x20","p":28.55,"u":"1,43 €/P","img":"https://fd15-photos.leclercdrive.fr/image.ashx?id=2861063&use=l&cat=p&typeid=i","cat":284631},{"id":152684,"n":"Bière Duvel Triple hop 75cl","p":10.25,"u":"13,67 €/L","img":"https://fd15-photos.leclercdrive.fr/image.ashx?id=2089592&use=l&cat=p&typeid=i","cat":334872},{"id":152707,"n":"Häagen-Dazs Pot Strawberry/cheesecake - 400g","p":7.2,"u":"18,00 €/KG","img":"https://fd15-photos.leclercdrive.fr/image.ashx?id=2893465&use=l&cat=p&typeid=i","cat":284725},{"id":152745,"n":"Purée de Pomme Poire Valade Bio Sans sucres ajoutés - 630g","p":4.29,"u":"6,81 €/KG","img":"https://fd15-photos.leclercdrive.fr/image.ashx?id=2881813&use=l&cat=p&typeid=i","cat":284508},{"id":152772,"n":"Sauce Bacon Burger Heinz - 225g","p":2.69,"u":"11,96 €/KG","img":"https://fd15-photos.leclercdrive.fr/image.ashx?id=2926849&use=l&cat=p&typeid=i","cat":318431},{"id":152774,"n":"Sauce Algérienne Heinz - 220g","p":2.62,"u":"11,91 €/KG","img":"https://fd15-photos.leclercdrive.fr/image.ashx?id=2926846&use=l&cat=p&typeid=i","cat":318431},{"id":152901,"n":"Assouplissant Cajoline Fraîcheur pétillante - 1,125L","p":5.89,"u":"5,24 €/L","img":"https://fd15-photos.leclercdrive.fr/image.ashx?id=2959509&use=l&cat=p&typeid=i","cat":284650},{"id":152906,"n":"Thon albacore Pompon Rouge 2x130g","p":7.29,"u":"28,04 €/KG","img":"https://fd15-photos.leclercdrive.fr/image.ashx?id=2078775&use=l&cat=p&typeid=i","cat":303867},{"id":152951,"n":"IGP Côtes de Gascogne Rouge Florenbelle - 75cl","p":7.8,"u":"10,40 €/L","img":"https://fd15-photos.leclercdrive.fr/image.ashx?id=2849803&use=l&cat=p&typeid=i","cat":289556},{"id":152984,"n":"AOP Prosecco rosé  Vilaveroni - 75cl","p":11.69,"u":"15,59 €/L","img":"https://fd15-photos.leclercdrive.fr/image.ashx?id=2492354&use=l&cat=p&typeid=i","cat":289558},{"id":153015,"n":"Cassonade pure canne Daddy 750g","p":5.09,"u":"6,79 €/KG","img":"https://fd15-photos.leclercdrive.fr/image.ashx?id=2944702&use=l&cat=p&typeid=i","cat":284502},{"id":153058,"n":"Cônes glacés Trium Coco - x6 - 411g","p":3.99,"u":"9,71 €/KG","img":"https://fd15-photos.leclercdrive.fr/image.ashx?id=2931844&use=l&cat=p&typeid=i","cat":284264},{"id":153059,"n":"Cônes glacés Trium Chocolat - x6 - 423g","p":3.99,"u":"9,43 €/KG","img":"https://fd15-photos.leclercdrive.fr/image.ashx?id=2931829&use=l&cat=p&typeid=i","cat":284264},{"id":153060,"n":"Cônes glacés Trium Vanille caramel - x6 - 432g","p":3.99,"u":"9,24 €/KG","img":"https://fd15-photos.leclercdrive.fr/image.ashx?id=2931835&use=l&cat=p&typeid=i","cat":284264},{"id":153061,"n":"Cônes glacés Trium Vanille fraise - x6 - 426g","p":2.82,"u":"6,62 €/KG","img":"https://fd15-photos.leclercdrive.fr/image.ashx?id=2931808&use=l&cat=p&typeid=i","cat":284264},{"id":153062,"n":"Cônes glacés Trium Vanille nougatine x6 - 402g","p":2.83,"u":"7,04 €/KG","img":"https://fd15-photos.leclercdrive.fr/image.ashx?id=2931805&use=l&cat=p&typeid=i","cat":284264},{"id":153064,"n":"Mini cônesTrium Vanille Chocolat x8 - 344g","p":3.5,"u":"10,17 €/KG","img":"https://fd15-photos.leclercdrive.fr/image.ashx?id=2931841&use=l&cat=p&typeid=i","cat":284264},{"id":153066,"n":"Cônes glacés Trium A l'italienne fraise x4 - 286g","p":4.39,"u":"15,35 €/KG","img":"https://fd15-photos.leclercdrive.fr/image.ashx?id=2931802&use=l&cat=p&typeid=i","cat":284264},{"id":153067,"n":"Cônes glacés Trium Fruits rouges - x6 - 474g","p":3.99,"u":"8,42 €/KG","img":"https://fd15-photos.leclercdrive.fr/image.ashx?id=2931832&use=l&cat=p&typeid=i","cat":284264},{"id":153068,"n":"Cônes glacés Trium Sorbet mangue passion x6 456g","p":3.99,"u":"8,75 €/KG","img":"https://fd15-photos.leclercdrive.fr/image.ashx?id=2931823&use=l&cat=p&typeid=i","cat":284264},{"id":153069,"n":"Cônes glacés Trium Rhum raisins - x6 - 414g","p":3.99,"u":"9,64 €/KG","img":"https://fd15-photos.leclercdrive.fr/image.ashx?id=2931814&use=l&cat=p&typeid=i","cat":284264},{"id":153070,"n":"Cônes glacés Trium Menthe chocolat x6 - 414g","p":3.99,"u":"9,64 €/KG","img":"https://fd15-photos.leclercdrive.fr/image.ashx?id=2931826&use=l&cat=p&typeid=i","cat":284264},{"id":153071,"n":"Cônes glacés Trium Crème brulée - x6 - 426g","p":3.29,"u":"7,72 €/KG","img":"https://fd15-photos.leclercdrive.fr/image.ashx?id=2931820&use=l&cat=p&typeid=i","cat":284264},{"id":153072,"n":"Cônes glacés Trium Café - x6 - 426g","p":3.99,"u":"9,37 €/KG","img":"https://fd15-photos.leclercdrive.fr/image.ashx?id=2931838&use=l&cat=p&typeid=i","cat":284264},{"id":153073,"n":"Cônes glacés Trium Vanille chocolat - x6 - 426g","p":3.29,"u":"7,72 €/KG","img":"https://fd15-photos.leclercdrive.fr/image.ashx?id=2931817&use=l&cat=p&typeid=i","cat":284264},{"id":153074,"n":"Cônes glacés Trium Citron framboise x6 - 456g","p":4.15,"u":"9,10 €/KG","img":"https://fd15-photos.leclercdrive.fr/image.ashx?id=2931811&use=l&cat=p&typeid=i","cat":284264},{"id":153075,"n":"Cônes glacés Trium Chocolat pistaches - x6 - 402g","p":3.99,"u":"9,93 €/KG","img":"https://fd15-photos.leclercdrive.fr/image.ashx?id=2909909&use=l&cat=p&typeid=i","cat":284264},{"id":153092,"n":"Saumon Paralleles Zestes de citron basilic - 125g","p":5.33,"u":"42,64 €/KG","img":"https://fd15-photos.leclercdrive.fr/image.ashx?id=2101954&use=l&cat=p&typeid=i","cat":305147},{"id":153093,"n":"Filets fumés  truite Paralleles MSC - 74g","p":4.65,"u":"62,84 €/KG","img":"https://fd15-photos.leclercdrive.fr/image.ashx?id=2079998&use=l&cat=p&typeid=i","cat":305147},{"id":153146,"n":"IGP Ile de Beauté rosé Une Ile - 75cl","p":10.84,"u":"14,45 €/L","img":"https://fd15-photos.leclercdrive.fr/image.ashx?id=2089268&use=l&cat=p&typeid=i","cat":289558},{"id":153151,"n":"Jambon Supérieur Fleury Michon sans nitrite x4 - 140g","p":4.29,"u":"30,64 €/KG","img":"https://fd15-photos.leclercdrive.fr/image.ashx?id=2889475&use=l&cat=p&typeid=i","cat":316009},{"id":153153,"n":"Jambon Supérieur Fleury Michon -25% sel sans nitrite- x2 - 70g","p":2.59,"u":"37,00 €/KG","img":"https://fd15-photos.leclercdrive.fr/image.ashx?id=2889484&use=l&cat=p&typeid=i","cat":316009},{"id":153154,"n":"Jambon Supérieur Fleury Michon -25% sel sans nitrite x6 - 210g","p":5.65,"u":"26,90 €/KG","img":"https://fd15-photos.leclercdrive.fr/image.ashx?id=2889487&use=l&cat=p&typeid=i","cat":316009},{"id":153158,"n":"Jambon Simplement Bon Fleury  Michon -25% de sel - x6 - 210g","p":5.13,"u":"24,43 €/KG","img":"https://fd15-photos.leclercdrive.fr/image.ashx?id=2842696&use=l&cat=p&typeid=i","cat":316009},{"id":153159,"n":"Jambon Simplement Bon Fleury  Michon -25% de sel x4 - 140g","p":4.45,"u":"31,79 €/KG","img":"https://fd15-photos.leclercdrive.fr/image.ashx?id=2843385&use=l&cat=p&typeid=i","cat":316009},{"id":153161,"n":"Jambon Fleury Michon Simplement  Bio sans nitrite- x2 - 60g","p":3.9,"u":"65,00 €/KG","img":"https://fd15-photos.leclercdrive.fr/image.ashx?id=2959955&use=l&cat=p&typeid=i","cat":316009},{"id":153164,"n":"Jambon  Simplement Bon Fleury  Michon x4 - 160g","p":3.29,"u":"20,56 €/KG","img":"https://fd15-photos.leclercdrive.fr/image.ashx?id=2843147&use=l&cat=p&typeid=i","cat":316009},{"id":153166,"n":"Jambon Simplement Bon Fleury Michon - x6 - 240g","p":4.5,"u":"18,75 €/KG","img":"https://fd15-photos.leclercdrive.fr/image.ashx?id=2843150&use=l&cat=p&typeid=i","cat":316009},{"id":153167,"n":"Jambon Simplement Bon  Fleury Michon - x8 - 320g","p":6.5,"u":"20,31 €/KG","img":"https://fd15-photos.leclercdrive.fr/image.ashx?id=3008383&use=l&cat=p&typeid=i","cat":316009},{"id":153229,"n":"Mayonnaise de Dijon Amora Tube - 175g","p":2.05,"u":"11,71 €/KG","img":"https://fd15-photos.leclercdrive.fr/image.ashx?id=2082711&use=l&cat=p&typeid=i","cat":298295},{"id":153230,"n":"Mayonnaise de Dijon - 705g Flacon - 705g","p":5.9,"u":"8,37 €/KG","img":"https://fd15-photos.leclercdrive.fr/image.ashx?id=2877199&use=l&cat=p&typeid=i","cat":298295},{"id":153237,"n":"Mayonnaise de Dijon  Amora 465g","p":3.69,"u":"7,94 €/KG","img":"https://fd15-photos.leclercdrive.fr/image.ashx?id=2082693&use=l&cat=p&typeid=i","cat":298295},{"id":153241,"n":"Blanc de poulet Fleury Michon doré au four - x8 - 240g","p":5.2,"u":"21,67 €/KG","img":"https://fd15-photos.leclercdrive.fr/image.ashx?id=2962845&use=l&cat=p&typeid=i","cat":316010},{"id":153242,"n":"Ketchup Amora  468g","p":2.49,"u":"5,32 €/KG","img":"https://fd15-photos.leclercdrive.fr/image.ashx?id=2766628&use=l&cat=p&typeid=i","cat":284455},{"id":153271,"n":"Gâteaux fourrés Napolitain LU Chocolat - 360g","p":5.09,"u":"14,14 €/KG","img":"https://fd15-photos.leclercdrive.fr/image.ashx?id=2349055&use=l&cat=p&typeid=i","cat":284495},{"id":153317,"n":"Capsules confiturier Le Parfait Diamètre 82mm - Sachet de 6","p":4.9,"img":"https://fd15-photos.leclercdrive.fr/image.ashx?id=2540418&use=l&cat=p&typeid=i","cat":284710},{"id":153328,"n":"Gâteaux fourrés Napolitain LU Chocolat - 180g","p":3.25,"u":"18,06 €/KG","img":"https://fd15-photos.leclercdrive.fr/image.ashx?id=3002225&use=l&cat=p&typeid=i","cat":284495},{"id":153343,"n":"Bouillon Knorr Volaille sans sel - x8 72g","p":2.25,"u":"31,25 €/KG","img":"https://fd15-photos.leclercdrive.fr/image.ashx?id=2428753&use=l&cat=p&typeid=i","cat":288379},{"id":153367,"n":"Table à repasser Homeside Plateau 120x40cm","p":59.9,"img":"https://fd15-photos.leclercdrive.fr/image.ashx?id=2118018&use=l&cat=p&typeid=i","cat":335909},{"id":153368,"n":"Table à repasserHomeside Plateau 130x45cm","p":69.9,"img":"https://fd15-photos.leclercdrive.fr/image.ashx?id=2118021&use=l&cat=p&typeid=i","cat":335909},{"id":153370,"n":"Piles alcalines LR20 x4","p":4.1,"u":"1,03 €/P","img":"https://fd15-photos.leclercdrive.fr/image.ashx?id=2102977&use=l&cat=p&typeid=i","cat":300572},{"id":153447,"n":"Lait Céréales bio Bio Village Vanille 6 mois - 2x25cl","p":3.28,"u":"6,56 €/L","img":"https://fd15-photos.leclercdrive.fr/image.ashx?id=2833026&use=l&cat=p&typeid=i","cat":312226},{"id":153504,"n":"The saveur menthe Chanflor Bouteille de 1,5l","p":2.35,"u":"1,57 €/L","img":"https://fd15-photos.leclercdrive.fr/image.ashx?id=2199830&use=l&cat=p&typeid=i","cat":295019},{"id":153505,"n":"The saveur ananas Chanflor Bouteille de 1,5l","p":2.35,"u":"1,57 €/L","img":"https://fd15-photos.leclercdrive.fr/image.ashx?id=2199833&use=l&cat=p&typeid=i","cat":295019},{"id":153506,"n":"The saveur citron Chanflor Bouteille de 1,5l","p":2.35,"u":"1,57 €/L","img":"https://fd15-photos.leclercdrive.fr/image.ashx?id=2199839&use=l&cat=p&typeid=i","cat":295019},{"id":153507,"n":"The saveur pêche Chanflor Bouteille de 1,5l","p":2.35,"u":"1,57 €/L","img":"https://fd15-photos.leclercdrive.fr/image.ashx?id=2477907&use=l&cat=p&typeid=i","cat":295019},{"id":153508,"n":"The saveur menthe Chanflor Bouteille de 50cl","p":1.05,"u":"2,10 €/L","img":"https://fd15-photos.leclercdrive.fr/image.ashx?id=2199821&use=l&cat=p&typeid=i","cat":295019},{"id":153509,"n":"Thé saveur ananas Chanflor Bouteille de 50cl","p":0.95,"u":"1,90 €/L","img":"https://fd15-photos.leclercdrive.fr/image.ashx?id=2199836&use=l&cat=p&typeid=i","cat":295019},{"id":153510,"n":"Thé saveur citron Chanflor Bouteille de 50cl","p":1.0,"u":"2,00 €/L","img":"https://fd15-photos.leclercdrive.fr/image.ashx?id=2199842&use=l&cat=p&typeid=i","cat":295019},{"id":153511,"n":"The saveur pêche Chanflor Bouteille de 50cl","p":1.0,"u":"2,00 €/L","img":"https://fd15-photos.leclercdrive.fr/image.ashx?id=2199824&use=l&cat=p&typeid=i","cat":295019},{"id":153512,"n":"Bougie Clarte Divine Citronnelle verre de170g","p":3.9,"u":"22,94 €/KG","img":"https://fd15-photos.leclercdrive.fr/image.ashx?id=2561546&use=l&cat=p&typeid=i","cat":298368},{"id":153517,"n":"Soda Coca cola zero sucres Bouteille de 1,25l","p":1.7,"u":"1,36 €/L","img":"https://fd15-photos.leclercdrive.fr/image.ashx?id=2200907&use=l&cat=p&typeid=i","cat":284530},{"id":153518,"n":"Soda Coca cola zero sucres Pack de 6x1,25l","p":10.05,"u":"1,34 €/L","img":"https://fd15-photos.leclercdrive.fr/image.ashx?id=2200898&use=l&cat=p&typeid=i","cat":284530},{"id":153519,"n":"Soda Coca cola zero sucres Bouteille de 2l","p":2.4,"u":"1,20 €/L","img":"https://fd15-photos.leclercdrive.fr/image.ashx?id=2200880&use=l&cat=p&typeid=i","cat":284530},{"id":153520,"n":"Soda Coca cola zero sucres Bouteille de 50cl","p":0.84,"u":"1,68 €/L","img":"https://fd15-photos.leclercdrive.fr/image.ashx?id=2200883&use=l&cat=p&typeid=i","cat":284530},{"id":153521,"n":"Soda Coca cola sans sucres Pack de 8x50cl","p":7.0,"u":"1,75 €/L","img":"https://fd15-photos.leclercdrive.fr/image.ashx?id=2769411&use=l&cat=p&typeid=i","cat":284530},{"id":153522,"n":"Soda Coca cola zero sucres Pack de 6x2l","p":14.3,"u":"1,19 €/L","img":"https://fd15-photos.leclercdrive.fr/image.ashx?id=2200877&use=l&cat=p&typeid=i","cat":284530},{"id":153523,"n":"Soda Coca cola original taste Bouteille de 2l","p":3.38,"u":"1,69 €/L","img":"https://fd15-photos.leclercdrive.fr/image.ashx?id=2200808&use=l&cat=p&typeid=i","cat":284530},{"id":153524,"n":"Soda Coca cola original taste Canette de 15cl","p":0.75,"u":"5,00 €/L","img":"https://fd15-photos.leclercdrive.fr/image.ashx?id=2199713&use=l&cat=p&typeid=i","cat":284530},{"id":153525,"n":"Soda Coca cola original taste Pack de 12x15cl","p":7.89,"u":"4,38 €/L","img":"https://fd15-photos.leclercdrive.fr/image.ashx?id=2199716&use=l&cat=p&typeid=i","cat":284530},{"id":153526,"n":"Soda Coca cola original taste Pack de 6x2l","p":19.95,"u":"1,66 €/L","img":"https://fd15-photos.leclercdrive.fr/image.ashx?id=2200874&use=l&cat=p&typeid=i","cat":284530},{"id":153527,"n":"Soda Coca cola original taste Canette de 33cl","p":0.85,"u":"2,58 €/L","img":"https://fd15-photos.leclercdrive.fr/image.ashx?id=2200886&use=l&cat=p&typeid=i","cat":284530},{"id":153528,"n":"Soda Coca cola  Pack de 6x33cl","p":5.1,"u":"2,58 €/L","img":"https://fd15-photos.leclercdrive.fr/image.ashx?id=2200892&use=l&cat=p&typeid=i","cat":284530},{"id":153530,"n":"Soda Coca cola original taste Bouteille de 50cl","p":1.08,"u":"2,16 €/L","img":"https://fd15-photos.leclercdrive.fr/image.ashx?id=2200811&use=l&cat=p&typeid=i","cat":284530},{"id":153531,"n":"Soda Coca cola original taste Pack de 8x50cl","p":7.96,"u":"1,99 €/L","img":"https://fd15-photos.leclercdrive.fr/image.ashx?id=2200865&use=l&cat=p&typeid=i","cat":284530},{"id":153532,"n":"Soda Coca cola original taste Bouteille de 1,25L","p":2.28,"u":"1,82 €/L","img":"https://fd15-photos.leclercdrive.fr/image.ashx?id=2200901&use=l&cat=p&typeid=i","cat":284530},{"id":153533,"n":"Yaourt nature Danone 4x125g","p":1.59,"u":"3,18 €/KG","img":"https://fd15-photos.leclercdrive.fr/image.ashx?id=2201063&use=l&cat=p&typeid=i","cat":284409},{"id":153541,"n":"Yaourt aromatisé vanille Danone Pots de16x125g","p":7.15,"u":"57,20 €/KG","img":"https://fd15-photos.leclercdrive.fr/image.ashx?id=2201078&use=l&cat=p&typeid=i","cat":286006},{"id":153543,"n":"Yaourt aromatisé Danone Tropical pots de16x125g","p":7.15,"u":"57,20 €/KG","img":"https://fd15-photos.leclercdrive.fr/image.ashx?id=2201090&use=l&cat=p&typeid=i","cat":286006},{"id":153547,"n":"Yaourt velouté nature Danone Pots de 4x125g","p":2.35,"u":"4,70 €/KG","img":"https://fd15-photos.leclercdrive.fr/image.ashx?id=2201159&use=l&cat=p&typeid=i","cat":284409},{"id":153548,"n":"Yaourt velouté nature Danone 8x125g","p":4.25,"u":"34,00 €/KG","img":"https://fd15-photos.leclercdrive.fr/image.ashx?id=2201168&use=l&cat=p&typeid=i","cat":284409},{"id":153555,"n":"Yaourts aux fruits Danone Pots de16x125g","p":8.25,"u":"66,00 €/KG","img":"https://fd15-photos.leclercdrive.fr/image.ashx?id=2201105&use=l&cat=p&typeid=i","cat":284410},{"id":153567,"n":"Yaourt brassé Velouté Fruix  Panachés - 16x125g","p":7.8,"u":"3,90 €/KG","img":"https://fd15-photos.leclercdrive.fr/image.ashx?id=2699309&use=l&cat=p&typeid=i","cat":284410},{"id":153572,"n":"Activia brassé nature Pots de 8x125g","p":4.4,"u":"4,40 €/KG","img":"https://fd15-photos.leclercdrive.fr/image.ashx?id=2201117&use=l&cat=p&typeid=i","cat":315000},{"id":153573,"n":"Activia brassé nature Pots de16x125g","p":7.95,"u":"63,60 €/KG","img":"https://fd15-photos.leclercdrive.fr/image.ashx?id=2201120&use=l&cat=p&typeid=i","cat":315000},{"id":153575,"n":"Activia brassé vanille Pots de 8x125g","p":4.4,"u":"35,20 €/KG","img":"https://fd15-photos.leclercdrive.fr/image.ashx?id=2201126&use=l&cat=p&typeid=i","cat":315000},{"id":153576,"n":"Yaourt bifidus Activia  Vanille - 16x125g","p":7.95,"u":"63,60 €/KG","img":"https://fd15-photos.leclercdrive.fr/image.ashx?id=2682069&use=l&cat=p&typeid=i","cat":286006},{"id":153578,"n":"Activia brassé amande Pots de 8x125g","p":4.4,"u":"4,40 €/KG","img":"https://fd15-photos.leclercdrive.fr/image.ashx?id=2201132&use=l&cat=p&typeid=i","cat":315000},{"id":153581,"n":"Yaourt bifidus Activia  Nature - 16x125g","p":7.95,"u":"63,60 €/KG","img":"https://fd15-photos.leclercdrive.fr/image.ashx?id=2201108&use=l&cat=p&typeid=i","cat":284409},{"id":153589,"n":"Activia aux fruits  Pots de 8x125g","p":9.2,"u":"73,60 €/KG","img":"https://fd15-photos.leclercdrive.fr/image.ashx?id=2201156&use=l&cat=p&typeid=i","cat":315000},{"id":153595,"n":"Danonino  Pots de 16x60g","p":5.5,"u":"5,73 €/KG","img":"https://fd15-photos.leclercdrive.fr/image.ashx?id=2201261&use=l&cat=p&typeid=i","cat":284414},{"id":153597,"n":"Danette chocolat Pots de 4x100g","p":2.99,"u":"7,48 €/KG","img":"https://fd15-photos.leclercdrive.fr/image.ashx?id=2201216&use=l&cat=p&typeid=i","cat":285041},{"id":153598,"n":"Danette vanille Pots de 4x100g","p":2.99,"u":"7,48 €/KG","img":"https://fd15-photos.leclercdrive.fr/image.ashx?id=2201222&use=l&cat=p&typeid=i","cat":285041},{"id":153599,"n":"Danette caramel Pots de 4x100g","p":2.99,"u":"7,48 €/KG","img":"https://fd15-photos.leclercdrive.fr/image.ashx?id=2201225&use=l&cat=p&typeid=i","cat":285041},{"id":153600,"n":"Crème dessert Danette  Chocolat noisette - 4x100g","p":2.99,"u":"7,48 €/KG","img":"https://fd15-photos.leclercdrive.fr/image.ashx?id=2201228&use=l&cat=p&typeid=i","cat":285041},{"id":153601,"n":"Danette praliné Pots de 4x100g","p":2.99,"u":"29,90 €/KG","img":"https://fd15-photos.leclercdrive.fr/image.ashx?id=2201231&use=l&cat=p&typeid=i","cat":285041},{"id":153602,"n":"Crème dessert Danette  Pistache - 4x100g","p":2.99,"u":"7,48 €/KG","img":"https://fd15-photos.leclercdrive.fr/image.ashx?id=2201234&use=l&cat=p&typeid=i","cat":285041},{"id":153605,"n":"Danette chocolat Pots de 8x100g","p":5.9,"u":"7,38 €/KG","img":"https://fd15-photos.leclercdrive.fr/image.ashx?id=2201219&use=l&cat=p&typeid=i","cat":285041},{"id":153607,"n":"Danette multiparfums Pots de 16 x100g","p":8.95,"u":"5,59 €/KG","img":"https://fd15-photos.leclercdrive.fr/image.ashx?id=2201240&use=l&cat=p&typeid=i","cat":285041},{"id":153608,"n":"Ti gouté fruits rouges Royal Pack de 6x20cl","p":3.19,"u":"2,66 €/L","img":"https://fd15-photos.leclercdrive.fr/image.ashx?id=2199686&use=l&cat=p&typeid=i","cat":295018},{"id":153610,"n":"Ti gouté goyave Royal Pack de 6x20cl","p":3.19,"u":"2,66 €/L","img":"https://fd15-photos.leclercdrive.fr/image.ashx?id=2199683&use=l&cat=p&typeid=i","cat":295018},{"id":153611,"n":"Boisson à l'orange Fanta Bouteille de 2l","p":3.4,"u":"1,70 €/L","img":"https://fd15-photos.leclercdrive.fr/image.ashx?id=2200814&use=l&cat=p&typeid=i","cat":284532},{"id":153614,"n":"Boisson gazeuse Kolita Fanta Bouteille de 2L","p":3.4,"u":"1,70 €/L","img":"https://fd15-photos.leclercdrive.fr/image.ashx?id=2421651&use=l&cat=p&typeid=i","cat":284532},{"id":153615,"n":"Boisson exotique Fanta Bouteille de 50cl","p":0.81,"u":"1,62 €/L","img":"https://fd15-photos.leclercdrive.fr/image.ashx?id=2200862&use=l&cat=p&typeid=i","cat":284532},{"id":153616,"n":"Boisson exotique Fanta Bouteille de 2l","p":3.4,"u":"1,70 €/L","img":"https://fd15-photos.leclercdrive.fr/image.ashx?id=2200859&use=l&cat=p&typeid=i","cat":284532},{"id":153620,"n":"Refresh fruits rouges Mont-pelé Bouteille de 2l","p":2.54,"u":"1,27 €/L","img":"https://fd15-photos.leclercdrive.fr/image.ashx?id=2199764&use=l&cat=p&typeid=i","cat":295018},{"id":153621,"n":"Refresh pomme poire Mont-pelé Bouteille de 2l","p":2.54,"u":"1,27 €/L","img":"https://fd15-photos.leclercdrive.fr/image.ashx?id=2199761&use=l&cat=p&typeid=i","cat":295018},{"id":153623,"n":"Refresh cocktail Mont-pelé 2L","p":2.54,"u":"1,27 €/L","img":"https://fd15-photos.leclercdrive.fr/image.ashx?id=2426295&use=l&cat=p&typeid=i","cat":295018},{"id":153624,"n":"Refresh pomme poire Mont-pelé Bouteille de 50cl","p":1.15,"u":"2,30 €/L","img":"https://fd15-photos.leclercdrive.fr/image.ashx?id=2199770&use=l&cat=p&typeid=i","cat":295018},{"id":153625,"n":"Refresh fruits rouges Mont-pelé Bouteille de 50cl","p":1.55,"u":"3,10 €/L","img":"https://fd15-photos.leclercdrive.fr/image.ashx?id=2199773&use=l&cat=p&typeid=i","cat":295018},{"id":153626,"n":"Refresh cocktail Mont-pelé Bouteille de 50cl","p":1.15,"u":"2,30 €/L","img":"https://fd15-photos.leclercdrive.fr/image.ashx?id=2199767&use=l&cat=p&typeid=i","cat":295018},{"id":153628,"n":"Nectar orange passion Mont-pelé Brick de 1l","p":2.45,"u":"2,45 €/L","img":"https://fd15-photos.leclercdrive.fr/image.ashx?id=2325014&use=l&cat=p&typeid=i","cat":284916},{"id":153629,"n":"Jus 100% orange Royal Sans sucres ajoutés brick de 2l","p":3.22,"u":"1,61 €/L","img":"https://fd15-photos.leclercdrive.fr/image.ashx?id=2199698&use=l&cat=p&typeid=i","cat":284521},{"id":153630,"n":"Jus 100% raisin Royal Sans sucres ajoutés brick de 2l","p":3.22,"u":"1,61 €/L","img":"https://fd15-photos.leclercdrive.fr/image.ashx?id=2199704&use=l&cat=p&typeid=i","cat":284915},{"id":153631,"n":"Boisson aux fruits Royal Passion Acérola - 2L","p":3.22,"u":"1,61 €/L","img":"https://fd15-photos.leclercdrive.fr/image.ashx?id=2421624&use=l&cat=p&typeid=i","cat":284916},{"id":153632,"n":"Nectar goyave rose Royal Brick de 2l","p":3.22,"u":"1,61 €/L","img":"https://fd15-photos.leclercdrive.fr/image.ashx?id=2199695&use=l&cat=p&typeid=i","cat":284916},{"id":153633,"n":"Jus 100% pomme Royal Sans sucres ajoutés brick de 2l","p":3.22,"u":"1,61 €/L","img":"https://fd15-photos.leclercdrive.fr/image.ashx?id=2199701&use=l&cat=p&typeid=i","cat":284522},{"id":153634,"n":"Boisson multifruits Royal Brick de 2l","p":3.22,"u":"1,61 €/L","img":"https://fd15-photos.leclercdrive.fr/image.ashx?id=2199692&use=l&cat=p&typeid=i","cat":295018},{"id":153635,"n":"Nectar cocktail tropical Royal Cubi de 5l","p":9.99,"u":"2,00 €/L","img":"https://fd15-photos.leclercdrive.fr/image.ashx?id=2199641&use=l&cat=p&typeid=i","cat":284916},{"id":153636,"n":"Nectar ananas Royal Cubi de 5l","p":9.3,"u":"1,86 €/L","img":"https://fd15-photos.leclercdrive.fr/image.ashx?id=2199644&use=l&cat=p&typeid=i","cat":284916},{"id":153637,"n":"Nectar goyave rose Royal Cubi de 5l","p":9.3,"u":"1,86 €/L","img":"https://fd15-photos.leclercdrive.fr/image.ashx?id=2199638&use=l&cat=p&typeid=i","cat":284916},{"id":153638,"n":"Nectar orange Royal Cubi de 5L","p":9.3,"u":"1,86 €/L","img":"https://fd15-photos.leclercdrive.fr/image.ashx?id=2435758&use=l&cat=p&typeid=i","cat":284521},{"id":153639,"n":"Boisson passion Royal Cubi de 5l","p":9.99,"u":"2,00 €/L","img":"https://fd15-photos.leclercdrive.fr/image.ashx?id=2721413&use=l&cat=p&typeid=i","cat":284916},{"id":153640,"n":"Nectar cerise pays Royal Brick de 1l","p":2.9,"u":"2,90 €/L","img":"https://fd15-photos.leclercdrive.fr/image.ashx?id=2649106&use=l&cat=p&typeid=i","cat":284915},{"id":153641,"n":"Nectar goyave rose Royal Brick de 1l","p":2.3,"u":"2,30 €/L","img":"https://fd15-photos.leclercdrive.fr/image.ashx?id=2767350&use=l&cat=p&typeid=i","cat":284916},{"id":153642,"n":"Nectar orange Royal Brick de 1l","p":2.6,"u":"2,60 €/L","img":"https://fd15-photos.leclercdrive.fr/image.ashx?id=2442220&use=l&cat=p&typeid=i","cat":284521},{"id":153643,"n":"Nectar cocktail tropical Royal Brick de 1l","p":2.45,"u":"2,45 €/L","img":"https://fd15-photos.leclercdrive.fr/image.ashx?id=2199656&use=l&cat=p&typeid=i","cat":284916},{"id":153644,"n":"Nectar mangue Royal Brick de 1l","p":2.7,"u":"2,70 €/L","img":"https://fd15-photos.leclercdrive.fr/image.ashx?id=2199653&use=l&cat=p&typeid=i","cat":284916},{"id":153646,"n":"Jus de pamplemousse Royal 1L","p":2.45,"u":"2,45 €/L","img":"https://fd15-photos.leclercdrive.fr/image.ashx?id=2362303&use=l&cat=p&typeid=i","cat":284914},{"id":153647,"n":"Jus d'ananas Royal Brick de 1l","p":2.45,"u":"2,45 €/L","img":"https://fd15-photos.leclercdrive.fr/image.ashx?id=2199668&use=l&cat=p&typeid=i","cat":284916},{"id":153648,"n":"Boisson prune de cythère Royal Brick de 1l","p":2.4,"u":"2,40 €/L","img":"https://fd15-photos.leclercdrive.fr/image.ashx?id=2199677&use=l&cat=p&typeid=i","cat":284915},{"id":153649,"n":"Boisson passion Royal Brick de 1l","p":2.45,"u":"2,45 €/L","img":"https://fd15-photos.leclercdrive.fr/image.ashx?id=2767353&use=l&cat=p&typeid=i","cat":284916},{"id":153651,"n":"Cocktail ananas coco Royal Brick de 1l","p":2.65,"u":"2,65 €/L","img":"https://fd15-photos.leclercdrive.fr/image.ashx?id=2199659&use=l&cat=p&typeid=i","cat":284916},{"id":153652,"n":"Boisson litchi Royal Brick de 1l","p":2.67,"u":"2,67 €/L","img":"https://fd15-photos.leclercdrive.fr/image.ashx?id=2649103&use=l&cat=p&typeid=i","cat":284915},{"id":153653,"n":"Boisson mandarine Royal 1L","p":2.42,"u":"2,42 €/L","img":"https://fd15-photos.leclercdrive.fr/image.ashx?id=2199674&use=l&cat=p&typeid=i","cat":284915},{"id":153654,"n":"Royal Soda grenadine 2L","p":3.15,"u":"1,58 €/L","img":"https://fd15-photos.leclercdrive.fr/image.ashx?id=2093493&use=l&cat=p&typeid=i","cat":284532},{"id":153655,"n":"Royal Soda kampane 2L","p":3.15,"u":"1,58 €/L","img":"https://fd15-photos.leclercdrive.fr/image.ashx?id=2093496&use=l&cat=p&typeid=i","cat":284532},{"id":153656,"n":"Royal soda orange Bouteille de 2l","p":3.15,"u":"1,58 €/L","img":"https://fd15-photos.leclercdrive.fr/image.ashx?id=2620314&use=l&cat=p&typeid=i","cat":284532},{"id":153658,"n":"Royal soda citron Bouteille de 2l","p":3.15,"u":"1,58 €/L","img":"https://fd15-photos.leclercdrive.fr/image.ashx?id=2200820&use=l&cat=p&typeid=i","cat":284532},{"id":153659,"n":"Royal Soda banane 2L","p":3.15,"u":"1,58 €/L","img":"https://fd15-photos.leclercdrive.fr/image.ashx?id=2749239&use=l&cat=p&typeid=i","cat":284532},{"id":153660,"n":"Royal soda anis Bouteille de 2l","p":3.15,"u":"1,58 €/L","img":"https://fd15-photos.leclercdrive.fr/image.ashx?id=2093490&use=l&cat=p&typeid=i","cat":284532},{"id":153661,"n":"Royal soda ananas Bouteille de 2l","p":3.15,"u":"1,58 €/L","img":"https://fd15-photos.leclercdrive.fr/image.ashx?id=2191590&use=l&cat=p&typeid=i","cat":284532},{"id":153663,"n":"Royal soda orange Bouteille de 50cl","p":1.0,"u":"2,00 €/L","img":"https://fd15-photos.leclercdrive.fr/image.ashx?id=2619059&use=l&cat=p&typeid=i","cat":284532},{"id":153665,"n":"Royal Soda citron Bouteille de 50cl","p":1.0,"u":"2,00 €/L","img":"https://fd15-photos.leclercdrive.fr/image.ashx?id=2481474&use=l&cat=p&typeid=i","cat":284532},{"id":153666,"n":"Royal soda banane Bouteille de 50cl","p":1.0,"u":"2,00 €/L","img":"https://fd15-photos.leclercdrive.fr/image.ashx?id=2093499&use=l&cat=p&typeid=i","cat":284532},{"id":153667,"n":"Royal soda anis Bouteille de 50cl","p":1.0,"u":"2,00 €/L","img":"https://fd15-photos.leclercdrive.fr/image.ashx?id=2093502&use=l&cat=p&typeid=i","cat":284532},{"id":153668,"n":"Royal soda ananas Bouteille de 50cl","p":1.0,"u":"2,00 €/L","img":"https://fd15-photos.leclercdrive.fr/image.ashx?id=2093505&use=l&cat=p&typeid=i","cat":284532},{"id":153671,"n":"Boisson ginger ale Canada dry Bouteille de 50cl","p":1.1,"u":"2,20 €/L","img":"https://fd15-photos.leclercdrive.fr/image.ashx?id=2199869&use=l&cat=p&typeid=i","cat":284532},{"id":153672,"n":"Boisson ginger ale Canada dry Bouteille de 2l","p":3.65,"u":"1,83 €/L","img":"https://fd15-photos.leclercdrive.fr/image.ashx?id=2199872&use=l&cat=p&typeid=i","cat":284532},{"id":153687,"n":"Crème entière Elle&Vire 27%mg bombe de 250g","p":5.05,"u":"20,20 €/KG","img":"https://fd15-photos.leclercdrive.fr/image.ashx?id=2509592&use=l&cat=p&typeid=i","cat":284381},{"id":153688,"n":"Crème extra légère Elle&Vire 10,8%mg  bombe de 250g","p":5.05,"u":"20,20 €/KG","img":"https://fd15-photos.leclercdrive.fr/image.ashx?id=2509595&use=l&cat=p&typeid=i","cat":284381},{"id":153690,"n":"Mon grec la française Elle&Vire Nature pots de 4x125g","p":3.49,"u":"6,98 €/KG","img":"https://fd15-photos.leclercdrive.fr/image.ashx?id=2508108&use=l&cat=p&typeid=i","cat":314999},{"id":153691,"n":"Mon grec la française Elle&Vire Framboise pots de 4x125g","p":3.49,"u":"6,98 €/KG","img":"https://fd15-photos.leclercdrive.fr/image.ashx?id=2508723&use=l&cat=p&typeid=i","cat":314999},{"id":153692,"n":"Mon grec la française Elle&Vire Miel pots de 4x125g","p":3.49,"u":"6,98 €/KG","img":"https://fd15-photos.leclercdrive.fr/image.ashx?id=2508111&use=l&cat=p&typeid=i","cat":314999},{"id":153693,"n":"Mon grec la française Elle&Vire Vanille pots de 4x125g","p":3.49,"u":"6,98 €/KG","img":"https://fd15-photos.leclercdrive.fr/image.ashx?id=2508105&use=l&cat=p&typeid=i","cat":314999},{"id":153694,"n":"Mon grec la française Elle&Vire Fraise citron pots de 4x125g","p":3.49,"u":"27,92 €/KG","img":"https://fd15-photos.leclercdrive.fr/image.ashx?id=2544870&use=l&cat=p&typeid=i","cat":314999},{"id":153798,"n":"Bicarbonate de soude Phebus 550g","p":7.95,"u":"14,45 €/KG","img":"https://fd15-photos.leclercdrive.fr/image.ashx?id=2083135&use=l&cat=p&typeid=i","cat":300576},{"id":153822,"n":"Savane chocolat noir Brossard Pocket x7 - 210g","p":3.18,"u":"15,14 €/KG","img":"https://fd15-photos.leclercdrive.fr/image.ashx?id=2881452&use=l&cat=p&typeid=i","cat":284495},{"id":154098,"n":"Cidre rouge La Mordue 4x27.5 cl","p":6.99,"u":"6,35 €/L","img":"https://fd15-photos.leclercdrive.fr/image.ashx?id=2625133&use=l&cat=p&typeid=i","cat":334880},{"id":154631,"n":"Boisson multifruits Jafun Format poche - 10x20Cl","p":5.29,"u":"2,65 €/L","img":"https://fd15-photos.leclercdrive.fr/image.ashx?id=2992561&use=l&cat=p&typeid=i","cat":284524},{"id":155123,"n":"Biscuits fourrés  BN Fraises - 285g","p":3.1,"u":"10,88 €/KG","img":"https://fd15-photos.leclercdrive.fr/image.ashx?id=2878804&use=l&cat=p&typeid=i","cat":284489},{"id":155198,"n":"Rôti de porc Fleury Michon Sans nitrite - x6 - 180g","p":4.55,"u":"25,28 €/KG","img":"https://fd15-photos.leclercdrive.fr/image.ashx?id=2335478&use=l&cat=p&typeid=i","cat":316009},{"id":155244,"n":"Mini cônes Extrême  Vanille  - 8x39g","p":6.18,"u":"19,81 €/KG","img":"https://fd15-photos.leclercdrive.fr/image.ashx?id=2737741&use=l&cat=p&typeid=i","cat":284264},{"id":155293,"n":"Prépa Gâteau alsa Cœur Coulants Chocolat - 275g","p":7.29,"u":"26,51 €/KG","img":"https://fd15-photos.leclercdrive.fr/image.ashx?id=2996443&use=l&cat=p&typeid=i","cat":284505},{"id":155295,"n":"Préparation Cookies alsa Pépites de Chocolat - 240g","p":5.89,"u":"24,54 €/KG","img":"https://fd15-photos.leclercdrive.fr/image.ashx?id=2996446&use=l&cat=p&typeid=i","cat":284505},{"id":155300,"n":"Capsules Starbucks by Nespresso  Italian Style Int 11 - x10","p":5.8,"u":"103,57 €/KG","img":"https://fd15-photos.leclercdrive.fr/image.ashx?id=2654068&use=l&cat=p&typeid=i","cat":284749},{"id":155301,"n":"Biscuit BN chocolat 285g","p":3.05,"u":"10,70 €/KG","img":"https://fd15-photos.leclercdrive.fr/image.ashx?id=2810705&use=l&cat=p&typeid=i","cat":284488},{"id":155302,"n":"Biscuits BN casse croute 400g","p":3.44,"u":"8,60 €/KG","img":"https://fd15-photos.leclercdrive.fr/image.ashx?id=2503900&use=l&cat=p&typeid=i","cat":284491},{"id":155352,"n":"Piles alcalines Eco+ LR14/C x6","p":3.77,"img":"https://fd15-photos.leclercdrive.fr/image.ashx?id=2102974&use=l&cat=p&typeid=i","cat":300572},{"id":155462,"n":"Séchoir tour 45m x1","p":59.9,"img":"https://fd15-photos.leclercdrive.fr/image.ashx?id=2118024&use=l&cat=p&typeid=i","cat":335909},{"id":155538,"n":"Vernis à ongles Rimmel Super gel 043 Venus 12ml - x1","p":6.3,"img":"https://fd15-photos.leclercdrive.fr/image.ashx?id=2108369&use=l&cat=p&typeid=i","cat":325347},{"id":155549,"n":"Glace Bâtonnet MAGNUM Double Gold Caramel 4x85ml","p":5.2,"u":"18,31 €/KG","img":"https://fd15-photos.leclercdrive.fr/image.ashx?id=2770620&use=l&cat=p&typeid=i","cat":284265},{"id":155551,"n":"Mini bâtonnet Magnum  Double gold caramel x6 - 282g","p":6.89,"u":"24,43 €/KG","img":"https://fd15-photos.leclercdrive.fr/image.ashx?id=2769239&use=l&cat=p&typeid=i","cat":284265},{"id":155704,"n":"Dessert - P'tit Brassé Nestlé Pomme Ananas Bio - 6 mois 4x90g","p":3.85,"u":"10,69 €/KG","img":"https://fd15-photos.leclercdrive.fr/image.ashx?id=2102929&use=l&cat=p&typeid=i","cat":312392},{"id":155772,"n":"Spray Détachant à Sec Vanish  500ml","p":7.6,"u":"15,20 €/L","img":"https://fd15-photos.leclercdrive.fr/image.ashx?id=2680410&use=l&cat=p&typeid=i","cat":284651},{"id":155776,"n":"Shampoing Le Petit Marseillais  Calendula & coco - 250ml","p":4.1,"u":"16,40 €/L","img":"https://fd15-photos.leclercdrive.fr/image.ashx?id=2684173&use=l&cat=p&typeid=i","cat":284606},{"id":155778,"n":"Masque Le Petit Marseillais  Miel & karite - 300ml","p":10.6,"u":"35,33 €/L","img":"https://fd15-photos.leclercdrive.fr/image.ashx?id=2787185&use=l&cat=p&typeid=i","cat":284608},{"id":155792,"n":"Compote bébé Blédina 4-6 mois Pomme coing - 4x130g","p":4.69,"u":"9,02 €/KG","img":"https://fd15-photos.leclercdrive.fr/image.ashx?id=2911205&use=l&cat=p&typeid=i","cat":312387},{"id":155793,"n":"Compote bébé Blédina 4-6 mois Pomme pruneau - 4x130g","p":4.2,"u":"8,08 €/KG","img":"https://fd15-photos.leclercdrive.fr/image.ashx?id=2911202&use=l&cat=p&typeid=i","cat":312387},{"id":155817,"n":"Boisson végétale Alpro avoine sans sucres - 1l","p":2.39,"u":"2,39 €/L","img":"https://fd15-photos.leclercdrive.fr/image.ashx?id=2790252&use=l&cat=p&typeid=i","cat":316067},{"id":155900,"n":"Boisson aux Fruits Jafun Tropical - 10x20cl","p":4.79,"u":"2,40 €/L","img":"https://fd15-photos.leclercdrive.fr/image.ashx?id=2992567&use=l&cat=p&typeid=i","cat":295018},{"id":155912,"n":"Ficelle sur carte dévidoir 60m - x1","p":2.9,"img":"https://fd15-photos.leclercdrive.fr/image.ashx?id=2118093&use=l&cat=p&typeid=i","cat":334135},{"id":155971,"n":"Autocuiseur 8L x1","p":105.9,"img":"https://fd15-photos.leclercdrive.fr/image.ashx?id=2132217&use=l&cat=p&typeid=i","cat":298490},{"id":155984,"n":"Autocuiseur 4,5L x1","p":105.9,"img":"https://fd15-photos.leclercdrive.fr/image.ashx?id=2118033&use=l&cat=p&typeid=i","cat":298490},{"id":155987,"n":"Plat à four rectangulaire Pyrex 39x25cm","p":24.9,"img":"https://fd15-photos.leclercdrive.fr/image.ashx?id=2657493&use=l&cat=p&typeid=i","cat":298490},{"id":156022,"n":"Soda Coca Cola Cherry Canette 6x33cl","p":7.79,"u":"3,93 €/L","img":"https://fd15-photos.leclercdrive.fr/image.ashx?id=2997226&use=l&cat=p&typeid=i","cat":284530},{"id":156028,"n":"Sucre Poudre Daddy Extra Fin profil pack 750g","p":3.15,"u":"4,20 €/KG","img":"https://fd15-photos.leclercdrive.fr/image.ashx?id=2936074&use=l&cat=p&typeid=i","cat":284502},{"id":156047,"n":"Sardines  Connétable Huile d'olive et échalotes 135g","p":3.15,"u":"23,33 €/KG","img":"https://fd15-photos.leclercdrive.fr/image.ashx?id=2902711&use=l&cat=p&typeid=i","cat":305146},{"id":156106,"n":"Cassoulet Maison Rivière Toulousain au porc - 840g","p":9.35,"u":"11,13 €/KG","img":"https://fd15-photos.leclercdrive.fr/image.ashx?id=2734228&use=l&cat=p&typeid=i","cat":284440},{"id":156117,"n":"Crème UHT Elle&Vire Fluide Légère - 12% MG - 1L","p":5.28,"u":"5,28 €/L","img":"https://fd15-photos.leclercdrive.fr/image.ashx?id=2832098&use=l&cat=p&typeid=i","cat":284381},{"id":156137,"n":"Soda Coca-Cola Light canettes - 6x33cl","p":6.69,"u":"3,38 €/L","img":"https://fd15-photos.leclercdrive.fr/image.ashx?id=2194427&use=l&cat=p&typeid=i","cat":284530},{"id":156151,"n":"Cônes Extrême Sundae Caramel - 438g","p":4.79,"u":"10,94 €/KG","img":"https://fd15-photos.leclercdrive.fr/image.ashx?id=2844034&use=l&cat=p&typeid=i","cat":284264},{"id":156165,"n":"Sauce bolognaise Bolo Balls 400g","p":3.89,"u":"9,73 €/KG","img":"https://fd15-photos.leclercdrive.fr/image.ashx?id=2918571&use=l&cat=p&typeid=i","cat":287599},{"id":156175,"n":"Doomino St Michel Chocolat - x6","p":3.2,"u":"17,78 €/KG","img":"https://fd15-photos.leclercdrive.fr/image.ashx?id=2949979&use=l&cat=p&typeid=i","cat":284495},{"id":156188,"n":"Préparation Flan Pâtissier alsa Vanille - 740g","p":3.93,"u":"5,31 €/KG","img":"https://fd15-photos.leclercdrive.fr/image.ashx?id=2790591&use=l&cat=p&typeid=i","cat":284505},{"id":156189,"n":"Préparation Gâteau alsa Brownies - 305g","p":6.2,"u":"20,33 €/KG","img":"https://fd15-photos.leclercdrive.fr/image.ashx?id=2996440&use=l&cat=p&typeid=i","cat":284505},{"id":156193,"n":"Farine blé T45 Francine 750g","p":2.19,"u":"2,92 €/KG","img":"https://fd15-photos.leclercdrive.fr/image.ashx?id=2989141&use=l&cat=p&typeid=i","cat":284503},{"id":156200,"n":"Wraps Old El Paso de blé nature format familial x10 - 580g","p":5.66,"u":"9,76 €/KG","img":"https://fd15-photos.leclercdrive.fr/image.ashx?id=2745352&use=l&cat=p&typeid=i","cat":288993},{"id":156223,"n":"Croquette Truite One Sterilcat Indoor formula","p":21.09,"u":"7,03 €/KG","img":"https://fd15-photos.leclercdrive.fr/image.ashx?id=2488076&use=l&cat=p&typeid=i","cat":284680},{"id":156226,"n":"Croquette chat Purina One Dual Nature cranberry 1,4kg","p":11.59,"u":"8,28 €/KG","img":"https://fd15-photos.leclercdrive.fr/image.ashx?id=2868155&use=l&cat=p&typeid=i","cat":284680},{"id":156271,"n":"Smarties Hexatube Bonbons Chocolat - 6x34g","p":3.95,"u":"19,36 €/KG","img":"https://fd15-photos.leclercdrive.fr/image.ashx?id=2917690&use=l&cat=p&typeid=i","cat":304238},{"id":156317,"n":"Bâtonnets Poisson  Croustibat pané Findus Cabillaud-x18 450g","p":6.18,"u":"13,73 €/P","img":"https://fd15-photos.leclercdrive.fr/image.ashx?id=2653720&use=l&cat=p&typeid=i","cat":319788},{"id":156339,"n":"Café solubleL'Or Classique Sticks - 235g","p":9.89,"u":"68,68 €/KG","img":"https://fd15-photos.leclercdrive.fr/image.ashx?id=2115929&use=l&cat=p&typeid=i","cat":284843},{"id":156397,"n":"Glaces Ferrero Rocher x4 chocolat lait noisettes - 200g","p":4.95,"img":"https://fd15-photos.leclercdrive.fr/image.ashx?id=2759065&use=l&cat=p&typeid=i","cat":284265},{"id":156415,"n":"Bâtonnet Raffaello  Noix de coco amandes x4 - 188g","p":4.95,"u":"26,33 €/KG","img":"https://fd15-photos.leclercdrive.fr/image.ashx?id=2863890&use=l&cat=p&typeid=i","cat":284265},{"id":156424,"n":"Camembert Les Croisés   A chauffer - 250g","p":4.95,"u":"19,80 €/KG","img":"https://fd15-photos.leclercdrive.fr/image.ashx?id=2793299&use=l&cat=p&typeid=i","cat":314037},{"id":156477,"n":"Duo de Haricots Verts & Beurre Bonduelle -750g","p":3.65,"u":"4,87 €/KG","img":"https://fd15-photos.leclercdrive.fr/image.ashx?id=2910049&use=l&cat=p&typeid=i","cat":319805},{"id":156493,"n":"Petit pot bébé Blédina 6 mois  Légumes bœuf - 2x200g","p":3.25,"u":"8,13 €/KG","img":"https://fd15-photos.leclercdrive.fr/image.ashx?id=2968091&use=l&cat=p&typeid=i","cat":312236},{"id":156497,"n":"Petit pot bébé Blédina 8 mois Riz ratatouille poisson -2x200g","p":3.25,"u":"8,13 €/KG","img":"https://fd15-photos.leclercdrive.fr/image.ashx?id=2911208&use=l&cat=p&typeid=i","cat":312236},{"id":156498,"n":"Compote bébé Blédina 4-6 mois Pomme poire - 4x130g","p":4.2,"u":"8,08 €/KG","img":"https://fd15-photos.leclercdrive.fr/image.ashx?id=2911873&use=l&cat=p&typeid=i","cat":312387},{"id":156499,"n":"Petit pot bébé Blédina 8 mois Légumes poulet - 2x200g","p":3.25,"u":"8,13 €/KG","img":"https://fd15-photos.leclercdrive.fr/image.ashx?id=2935765&use=l&cat=p&typeid=i","cat":312236},{"id":156501,"n":"Petit pot bébé Blédina 6 mois Légumes jambon - 2x200g","p":3.34,"u":"8,35 €/KG","img":"https://fd15-photos.leclercdrive.fr/image.ashx?id=2948767&use=l&cat=p&typeid=i","cat":312236},{"id":156505,"n":"Gaspacho rouge Bio La Potagère 1L","p":4.8,"u":"4,80 €/L","img":"https://fd15-photos.leclercdrive.fr/image.ashx?id=2844043&use=l&cat=p&typeid=i","cat":284355},{"id":156527,"n":"Capsules Starbucks by Nespresso  Blonde Espresso Int 6 - x18","p":11.2,"u":"119,15 €/KG","img":"https://fd15-photos.leclercdrive.fr/image.ashx?id=2668177&use=l&cat=p&typeid=i","cat":284749},{"id":156528,"n":"Petit pot bébé Blédina 4-6 mois Carotte - 2x130g","p":2.8,"u":"10,77 €/KG","img":"https://fd15-photos.leclercdrive.fr/image.ashx?id=2911870&use=l&cat=p&typeid=i","cat":312234},{"id":156538,"n":"Compote bébé Blédina 6 mois  Aux fruits - 4x130g","p":4.2,"u":"8,08 €/KG","img":"https://fd15-photos.leclercdrive.fr/image.ashx?id=2911196&use=l&cat=p&typeid=i","cat":312388},{"id":156539,"n":"Petit pot bébé Blédina 6 mois Semoule carotte dinde - 2x200g","p":3.15,"u":"7,88 €/KG","img":"https://fd15-photos.leclercdrive.fr/image.ashx?id=2935774&use=l&cat=p&typeid=i","cat":312236},{"id":156540,"n":"Petit pot bébé Blédina 6 mois Patate douce carotte-2x200g","p":2.95,"u":"7,38 €/KG","img":"https://fd15-photos.leclercdrive.fr/image.ashx?id=2951617&use=l&cat=p&typeid=i","cat":312235},{"id":156541,"n":"Petit pot bébé Blédina 6 mois Purée de panais dinde - 2x200g","p":3.25,"u":"8,13 €/KG","img":"https://fd15-photos.leclercdrive.fr/image.ashx?id=2951611&use=l&cat=p&typeid=i","cat":312236},{"id":156550,"n":"Petites Tartelettes Bonne Maman Chocolat caramel - 250g","p":4.35,"u":"17,40 €/KG","img":"https://fd15-photos.leclercdrive.fr/image.ashx?id=2962302&use=l&cat=p&typeid=i","cat":284488},{"id":156563,"n":"Petit pot bébé Blédina 6 mois Purée carotte jambon - 2x200g","p":3.34,"u":"8,35 €/KG","img":"https://fd15-photos.leclercdrive.fr/image.ashx?id=2935762&use=l&cat=p&typeid=i","cat":312236},{"id":156564,"n":"Petit pot bébé Blédina 6 mois Riz tomate poulet - 2x200g","p":3.25,"u":"8,13 €/KG","img":"https://fd15-photos.leclercdrive.fr/image.ashx?id=2951614&use=l&cat=p&typeid=i","cat":312236},{"id":156598,"n":"Biscuits fourrés bio Jardin Bio Chocolat - 300g","p":4.85,"u":"16,17 €/KG","img":"https://fd15-photos.leclercdrive.fr/image.ashx?id=2903353&use=l&cat=p&typeid=i","cat":284488},{"id":156638,"n":"Emincés de truites fumé ASC Ronde des Mers - 100g","p":9.39,"u":"93,90 €/KG","img":"https://fd15-photos.leclercdrive.fr/image.ashx?id=2953638&use=l&cat=p&typeid=i","cat":285188},{"id":157099,"n":"3piqure 96pages Mimesys Grands carreaux  24X32cm -x3","p":9.54,"img":"https://fd15-photos.leclercdrive.fr/image.ashx?id=2121917&use=l&cat=p&typeid=i","cat":284697},{"id":157109,"n":"Cahier piqure 96pages Mimesys Petits carreaux - 24X32cm -x3","p":11.01,"img":"https://fd15-photos.leclercdrive.fr/image.ashx?id=2121920&use=l&cat=p&typeid=i","cat":284697},{"id":157137,"n":"Recharges Frixion  x9","p":15.7,"img":"https://fd15-photos.leclercdrive.fr/image.ashx?id=2545409&use=l&cat=p&typeid=i","cat":284696},{"id":157138,"n":"Recharges Frixion  x9","p":15.7,"img":"https://fd15-photos.leclercdrive.fr/image.ashx?id=2546392&use=l&cat=p&typeid=i","cat":284696},{"id":157140,"n":"Roller Frixion ball clicker Bleu","p":8.99,"img":"https://fd15-photos.leclercdrive.fr/image.ashx?id=2578019&use=l&cat=p&typeid=i","cat":284696},{"id":157141,"n":"Roller Frixion ball clicker Noir","p":8.95,"img":"https://fd15-photos.leclercdrive.fr/image.ashx?id=2578022&use=l&cat=p&typeid=i","cat":284696},{"id":157143,"n":"Roller Frixion ball Noir + 1 etui","p":6.86,"img":"https://fd15-photos.leclercdrive.fr/image.ashx?id=2573495&use=l&cat=p&typeid=i","cat":284696},{"id":157161,"n":"Roller effaçable Bic Vert - +6 recharges","p":7.34,"img":"https://fd15-photos.leclercdrive.fr/image.ashx?id=2146465&use=l&cat=p&typeid=i","cat":284696},{"id":157162,"n":"Roller effaçable Bic Noir - +6 recharges","p":7.34,"img":"https://fd15-photos.leclercdrive.fr/image.ashx?id=2147864&use=l&cat=p&typeid=i","cat":284696},{"id":157163,"n":"Stylo-bille 4 couleurs Bic 1 stylo + 2 coques","p":7.34,"img":"https://fd15-photos.leclercdrive.fr/image.ashx?id=2407100&use=l&cat=p&typeid=i","cat":284696},{"id":157328,"n":"Gourde brassé bio Bio Village Nature sucré - 4x85g","p":4.73,"u":"13,91 €/KG","img":"https://fd15-photos.leclercdrive.fr/image.ashx?id=2704858&use=l&cat=p&typeid=i","cat":312393},{"id":157506,"n":"Tube de peinture Esquisse  Blanc - 20ml","p":1.19,"img":"https://fd15-photos.leclercdrive.fr/image.ashx?id=2124131&use=l&cat=p&typeid=i","cat":334133},{"id":157507,"n":"Tube de peinture Esquisse  Noir - 20ml","p":1.56,"img":"https://fd15-photos.leclercdrive.fr/image.ashx?id=2124134&use=l&cat=p&typeid=i","cat":334133},{"id":157528,"n":"Pot à peinture Esquisse Rouge - 230 ml","p":1.69,"img":"https://fd15-photos.leclercdrive.fr/image.ashx?id=2131404&use=l&cat=p&typeid=i","cat":334133},{"id":157737,"n":"Lingettes Démaquillantes Nivea Peaux Sèches - x20","p":5.15,"u":"0,26 €/P","img":"https://fd15-photos.leclercdrive.fr/image.ashx?id=3005227&use=l&cat=p&typeid=i","cat":284603},{"id":157778,"n":"Fromage de brebis Lou Pérac 6 tranches - 120g","p":4.91,"u":"40,92 €/KG","img":"https://fd15-photos.leclercdrive.fr/image.ashx?id=2758843&use=l&cat=p&typeid=i","cat":314028},{"id":157801,"n":"Sac poubelle Alfapac Maxi poids 40L - x15","p":3.1,"u":"0,21 €/P","img":"https://fd15-photos.leclercdrive.fr/image.ashx?id=2526896&use=l&cat=p&typeid=i","cat":285168},{"id":157960,"n":"Infusion minceur Bio Village Bio - x20 - 30g","p":2.4,"u":"80,00 €/KG","img":"https://fd15-photos.leclercdrive.fr/image.ashx?id=2553935&use=l&cat=p&typeid=i","cat":293234},{"id":157968,"n":"Capsules café Plantation Espresso Caramel n°7- x10 - 52g","p":3.54,"u":"68,08 €/KG","img":"https://fd15-photos.leclercdrive.fr/image.ashx?id=2418158&use=l&cat=p&typeid=i","cat":284749},{"id":157973,"n":"Capsules café Plantation Lungo Forte n°8 - x10 - 52g","p":3.54,"u":"68,08 €/KG","img":"https://fd15-photos.leclercdrive.fr/image.ashx?id=2418152&use=l&cat=p&typeid=i","cat":284749},{"id":157981,"n":"Boisson P'tit Déli Instantanée chocolatée 450g","p":4.39,"u":"9,76 €/KG","img":"https://fd15-photos.leclercdrive.fr/image.ashx?id=2130015&use=l&cat=p&typeid=i","cat":293235},{"id":157982,"n":"Boisson P'tit Déli Instantanée chocolatée - 1kg","p":6.09,"u":"6,09 €/KG","img":"https://fd15-photos.leclercdrive.fr/image.ashx?id=2124642&use=l&cat=p&typeid=i","cat":293235},{"id":158136,"n":"Jus multifruits nectar Jafaden Sans sucres ajoutés - 1L","p":2.49,"u":"2,49 €/L","img":"https://fd15-photos.leclercdrive.fr/image.ashx?id=2956780&use=l&cat=p&typeid=i","cat":284917},{"id":158143,"n":"Bière menthe Desperados Virgin Mojito - 00%vol - 3x33cl","p":6.65,"u":"6,72 €/L","img":"https://fd15-photos.leclercdrive.fr/image.ashx?id=2975164&use=l&cat=p&typeid=i","cat":334877},{"id":158195,"n":"Assouplissant Biovie Concentré à l'aloe vera bio -1L","p":5.24,"u":"5,24 €/L","img":"https://fd15-photos.leclercdrive.fr/image.ashx?id=2849977&use=l&cat=p&typeid=i","cat":284650},{"id":158220,"n":"Rhum Havana Club 3 ans 37,5% vol - 70cl","p":21.95,"u":"31,36 €/L","img":"https://fd15-photos.leclercdrive.fr/image.ashx?id=2874096&use=l&cat=p&typeid=i","cat":284550},{"id":158316,"n":"Stick lèvres Dermophil Réparateur Protecteur- 2 pièces","p":8.78,"u":"548,75 €/KG","img":"https://fd15-photos.leclercdrive.fr/image.ashx?id=2939772&use=l&cat=p&typeid=i","cat":285485},{"id":158319,"n":"Nettoyant visage solide Nivea Rafraîchissant - 75g","p":8.15,"u":"108,67 €/KG","img":"https://fd15-photos.leclercdrive.fr/image.ashx?id=2859734&use=l&cat=p&typeid=i","cat":284603},{"id":158391,"n":"Nuggets végétaux HappyVore - 210g","p":5.17,"u":"24,62 €/KG","img":"https://fd15-photos.leclercdrive.fr/image.ashx?id=2965241&use=l&cat=p&typeid=i","cat":316036},{"id":158521,"n":"Savon liquide Le Petit Olivier Lavande - 300ml","p":4.14,"u":"13,80 €/L","img":"https://fd15-photos.leclercdrive.fr/image.ashx?id=2684509&use=l&cat=p&typeid=i","cat":284594},{"id":158536,"n":"Nuggets de poisson Cité Marine Pané MSC - 200g","p":5.1,"u":"25,50 €/KG","img":"https://fd15-photos.leclercdrive.fr/image.ashx?id=2873387&use=l&cat=p&typeid=i","cat":284344},{"id":158632,"n":"Couronne de crevettes Delpierre ASC sauce fines herbes - 130g","p":11.5,"u":"88,46 €/KG","img":"https://fd15-photos.leclercdrive.fr/image.ashx?id=2772014&use=l&cat=p&typeid=i","cat":284343},{"id":158684,"n":"Bière blanche Affligem 6x25cl - 4.8%vol","p":7.85,"u":"5,23 €/L","img":"https://fd15-photos.leclercdrive.fr/image.ashx?id=2762055&use=l&cat=p&typeid=i","cat":334878},{"id":158715,"n":"Doomino St Michel Choco Noisette x6 - 180g","p":2.93,"u":"16,28 €/KG","img":"https://fd15-photos.leclercdrive.fr/image.ashx?id=2953495&use=l&cat=p&typeid=i","cat":284495},{"id":158779,"n":"Céréales Fitness  Chocolat au lait - 450g","p":4.06,"u":"9,02 €/KG","img":"https://fd15-photos.leclercdrive.fr/image.ashx?id=2922167&use=l&cat=p&typeid=i","cat":309512},{"id":158781,"n":"Céréales Fitness  Chocolat noir - 450g","p":4.31,"u":"9,58 €/KG","img":"https://fd15-photos.leclercdrive.fr/image.ashx?id=2922170&use=l&cat=p&typeid=i","cat":309512},{"id":158788,"n":"Noisette décortiquée Vahiné 125g","p":4.75,"u":"38,00 €/KG","img":"https://fd15-photos.leclercdrive.fr/image.ashx?id=2559814&use=l&cat=p&typeid=i","cat":284504},{"id":158789,"n":"Levure boulanger Vahiné x6 - 48g","p":2.1,"u":"43,75 €/KG","img":"https://fd15-photos.leclercdrive.fr/image.ashx?id=2559793&use=l&cat=p&typeid=i","cat":294686},{"id":158791,"n":"Poivre noir grain Ducros 200g - n°6","p":9.85,"u":"49,25 €/KG","img":"https://fd15-photos.leclercdrive.fr/image.ashx?id=2486599&use=l&cat=p&typeid=i","cat":284457},{"id":158798,"n":"Dessert bébé végétal Blédina 6m Lait coco mangue - 4x95g","p":4.15,"u":"10,92 €/KG","img":"https://fd15-photos.leclercdrive.fr/image.ashx?id=2682929&use=l&cat=p&typeid=i","cat":312392},{"id":158803,"n":"Rotella Haribo Sachet bonbons réglisse - 300g","p":2.09,"u":"6,97 €/KG","img":"https://fd15-photos.leclercdrive.fr/image.ashx?id=2982402&use=l&cat=p&typeid=i","cat":304250},{"id":158815,"n":"Biscuits à thé Delacre Tea Time Boîte Assortiment - 500g","p":12.45,"u":"24,90 €/KG","img":"https://fd15-photos.leclercdrive.fr/image.ashx?id=2133524&use=l&cat=p&typeid=i","cat":284490},{"id":158817,"n":"Capsules café L'Or Espresso Bio N°7 x10","p":5.74,"u":"110,38 €/KG","img":"https://fd15-photos.leclercdrive.fr/image.ashx?id=2133545&use=l&cat=p&typeid=i","cat":284749},{"id":158834,"n":"Céréales Fitness Nature 475g","p":4.4,"u":"9,26 €/KG","img":"https://fd15-photos.leclercdrive.fr/image.ashx?id=2874084&use=l&cat=p&typeid=i","cat":309512},{"id":158837,"n":"Céréales Chocapic Nestlé Pack 6x30g","p":3.52,"u":"19,56 €/KG","img":"https://fd15-photos.leclercdrive.fr/image.ashx?id=2995436&use=l&cat=p&typeid=i","cat":309513},{"id":158845,"n":"Compote bébé Blédina 4-6 mois Pomme pêche - 4x130g","p":4.2,"u":"8,08 €/KG","img":"https://fd15-photos.leclercdrive.fr/image.ashx?id=2911199&use=l&cat=p&typeid=i","cat":312387},{"id":158858,"n":"Steak haché Maître coq 100% poulet x4 - 400g","p":5.35,"u":"13,38 €/KG","img":"https://fd15-photos.leclercdrive.fr/image.ashx?id=2136250&use=l&cat=p&typeid=i","cat":319780},{"id":158911,"n":"Sucette Physiologique Tigex Mickey +18M  - x2","p":7.9,"u":"3,95 €/P","img":"https://fd15-photos.leclercdrive.fr/image.ashx?id=2400151&use=l&cat=p&typeid=i","cat":284743},{"id":158920,"n":"Petit pot bébé Blédina 6 mois Semoule épinards merlu - 2x200g","p":3.25,"u":"8,13 €/KG","img":"https://fd15-photos.leclercdrive.fr/image.ashx?id=2935759&use=l&cat=p&typeid=i","cat":312236},{"id":158937,"n":"Sauce Tikka Masala Patak's 450g","p":4.27,"u":"9,49 €/KG","img":"https://fd15-photos.leclercdrive.fr/image.ashx?id=2593698&use=l&cat=p&typeid=i","cat":289012},{"id":158949,"n":"Gaufres aux oeufs Lotus 371g","p":5.13,"u":"13,83 €/KG","img":"https://fd15-photos.leclercdrive.fr/image.ashx?id=2133849&use=l&cat=p&typeid=i","cat":294777},{"id":158966,"n":"Rainbow Pik Haribo  Sachet bonbons acidulés - 200g","p":3.09,"u":"15,45 €/KG","img":"https://fd15-photos.leclercdrive.fr/image.ashx?id=2982408&use=l&cat=p&typeid=i","cat":304250},{"id":158970,"n":"Sauce Tomacouli Panzani - 200G","p":0.95,"u":"4,75 €/KG","img":"https://fd15-photos.leclercdrive.fr/image.ashx?id=2872853&use=l&cat=p&typeid=i","cat":288384},{"id":158982,"n":"Petit pot bébé Blédina 4-6 mois Purée de poireau - 2x130g","p":2.05,"u":"7,88 €/KG","img":"https://fd15-photos.leclercdrive.fr/image.ashx?id=2911190&use=l&cat=p&typeid=i","cat":312234},{"id":159006,"n":"Tartinade Hénaff Pois chiche - 130g","p":3.94,"u":"30,31 €/KG","img":"https://fd15-photos.leclercdrive.fr/image.ashx?id=2533823&use=l&cat=p&typeid=i","cat":284451},{"id":159007,"n":"Tartinade Hénaff Tomate basilic romarin - 130g","p":3.59,"u":"27,62 €/KG","img":"https://fd15-photos.leclercdrive.fr/image.ashx?id=2136577&use=l&cat=p&typeid=i","cat":284451},{"id":159008,"n":"Tartinade Hénaff Artichaut sésame thym - 90g","p":3.49,"u":"38,78 €/KG","img":"https://fd15-photos.leclercdrive.fr/image.ashx?id=2672395&use=l&cat=p&typeid=i","cat":284451},{"id":159009,"n":"Tartinade Hénaff Butternut amande - 130g","p":3.49,"u":"26,85 €/KG","img":"https://fd15-photos.leclercdrive.fr/image.ashx?id=3008671&use=l&cat=p&typeid=i","cat":284451},{"id":159010,"n":"Tartinade Hénaff Courgette cajou - 130g","p":3.49,"u":"26,85 €/KG","img":"https://fd15-photos.leclercdrive.fr/image.ashx?id=2469707&use=l&cat=p&typeid=i","cat":284451},{"id":159085,"n":"Savon liquide Le Petit Olivier Fleur d'Oranger - 300ml","p":3.91,"u":"13,03 €/L","img":"https://fd15-photos.leclercdrive.fr/image.ashx?id=2683796&use=l&cat=p&typeid=i","cat":284597},{"id":159152,"n":"Cahier spirales Esquisse Vert  -100 pages 21x29.7cm","p":2.61,"img":"https://fd15-photos.leclercdrive.fr/image.ashx?id=2138049&use=l&cat=p&typeid=i","cat":284697},{"id":159218,"n":"Cabillaud surgelé Filets Findus MSC - x4 - 400g","p":14.99,"u":"37,48 €/P","img":"https://fd15-photos.leclercdrive.fr/image.ashx?id=2735344&use=l&cat=p&typeid=i","cat":319786},{"id":159316,"n":"Brochettes de crevettes Miti Sauce ail et persil - 125g","p":8.95,"u":"71,60 €/KG","img":"https://fd15-photos.leclercdrive.fr/image.ashx?id=2747067&use=l&cat=p&typeid=i","cat":284343},{"id":159359,"n":"Pommes Dauphine Findus 200g","p":2.49,"u":"12,45 €/KG","img":"https://fd15-photos.leclercdrive.fr/image.ashx?id=2985345&use=l&cat=p&typeid=i","cat":319792},{"id":159374,"n":"Pavé saumon fumé ASC Mowi 220g","p":17.95,"u":"81,59 €/KG","img":"https://fd15-photos.leclercdrive.fr/image.ashx?id=2750069&use=l&cat=p&typeid=i","cat":284342},{"id":159382,"n":"Pavé saumon mi-cuit Mowi Thaï - ASC - 220g","p":21.95,"u":"99,77 €/KG","img":"https://fd15-photos.leclercdrive.fr/image.ashx?id=3012227&use=l&cat=p&typeid=i","cat":284342},{"id":159394,"n":"Amandes émondées Vahiné 125g","p":5.15,"u":"41,20 €/KG","img":"https://fd15-photos.leclercdrive.fr/image.ashx?id=2606250&use=l&cat=p&typeid=i","cat":284357},{"id":159401,"n":"Chips Lay's à l'ancienne Maxi format - 370g","p":4.2,"u":"11,35 €/KG","img":"https://fd15-photos.leclercdrive.fr/image.ashx?id=2996593&use=l&cat=p&typeid=i","cat":284447},{"id":159402,"n":"Chips Lay's paysannes Maxi format - 370g","p":3.99,"u":"10,78 €/KG","img":"https://fd15-photos.leclercdrive.fr/image.ashx?id=2843989&use=l&cat=p&typeid=i","cat":284447},{"id":159409,"n":"Amande éffilée grillée Vahiné 100g","p":5.3,"u":"53,00 €/KG","img":"https://fd15-photos.leclercdrive.fr/image.ashx?id=2387597&use=l&cat=p&typeid=i","cat":284357},{"id":159416,"n":"Thym Ducros Grand flacon - 85g","p":5.0,"u":"58,82 €/KG","img":"https://fd15-photos.leclercdrive.fr/image.ashx?id=2486557&use=l&cat=p&typeid=i","cat":298297},{"id":159423,"n":"Préparation Flan Entremets alsa Pistache - 192g","p":1.89,"u":"10,50 €/KG","img":"https://fd15-photos.leclercdrive.fr/image.ashx?id=2939181&use=l&cat=p&typeid=i","cat":284504},{"id":159448,"n":"Boisson aux fruits Jafun Pomme Cassis Framboise - 2L","p":3.39,"u":"1,70 €/L","img":"https://fd15-photos.leclercdrive.fr/image.ashx?id=2956924&use=l&cat=p&typeid=i","cat":295018},{"id":159506,"n":"Ravioli bolognaise Turini 300g","p":3.59,"u":"11,97 €/KG","img":"https://fd15-photos.leclercdrive.fr/image.ashx?id=2778093&use=l&cat=p&typeid=i","cat":333682},{"id":159548,"n":"Veau haché BioYooji 6 mois - 80g","p":7.4,"u":"92,50 €/KG","img":"https://fd15-photos.leclercdrive.fr/image.ashx?id=2832260&use=l&cat=p&typeid=i","cat":290631},{"id":159627,"n":"Fromage Fol Epi  Originale 8 Tranches - 150g","p":2.56,"u":"17,07 €/KG","img":"https://fd15-photos.leclercdrive.fr/image.ashx?id=2456801&use=l&cat=p&typeid=i","cat":314028},{"id":159630,"n":"Pomme de terre Eco+ Epluchées - 1kg","p":2.59,"u":"2,59 €/KG","img":"https://fd15-photos.leclercdrive.fr/image.ashx?id=2712422&use=l&cat=p&typeid=i","cat":284352},{"id":159631,"n":"Betterave Eco+ 2x500g","p":2.1,"u":"2,10 €/KG","img":"https://fd15-photos.leclercdrive.fr/image.ashx?id=2669663&use=l&cat=p&typeid=i","cat":284352},{"id":159702,"n":"Piles alcalines Duracell Plus 9V 6LR61 MN1604 - x1","p":3.99,"img":"https://fd15-photos.leclercdrive.fr/image.ashx?id=2929113&use=l&cat=p&typeid=i","cat":300572},{"id":159722,"n":"Gel douche bio I love Bio Fleur coton - 500ml","p":7.95,"u":"15,90 €/L","img":"https://fd15-photos.leclercdrive.fr/image.ashx?id=2141170&use=l&cat=p&typeid=i","cat":284594},{"id":159723,"n":"Gel douche bio I love Bio Passion - 500ml","p":7.95,"u":"15,90 €/L","img":"https://fd15-photos.leclercdrive.fr/image.ashx?id=2141173&use=l&cat=p&typeid=i","cat":284594},{"id":159735,"n":"Pomme Framboise Bio Good Goût - Gourde - 120g","p":2.59,"u":"21,58 €/KG","img":"https://fd15-photos.leclercdrive.fr/image.ashx?id=2736103&use=l&cat=p&typeid=i","cat":312387},{"id":159736,"n":"Biscuits Animaux Good Goût Bio Huile essentielles Citron 80g","p":4.82,"u":"60,25 €/KG","img":"https://fd15-photos.leclercdrive.fr/image.ashx?id=2697216&use=l&cat=p&typeid=i","cat":312227},{"id":159798,"n":"Stylo roller Frixion Ball Pilot Corail x1 + 3 recharges","p":7.25,"img":"https://fd15-photos.leclercdrive.fr/image.ashx?id=2935984&use=l&cat=p&typeid=i","cat":284696},{"id":159892,"n":"Petits pots bébé P'TITE RECETTE Risotto 8M+ - 2x200g","p":2.89,"u":"7,23 €/KG","img":"https://fd15-photos.leclercdrive.fr/image.ashx?id=2737132&use=l&cat=p&typeid=i","cat":312236},{"id":159899,"n":"Biscuit caramel P'tit Déli Beurre salé - 120g","p":3.95,"u":"32,92 €/KG","img":"https://fd15-photos.leclercdrive.fr/image.ashx?id=2141738&use=l&cat=p&typeid=i","cat":284487},{"id":159903,"n":"Boisson aux fruits Jafun Tropical - 2L","p":3.59,"u":"1,80 €/L","img":"https://fd15-photos.leclercdrive.fr/image.ashx?id=2897835&use=l&cat=p&typeid=i","cat":295018},{"id":159921,"n":"Céréales Jordans Country Crisp Framboises - 500g","p":4.11,"u":"8,22 €/KG","img":"https://fd15-photos.leclercdrive.fr/image.ashx?id=2966773&use=l&cat=p&typeid=i","cat":309512},{"id":159924,"n":"Céréales Jordans Granola Chocolat Noir - 400g","p":4.61,"u":"11,53 €/KG","img":"https://fd15-photos.leclercdrive.fr/image.ashx?id=2478784&use=l&cat=p&typeid=i","cat":309512},{"id":159938,"n":"Desserts Lactés P'TIT BRASSE   Fraise BIO 6M+ - 4x90g","p":2.7,"u":"30,00 €/KG","img":"https://fd15-photos.leclercdrive.fr/image.ashx?id=2510202&use=l&cat=p&typeid=i","cat":312392},{"id":159950,"n":"Desserts Lactés P'TIT GOURMAND  BIO Cacao  6M+ - 4x90g","p":2.19,"u":"24,33 €/KG","img":"https://fd15-photos.leclercdrive.fr/image.ashx?id=2481691&use=l&cat=p&typeid=i","cat":312392},{"id":159952,"n":"Chocolat noir Côte d'Or Noix de pécan & Noisettes 180g","p":6.95,"u":"38,61 €/KG","img":"https://fd15-photos.leclercdrive.fr/image.ashx?id=2145346&use=l&cat=p&typeid=i","cat":284956},{"id":159954,"n":"Huile moteur Tech 9 5W30 C3 504/507 - 2L","p":21.99,"u":"11,00 €/L","img":"https://fd15-photos.leclercdrive.fr/image.ashx?id=2162681&use=l&cat=p&typeid=i","cat":298253},{"id":159956,"n":"Huile moteur Tech 9 5W30 C3 504/507 - 5L","p":50.29,"u":"10,06 €/L","img":"https://fd15-photos.leclercdrive.fr/image.ashx?id=2148776&use=l&cat=p&typeid=i","cat":298253},{"id":159957,"n":"Huile moteur Tech 9 5W30 C4 6 2L","p":21.35,"u":"10,68 €/L","img":"https://fd15-photos.leclercdrive.fr/image.ashx?id=2162684&use=l&cat=p&typeid=i","cat":298253},{"id":159958,"n":"Huile moteur Tech 9 5W40 Diesel - 5L","p":34.45,"u":"6,89 €/L","img":"https://fd15-photos.leclercdrive.fr/image.ashx?id=2148782&use=l&cat=p&typeid=i","cat":298253},{"id":159959,"n":"Huile moteur Tech 9 5W40 Diesel - 2L","p":13.99,"u":"7,00 €/L","img":"https://fd15-photos.leclercdrive.fr/image.ashx?id=2162687&use=l&cat=p&typeid=i","cat":298253},{"id":159961,"n":"Huile moteur Tech 9 5W40 Essence - 5L","p":35.65,"u":"7,13 €/L","img":"https://fd15-photos.leclercdrive.fr/image.ashx?id=2148785&use=l&cat=p&typeid=i","cat":298253},{"id":159964,"n":"Huile moteur Tech 9 0W30 mixte - 2L","p":27.89,"u":"13,95 €/L","img":"https://fd15-photos.leclercdrive.fr/image.ashx?id=2162693&use=l&cat=p&typeid=i","cat":298253},{"id":159965,"n":"Capsules Starbucks by Nespresso  Colombia Int 7 - x18","p":11.2,"u":"110,89 €/KG","img":"https://fd15-photos.leclercdrive.fr/image.ashx?id=2668174&use=l&cat=p&typeid=i","cat":284749},{"id":159967,"n":"Capsules NESCAFÉ Dolce Gusto Espresso Palermo x16","p":7.35,"u":"65,63 €/KG","img":"https://fd15-photos.leclercdrive.fr/image.ashx?id=2854762&use=l&cat=p&typeid=i","cat":293239},{"id":159975,"n":"Huile tronçonneuse Eco + 5L","p":23.75,"u":"4,75 €/L","img":"https://fd15-photos.leclercdrive.fr/image.ashx?id=2235872&use=l&cat=p&typeid=i","cat":298253},{"id":159976,"n":"Repas Enfant Poulet Et Légumes  P'tite Recette - 2x200g","p":3.49,"u":"17,45 €/KG","img":"https://fd15-photos.leclercdrive.fr/image.ashx?id=2525723&use=l&cat=p&typeid=i","cat":312236},{"id":159980,"n":"Huile moteur Tech 9 10W40 Diesel - 5L","p":31.55,"u":"6,31 €/L","img":"https://fd15-photos.leclercdrive.fr/image.ashx?id=2148767&use=l&cat=p&typeid=i","cat":298253},{"id":159985,"n":"Huile moteur Tech 9 10W40 Essence - 5L","p":32.25,"u":"6,45 €/L","img":"https://fd15-photos.leclercdrive.fr/image.ashx?id=2148770&use=l&cat=p&typeid=i","cat":298253},{"id":159986,"n":"Huile moteur Tech 9 15W40 Diesel - 2L","p":10.25,"u":"5,13 €/L","img":"https://fd15-photos.leclercdrive.fr/image.ashx?id=2162666&use=l&cat=p&typeid=i","cat":298253},{"id":159987,"n":"Huile moteur Tech 9 15W40 Essence - 2L","p":10.8,"u":"5,40 €/L","img":"https://fd15-photos.leclercdrive.fr/image.ashx?id=2162669&use=l&cat=p&typeid=i","cat":298253},{"id":159989,"n":"Huile moteur Tech 9 15W49 Diesel - 5L","p":28.35,"u":"5,67 €/L","img":"https://fd15-photos.leclercdrive.fr/image.ashx?id=2162672&use=l&cat=p&typeid=i","cat":298253},{"id":159990,"n":"Huile moteur Tech 9 15W40 Essence - 5L","p":23.05,"u":"4,61 €/L","img":"https://fd15-photos.leclercdrive.fr/image.ashx?id=2162675&use=l&cat=p&typeid=i","cat":298253},{"id":159991,"n":"Huile moteur Tech 9 5W30 C2 - 2L","p":24.09,"u":"12,05 €/L","img":"https://fd15-photos.leclercdrive.fr/image.ashx?id=2162678&use=l&cat=p&typeid=i","cat":298253},{"id":159992,"n":"Huile moteur Tech 9 5W30 C2 - 5L","p":35.09,"u":"7,02 €/L","img":"https://fd15-photos.leclercdrive.fr/image.ashx?id=2148773&use=l&cat=p&typeid=i","cat":298253},{"id":159993,"n":"Huile moteur Tech 9 5W30 C4 - 5L","p":39.89,"u":"7,98 €/L","img":"https://fd15-photos.leclercdrive.fr/image.ashx?id=2148779&use=l&cat=p&typeid=i","cat":298253},{"id":160106,"n":"Jus innocent  tutti frutti 1.5L","p":5.65,"u":"3,77 €/L","img":"https://fd15-photos.leclercdrive.fr/image.ashx?id=2907449&use=l&cat=p&typeid=i","cat":284354},{"id":160107,"n":"Jus innocent  pomme 1.5L","p":6.35,"u":"4,23 €/L","img":"https://fd15-photos.leclercdrive.fr/image.ashx?id=2893522&use=l&cat=p&typeid=i","cat":284354},{"id":160116,"n":"Crème Brûlée au Rhum Rians De Guadeloupe - 2x100g","p":4.59,"u":"22,95 €/KG","img":"https://fd15-photos.leclercdrive.fr/image.ashx?id=2144290&use=l&cat=p&typeid=i","cat":285041},{"id":160118,"n":"Yaourt grec Delta Nature 10%MG - 300g","p":4.56,"u":"15,20 €/KG","img":"https://fd15-photos.leclercdrive.fr/image.ashx?id=2528789&use=l&cat=p&typeid=i","cat":314999},{"id":160143,"n":"Dessert fruitier Andros Pomme/vanille - 4x100g","p":3.8,"u":"9,50 €/KG","img":"https://fd15-photos.leclercdrive.fr/image.ashx?id=2883937&use=l&cat=p&typeid=i","cat":284416},{"id":160144,"n":"Compotée Bonne Maman Mangue Pêche - 2x130g","p":3.69,"u":"28,38 €/KG","img":"https://fd15-photos.leclercdrive.fr/image.ashx?id=2874030&use=l&cat=p&typeid=i","cat":284416},{"id":160146,"n":"Compote Andros Pomme nature - 8x100g","p":5.15,"u":"6,44 €/KG","img":"https://fd15-photos.leclercdrive.fr/image.ashx?id=2340225&use=l&cat=p&typeid=i","cat":284416},{"id":160147,"n":"Yaourt gourmand Mamie Nova Citron lemon curd - 2x150g","p":2.29,"u":"7,63 €/KG","img":"https://fd15-photos.leclercdrive.fr/image.ashx?id=2144638&use=l&cat=p&typeid=i","cat":284410},{"id":160177,"n":"Madeleines Saint Michel Pépites chocolat - 700g","p":6.71,"u":"9,59 €/KG","img":"https://fd15-photos.leclercdrive.fr/image.ashx?id=2338141&use=l&cat=p&typeid=i","cat":284492},{"id":160238,"n":"Nappage Fruits rouges Vahiné 155g","p":2.95,"u":"19,03 €/KG","img":"https://fd15-photos.leclercdrive.fr/image.ashx?id=2805270&use=l&cat=p&typeid=i","cat":284504},{"id":160396,"n":"Yaourt bifidus Activia céréales Granola amarante - 4x120g","p":3.75,"u":"7,81 €/KG","img":"https://fd15-photos.leclercdrive.fr/image.ashx?id=2792078&use=l&cat=p&typeid=i","cat":315000},{"id":160428,"n":"Lessive liquide fraicheur Epsil 40 lavages - 2L","p":7.39,"u":"3,70 €/L","img":"https://fd15-photos.leclercdrive.fr/image.ashx?id=2602982&use=l&cat=p&typeid=i","cat":284640},{"id":160429,"n":"Lessive liquide printemps Epsil 40 Lavages - 2L","p":7.08,"u":"3,54 €/L","img":"https://fd15-photos.leclercdrive.fr/image.ashx?id=2602988&use=l&cat=p&typeid=i","cat":284640},{"id":160430,"n":"Lessive liquide sensitive Epsil 40 lavages - 2L","p":7.92,"u":"3,96 €/L","img":"https://fd15-photos.leclercdrive.fr/image.ashx?id=2838951&use=l&cat=p&typeid=i","cat":284640},{"id":160681,"n":"Chips Bret's Aro bacon grillé - 125g","p":2.34,"u":"18,72 €/KG","img":"https://fd15-photos.leclercdrive.fr/image.ashx?id=2159583&use=l&cat=p&typeid=i","cat":284447},{"id":160726,"n":"Cerise bigarreau St Mamet 240g","p":4.5,"u":"18,75 €/KG","img":"https://fd15-photos.leclercdrive.fr/image.ashx?id=2628425&use=l&cat=p&typeid=i","cat":284507},{"id":160765,"n":"AOP Côtes de Provence vin rosé Bernard Cordelier - 75 cl","p":7.41,"u":"9,88 €/L","img":"https://fd15-photos.leclercdrive.fr/image.ashx?id=2457647&use=l&cat=p&typeid=i","cat":289558},{"id":160821,"n":"Onion rings Pickers by McCain 350g","p":5.99,"u":"17,11 €/KG","img":"https://fd15-photos.leclercdrive.fr/image.ashx?id=2920024&use=l&cat=p&typeid=i","cat":319822},{"id":160822,"n":"Italian Pops Pickers by McCain Bouchées tomates mozza - 230g","p":4.1,"u":"17,83 €/KG","img":"https://fd15-photos.leclercdrive.fr/image.ashx?id=2911588&use=l&cat=p&typeid=i","cat":319822},{"id":160823,"n":"Nacho cheese Pickers by McCain Triangles fromage poivron 230g","p":4.1,"u":"17,83 €/KG","img":"https://fd15-photos.leclercdrive.fr/image.ashx?id=2752227&use=l&cat=p&typeid=i","cat":319822},{"id":161003,"n":"Mayonnaise Bénédicta Nature - 510g","p":3.41,"u":"6,69 €/KG","img":"https://fd15-photos.leclercdrive.fr/image.ashx?id=2548225&use=l&cat=p&typeid=i","cat":298295},{"id":161006,"n":"Mayonnaise Bénédicta Nature - 585g","p":4.53,"u":"7,74 €/KG","img":"https://fd15-photos.leclercdrive.fr/image.ashx?id=2889664&use=l&cat=p&typeid=i","cat":298295},{"id":161007,"n":"Mayonnaise Bénédicta Nature - 400g","p":3.47,"u":"8,68 €/KG","img":"https://fd15-photos.leclercdrive.fr/image.ashx?id=2548237&use=l&cat=p&typeid=i","cat":298295},{"id":161010,"n":"Cahier piqûre Force 8 17x22 Orange-96p petits carreaux","p":2.39,"img":"https://fd15-photos.leclercdrive.fr/image.ashx?id=2152636&use=l&cat=p&typeid=i","cat":284697},{"id":161011,"n":"Cahier piqûre Force 8 17x22 Bleu - 96p petits carreaux","p":2.39,"img":"https://fd15-photos.leclercdrive.fr/image.ashx?id=2152666&use=l&cat=p&typeid=i","cat":284697},{"id":161012,"n":"Cahier piqûre Force 8 17x22 Jaune - 96p petits carreaux","p":2.39,"img":"https://fd15-photos.leclercdrive.fr/image.ashx?id=2152639&use=l&cat=p&typeid=i","cat":284697},{"id":161013,"n":"Cahier piqûre Force 8 17x22 Vert - 96p petits carreaux","p":2.39,"img":"https://fd15-photos.leclercdrive.fr/image.ashx?id=2152642&use=l&cat=p&typeid=i","cat":284697},{"id":161014,"n":"Cahier piqûre Force 8 17x22 Rose - 96p petits carreaux","p":2.39,"img":"https://fd15-photos.leclercdrive.fr/image.ashx?id=2152645&use=l&cat=p&typeid=i","cat":284697},{"id":161015,"n":"Cahier piqûre Force 8 17x22 Rouge - 96p petits carreaux","p":2.39,"img":"https://fd15-photos.leclercdrive.fr/image.ashx?id=2152648&use=l&cat=p&typeid=i","cat":284697},{"id":161017,"n":"Cahier piqûre Force 8 A4 Bleu marine-96p petits carreaux","p":3.77,"img":"https://fd15-photos.leclercdrive.fr/image.ashx?id=2152657&use=l&cat=p&typeid=i","cat":284697},{"id":161018,"n":"Cahier piqûre Force 8 A4 Vert - 96p petits carreaux","p":3.77,"img":"https://fd15-photos.leclercdrive.fr/image.ashx?id=2152660&use=l&cat=p&typeid=i","cat":284697},{"id":161019,"n":"Cahier piqûre Force 8 A4 Rouge - 96p petits carreaux","p":3.77,"img":"https://fd15-photos.leclercdrive.fr/image.ashx?id=2152663&use=l&cat=p&typeid=i","cat":284697},{"id":161033,"n":"AOP Château de la rivière HVE3 Fronsac - 75cl","p":19.87,"u":"26,49 €/L","img":"https://fd15-photos.leclercdrive.fr/image.ashx?id=2487836&use=l&cat=p&typeid=i","cat":289556},{"id":161044,"n":"Mini poivrons mélange HVE Panier du Primeur - 200g","p":5.99,"u":"29,95 €/KG","img":"https://fd15-photos.leclercdrive.fr/image.ashx?id=2184371&use=l&cat=p&typeid=i","cat":284352},{"id":161082,"n":"Café capsules DOLCE GUSTO Starbucks vanilla macchiato 2x6","p":6.5,"u":"49,24 €/KG","img":"https://fd15-photos.leclercdrive.fr/image.ashx?id=2986912&use=l&cat=p&typeid=i","cat":293239},{"id":161098,"n":"Shampooing solide Bionaîa Cheveux normaux bio - 85g","p":5.32,"u":"62,59 €/KG","img":"https://fd15-photos.leclercdrive.fr/image.ashx?id=2835214&use=l&cat=p&typeid=i","cat":284606},{"id":161100,"n":"Golden Muesli Quaker Noix de Pécan - 500g","p":4.5,"u":"9,00 €/KG","img":"https://fd15-photos.leclercdrive.fr/image.ashx?id=2194963&use=l&cat=p&typeid=i","cat":309512},{"id":161105,"n":"Morceaux de thon Petit Navire 2x112g","p":4.82,"u":"21,52 €/KG","img":"https://fd15-photos.leclercdrive.fr/image.ashx?id=2785130&use=l&cat=p&typeid=i","cat":303867},{"id":161123,"n":"Boisson aux fruits Jafun Fraise Framboise - 2L","p":3.09,"u":"1,55 €/L","img":"https://fd15-photos.leclercdrive.fr/image.ashx?id=2865287&use=l&cat=p&typeid=i","cat":295018},{"id":161126,"n":"Boisson aux fruits Jafun Multifruits - 2L","p":3.79,"u":"1,90 €/L","img":"https://fd15-photos.leclercdrive.fr/image.ashx?id=2897832&use=l&cat=p&typeid=i","cat":295018},{"id":161130,"n":"Boissons à base de fruit Jafun Pêche Abricot - 2L","p":3.1,"u":"1,55 €/L","img":"https://fd15-photos.leclercdrive.fr/image.ashx?id=2865293&use=l&cat=p&typeid=i","cat":295018},{"id":161131,"n":"Boisson à base de fruits Jafun Pomme Kiwi - 2L","p":4.29,"u":"2,15 €/L","img":"https://fd15-photos.leclercdrive.fr/image.ashx?id=2865299&use=l&cat=p&typeid=i","cat":295018},{"id":161135,"n":"DOC Prosecco extra-dry rosé Marque Repère - 7% vol 75 cl","p":10.85,"u":"14,47 €/L","img":"https://fd15-photos.leclercdrive.fr/image.ashx?id=2977177&use=l&cat=p&typeid=i","cat":289461},{"id":161144,"n":"Boisson à base de fruits Jafun Pomme poire - 2L","p":4.29,"u":"2,15 €/L","img":"https://fd15-photos.leclercdrive.fr/image.ashx?id=2865302&use=l&cat=p&typeid=i","cat":295018},{"id":161431,"n":"Lessive liquide Briochin Bicarbonate de soude - 2,27L","p":14.65,"u":"6,45 €/L","img":"https://fd15-photos.leclercdrive.fr/image.ashx?id=3000764&use=l&cat=p&typeid=i","cat":284640},{"id":161432,"n":"Lessive liquide Briochin Peaux sensibles - 2,27L","p":14.8,"u":"6,52 €/L","img":"https://fd15-photos.leclercdrive.fr/image.ashx?id=3000770&use=l&cat=p&typeid=i","cat":284640},{"id":161433,"n":"Dragibus Doypack Haribo Sachet bonbons - 220g","p":2.3,"u":"10,45 €/KG","img":"https://fd15-photos.leclercdrive.fr/image.ashx?id=2984940&use=l&cat=p&typeid=i","cat":304250},{"id":161434,"n":"Lessive détachante savon noir  50 lavages - 2,27L","p":14.65,"u":"6,45 €/L","img":"https://fd15-photos.leclercdrive.fr/image.ashx?id=3000767&use=l&cat=p&typeid=i","cat":284640},{"id":161437,"n":"Happy Cola Pik Haribo Sachet bonbons acidulés - 200g","p":2.89,"u":"14,45 €/KG","img":"https://fd15-photos.leclercdrive.fr/image.ashx?id=2984928&use=l&cat=p&typeid=i","cat":304250},{"id":161457,"n":"Miel de France crémeux Pot en verre - 300g","p":9.61,"u":"32,03 €/KG","img":"https://fd15-photos.leclercdrive.fr/image.ashx?id=2157148&use=l&cat=p&typeid=i","cat":287643},{"id":161575,"n":"DOC Prosecco Bio 7% vol - 75cl","p":11.33,"u":"15,11 €/L","img":"https://fd15-photos.leclercdrive.fr/image.ashx?id=2977204&use=l&cat=p&typeid=i","cat":289461},{"id":161579,"n":"AOC Muscadet Sèvre et Maine sur Lie Bio Les Caractères - 75cl","p":10.81,"u":"14,41 €/L","img":"https://fd15-photos.leclercdrive.fr/image.ashx?id=2754502&use=l&cat=p&typeid=i","cat":289557},{"id":161584,"n":"AOC vin blanc Alsace Riesling Bio Rebmann - 75cl","p":10.65,"u":"14,20 €/L","img":"https://fd15-photos.leclercdrive.fr/image.ashx?id=2685702&use=l&cat=p&typeid=i","cat":289557},{"id":161658,"n":"Gomme bulle Bic Bleu marine- x1","p":2.39,"img":"https://fd15-photos.leclercdrive.fr/image.ashx?id=2160469&use=l&cat=p&typeid=i","cat":334133},{"id":161659,"n":"Gomme bulle Bic Rose- x1","p":2.39,"img":"https://fd15-photos.leclercdrive.fr/image.ashx?id=2160472&use=l&cat=p&typeid=i","cat":334133},{"id":161736,"n":"Frites belges Belviva 1kg","p":3.0,"u":"3,00 €/KG","img":"https://fd15-photos.leclercdrive.fr/image.ashx?id=2165521&use=l&cat=p&typeid=i","cat":319791},{"id":161846,"n":"Sucre roux Tablier blanc En morceaux - 1kg","p":3.08,"u":"3,08 €/KG","img":"https://fd15-photos.leclercdrive.fr/image.ashx?id=3010437&use=l&cat=p&typeid=i","cat":284502},{"id":161860,"n":"Pâte à tartiner Novi 350g","p":10.5,"u":"30,00 €/KG","img":"https://fd15-photos.leclercdrive.fr/image.ashx?id=2484626&use=l&cat=p&typeid=i","cat":284481},{"id":161891,"n":"Pain burger Beau & Bon Harry's Brioché x4 - 300g","p":3.4,"u":"11,33 €/KG","img":"https://fd15-photos.leclercdrive.fr/image.ashx?id=2526830&use=l&cat=p&typeid=i","cat":325067},{"id":161914,"n":"Boisson aux fruits Jafun Tropical light - 2L","p":2.49,"u":"1,25 €/L","img":"https://fd15-photos.leclercdrive.fr/image.ashx?id=2720184&use=l&cat=p&typeid=i","cat":295018},{"id":161915,"n":"Boisson tropical brick Jafun 6x20cl","p":3.05,"u":"2,54 €/L","img":"https://fd15-photos.leclercdrive.fr/image.ashx?id=2529617&use=l&cat=p&typeid=i","cat":295018},{"id":161940,"n":"Crème excellence Elle & Vire 35,1%mg brick de 1l","p":8.55,"u":"8,55 €/L","img":"https://fd15-photos.leclercdrive.fr/image.ashx?id=2233670&use=l&cat=p&typeid=i","cat":284381},{"id":161942,"n":"Yaourt fraise Panier de Yoplait Avec morceaux pots de 4x125g","p":2.35,"u":"4,70 €/KG","img":"https://fd15-photos.leclercdrive.fr/image.ashx?id=2199488&use=l&cat=p&typeid=i","cat":284410},{"id":161943,"n":"Yaourt cerise Panier de Yoplait Avec morceaux pots de 4x125g","p":2.45,"u":"4,90 €/KG","img":"https://fd15-photos.leclercdrive.fr/image.ashx?id=2199491&use=l&cat=p&typeid=i","cat":284410},{"id":161944,"n":"Yaourt letchi Panier de Yoplait Avec morceaux pots de 4x125g","p":2.35,"u":"4,70 €/KG","img":"https://fd15-photos.leclercdrive.fr/image.ashx?id=2199494&use=l&cat=p&typeid=i","cat":284410},{"id":161945,"n":"Yaourt pruneau Panier Yoplait Avec morceaux pots de 4x125g","p":2.35,"u":"4,70 €/KG","img":"https://fd15-photos.leclercdrive.fr/image.ashx?id=2199497&use=l&cat=p&typeid=i","cat":284410},{"id":161946,"n":"Yaourt poire Panier de Yoplait Avec morceaux pots de 4x125g","p":2.35,"u":"4,70 €/KG","img":"https://fd15-photos.leclercdrive.fr/image.ashx?id=2199500&use=l&cat=p&typeid=i","cat":284410},{"id":161947,"n":"Yaourt ananas Panier de Yoplait Avec morceaux pots de 4x125g","p":2.35,"u":"4,70 €/KG","img":"https://fd15-photos.leclercdrive.fr/image.ashx?id=2199503&use=l&cat=p&typeid=i","cat":284410},{"id":161949,"n":"Yaourt nature YOPLAIT 4x125g","p":1.8,"u":"3,60 €/KG","img":"https://fd15-photos.leclercdrive.fr/image.ashx?id=2199536&use=l&cat=p&typeid=i","cat":284409},{"id":161950,"n":"Yaourt nature Man Littée 16x125g","p":5.3,"u":"2,65 €/KG","img":"https://fd15-photos.leclercdrive.fr/image.ashx?id=2199914&use=l&cat=p&typeid=i","cat":284409},{"id":161951,"n":"Yaourt antan lontan Man Littée 16x125g","p":5.29,"u":"2,65 €/KG","img":"https://fd15-photos.leclercdrive.fr/image.ashx?id=2199926&use=l&cat=p&typeid=i","cat":284409},{"id":161952,"n":"Yaourt multi aromatisé Yoplait 4x125g","p":1.94,"u":"3,88 €/KG","img":"https://fd15-photos.leclercdrive.fr/image.ashx?id=2199935&use=l&cat=p&typeid=i","cat":286006},{"id":161954,"n":"Yaourt brassé mixé MAN LITTEE Pots de 4x125g","p":1.89,"u":"3,78 €/KG","img":"https://fd15-photos.leclercdrive.fr/image.ashx?id=2199950&use=l&cat=p&typeid=i","cat":284410},{"id":161955,"n":"Yaourt brassé mixé Man Littée 8x125g","p":3.55,"u":"3,55 €/KG","img":"https://fd15-photos.leclercdrive.fr/image.ashx?id=2199953&use=l&cat=p&typeid=i","cat":284410},{"id":161956,"n":"Yaourt brassé mixé Man Littée 16x125g","p":6.25,"u":"3,13 €/KG","img":"https://fd15-photos.leclercdrive.fr/image.ashx?id=2199956&use=l&cat=p&typeid=i","cat":284410},{"id":161958,"n":"Fromage blanc maigre Man Littée Nature 0%mg - 750g","p":3.35,"u":"4,47 €/KG","img":"https://fd15-photos.leclercdrive.fr/image.ashx?id=2199992&use=l&cat=p&typeid=i","cat":284409},{"id":161959,"n":"Fromage blanc Man Littée Nature 4,5%MG - 750g","p":3.35,"u":"4,47 €/KG","img":"https://fd15-photos.leclercdrive.fr/image.ashx?id=2199995&use=l&cat=p&typeid=i","cat":284409},{"id":161966,"n":"Lait chocolaté Man Littée 1L","p":2.5,"u":"2,50 €/L","img":"https://fd15-photos.leclercdrive.fr/image.ashx?id=2200181&use=l&cat=p&typeid=i","cat":295246},{"id":161967,"n":"Lait chocolaté Man Littée 0.50L","p":1.48,"u":"2,96 €/L","img":"https://fd15-photos.leclercdrive.fr/image.ashx?id=2200184&use=l&cat=p&typeid=i","cat":295246},{"id":161968,"n":"Yaourt mixé Panier de Yoplait Fraise cerise framboise 4x125g","p":2.15,"u":"4,30 €/KG","img":"https://fd15-photos.leclercdrive.fr/image.ashx?id=2200187&use=l&cat=p&typeid=i","cat":284410},{"id":161969,"n":"Yaourt mixé Panier de Yoplait Pinacola letchi tropical 4x125g","p":2.15,"u":"4,30 €/KG","img":"https://fd15-photos.leclercdrive.fr/image.ashx?id=2200190&use=l&cat=p&typeid=i","cat":284410},{"id":161970,"n":"Yaourt mixé Panier de Yoplait Pinacola letchi tropical 8x125g","p":4.28,"u":"4,28 €/KG","img":"https://fd15-photos.leclercdrive.fr/image.ashx?id=2200193&use=l&cat=p&typeid=i","cat":284410},{"id":161971,"n":"Yaourt mixé Panier de Yoplait Fraise cerise framboise 8x125g","p":4.28,"u":"4,28 €/KG","img":"https://fd15-photos.leclercdrive.fr/image.ashx?id=2200196&use=l&cat=p&typeid=i","cat":284410},{"id":161980,"n":"Yaourt pêche Panier de Yoplait Avec morceaux pots de 4x125g","p":2.35,"u":"18,80 €/KG","img":"https://fd15-photos.leclercdrive.fr/image.ashx?id=2200328&use=l&cat=p&typeid=i","cat":284410},{"id":161989,"n":"Yaourt mixé Panier de Yoplait Goy abr man pin let tro 16x125g","p":7.54,"u":"3,77 €/KG","img":"https://fd15-photos.leclercdrive.fr/image.ashx?id=2200370&use=l&cat=p&typeid=i","cat":284410},{"id":161991,"n":"Yaourt mixé Panier de Yoplait Goyave ananas mangue 8x125g","p":4.28,"u":"4,28 €/KG","img":"https://fd15-photos.leclercdrive.fr/image.ashx?id=2200376&use=l&cat=p&typeid=i","cat":284410},{"id":161994,"n":"Yaourt mixé Panier de Yoplait Goyave ananas mangue 4x125g","p":2.15,"u":"4,30 €/KG","img":"https://fd15-photos.leclercdrive.fr/image.ashx?id=2200385&use=l&cat=p&typeid=i","cat":284410},{"id":161995,"n":"Panier de Yoplait pêche Yaourt nature sur fruits 4x100g","p":3.04,"u":"7,60 €/KG","img":"https://fd15-photos.leclercdrive.fr/image.ashx?id=2200415&use=l&cat=p&typeid=i","cat":284410},{"id":161996,"n":"Panier de Yoplait cerise Yaourt nature sur fruits 4x100g","p":3.04,"u":"7,60 €/KG","img":"https://fd15-photos.leclercdrive.fr/image.ashx?id=2200418&use=l&cat=p&typeid=i","cat":284410},{"id":161997,"n":"Pomme tatin Panier de Yoplait Yaourt nature sur fruits 4x100g","p":3.04,"u":"7,60 €/KG","img":"https://fd15-photos.leclercdrive.fr/image.ashx?id=2200421&use=l&cat=p&typeid=i","cat":284410},{"id":161998,"n":"Panier de Yoplait fraise Yaourt nature sur fruits 4x100g","p":3.04,"u":"7,60 €/KG","img":"https://fd15-photos.leclercdrive.fr/image.ashx?id=2200424&use=l&cat=p&typeid=i","cat":284410},{"id":162004,"n":"Yaourt vanille Man Littée Pots en verre - 4x125g","p":3.35,"u":"6,70 €/KG","img":"https://fd15-photos.leclercdrive.fr/image.ashx?id=2200508&use=l&cat=p&typeid=i","cat":286006},{"id":162005,"n":"Yaourt citron Man Littée Pots en verre - 4x125g","p":3.25,"u":"6,50 €/KG","img":"https://fd15-photos.leclercdrive.fr/image.ashx?id=2200511&use=l&cat=p&typeid=i","cat":286006},{"id":162006,"n":"Yaourt goyave Man Littée Pots en verre - 4x125g","p":3.25,"u":"6,50 €/KG","img":"https://fd15-photos.leclercdrive.fr/image.ashx?id=2200514&use=l&cat=p&typeid=i","cat":286006},{"id":162007,"n":"Yaourt coco Man Littée Pots en verre - 4x125g","p":3.25,"u":"6,50 €/KG","img":"https://fd15-photos.leclercdrive.fr/image.ashx?id=2200517&use=l&cat=p&typeid=i","cat":286006},{"id":162008,"n":"Yaourt nature Yoplait 8x125g","p":3.18,"u":"3,18 €/KG","img":"https://fd15-photos.leclercdrive.fr/image.ashx?id=2200538&use=l&cat=p&typeid=i","cat":284409},{"id":162009,"n":"Yaourt nature Yoplait Pots de 16x125g","p":5.99,"u":"3,00 €/KG","img":"https://fd15-photos.leclercdrive.fr/image.ashx?id=2200541&use=l&cat=p&typeid=i","cat":284409},{"id":162010,"n":"Yaourt brassé nature Yoplait Pots de 16x125g","p":7.54,"u":"3,77 €/KG","img":"https://fd15-photos.leclercdrive.fr/image.ashx?id=2200556&use=l&cat=p&typeid=i","cat":284409},{"id":162011,"n":"Yaourt aromatisé Yoplait Vanille - 4x125g","p":1.94,"u":"3,88 €/KG","img":"https://fd15-photos.leclercdrive.fr/image.ashx?id=2200562&use=l&cat=p&typeid=i","cat":286006},{"id":162012,"n":"Saveurs naturelles Yoplait Vanille - 4x125g","p":2.18,"u":"4,36 €/KG","img":"https://fd15-photos.leclercdrive.fr/image.ashx?id=2200565&use=l&cat=p&typeid=i","cat":286006},{"id":162014,"n":"Yaourt multi aromatisé Yoplait 8x125g","p":3.59,"u":"3,59 €/KG","img":"https://fd15-photos.leclercdrive.fr/image.ashx?id=2200574&use=l&cat=p&typeid=i","cat":286006},{"id":162015,"n":"Yaourt aromatisé Yoplait Vanille - 8x125g","p":3.68,"u":"3,68 €/KG","img":"https://fd15-photos.leclercdrive.fr/image.ashx?id=2200577&use=l&cat=p&typeid=i","cat":286006},{"id":162016,"n":"Saveurs naturelles Yoplait Vanille - 8x125g","p":4.28,"u":"4,28 €/KG","img":"https://fd15-photos.leclercdrive.fr/image.ashx?id=2200580&use=l&cat=p&typeid=i","cat":286006},{"id":162017,"n":"Yaourt aromatisé Yoplait Vanille - 16x125g","p":6.2,"u":"3,10 €/KG","img":"https://fd15-photos.leclercdrive.fr/image.ashx?id=2200583&use=l&cat=p&typeid=i","cat":286006},{"id":162018,"n":"Saveurs naturelles Yoplait Vanille - 16x125g","p":7.54,"u":"3,77 €/KG","img":"https://fd15-photos.leclercdrive.fr/image.ashx?id=2200586&use=l&cat=p&typeid=i","cat":286006},{"id":162020,"n":"Yaourt multi aromatisé Yoplait 16x125g","p":6.59,"u":"3,30 €/KG","img":"https://fd15-photos.leclercdrive.fr/image.ashx?id=2200592&use=l&cat=p&typeid=i","cat":286006},{"id":162021,"n":"Panier de Yoplait fraise cerise Avec morceaux pots de 8x125g","p":4.65,"u":"4,65 €/KG","img":"https://fd15-photos.leclercdrive.fr/image.ashx?id=2200595&use=l&cat=p&typeid=i","cat":286006},{"id":162022,"n":"Yaourts nature Man Littée 4x125g","p":1.55,"u":"3,10 €/KG","img":"https://fd15-photos.leclercdrive.fr/image.ashx?id=2200658&use=l&cat=p&typeid=i","cat":286006},{"id":162023,"n":"Yaourt An Tan Lontan Man Littée 4x125g","p":1.55,"u":"3,10 €/KG","img":"https://fd15-photos.leclercdrive.fr/image.ashx?id=2200661&use=l&cat=p&typeid=i","cat":286006},{"id":162024,"n":"Yaourt nature Man Littée 8x125g","p":2.97,"u":"2,97 €/KG","img":"https://fd15-photos.leclercdrive.fr/image.ashx?id=2200664&use=l&cat=p&typeid=i","cat":286006},{"id":162025,"n":"Yaourt An Tan Lontan Man Littée 8x125g","p":3.07,"u":"3,07 €/KG","img":"https://fd15-photos.leclercdrive.fr/image.ashx?id=2200667&use=l&cat=p&typeid=i","cat":286006},{"id":162026,"n":"Yaourt vanille Man Littée 4x125g","p":1.69,"u":"3,38 €/KG","img":"https://fd15-photos.leclercdrive.fr/image.ashx?id=2200670&use=l&cat=p&typeid=i","cat":286006},{"id":162027,"n":"Yaourt aromatisé Man Littée Vanille coco letchi - 4x125g","p":1.69,"u":"3,38 €/KG","img":"https://fd15-photos.leclercdrive.fr/image.ashx?id=2200673&use=l&cat=p&typeid=i","cat":286006},{"id":162028,"n":"Yaourt aromatisé Man Littée Vanille goyave ananas - 4x125g","p":1.69,"u":"3,38 €/KG","img":"https://fd15-photos.leclercdrive.fr/image.ashx?id=2200676&use=l&cat=p&typeid=i","cat":286006},{"id":162029,"n":"Yaourt vanille Man Littée 8x125g","p":3.28,"u":"3,28 €/KG","img":"https://fd15-photos.leclercdrive.fr/image.ashx?id=2200679&use=l&cat=p&typeid=i","cat":286006},{"id":162030,"n":"Yaourt aromatisé Man Littée Vanille coco letchi - 8x125g","p":3.29,"u":"3,29 €/KG","img":"https://fd15-photos.leclercdrive.fr/image.ashx?id=2200682&use=l&cat=p&typeid=i","cat":286006},{"id":162031,"n":"Yaourt aromatisé Man Littée Vanille goyave ananas - 8x125g","p":3.29,"u":"3,29 €/KG","img":"https://fd15-photos.leclercdrive.fr/image.ashx?id=2200685&use=l&cat=p&typeid=i","cat":286006},{"id":162032,"n":"Yaourt vanille Man Littée 16x125g","p":5.55,"u":"2,78 €/KG","img":"https://fd15-photos.leclercdrive.fr/image.ashx?id=2200688&use=l&cat=p&typeid=i","cat":286006},{"id":162033,"n":"Yaourt aromatisé MAN LITTEE Pots de 16x125g","p":5.5,"u":"2,75 €/KG","img":"https://fd15-photos.leclercdrive.fr/image.ashx?id=2200691&use=l&cat=p&typeid=i","cat":286006},{"id":162035,"n":"Panier de Yoplait poire letchi Avec morceaux pots de 8x125g","p":4.74,"u":"4,74 €/KG","img":"https://fd15-photos.leclercdrive.fr/image.ashx?id=2200697&use=l&cat=p&typeid=i","cat":284410},{"id":162036,"n":"Yaourt brassé nature Yoplait Pots de 4x125g","p":2.14,"u":"4,28 €/KG","img":"https://fd15-photos.leclercdrive.fr/image.ashx?id=2200700&use=l&cat=p&typeid=i","cat":284410},{"id":162037,"n":"Yaourt brassé nature Yoplait Pots de 8x125g","p":4.08,"u":"4,08 €/KG","img":"https://fd15-photos.leclercdrive.fr/image.ashx?id=2200703&use=l&cat=p&typeid=i","cat":284410},{"id":162040,"n":"Crème brulée Elle & Vire A la vanille de madagascar 1l","p":10.6,"u":"10,60 €/L","img":"https://fd15-photos.leclercdrive.fr/image.ashx?id=2248279&use=l&cat=p&typeid=i","cat":284382},{"id":162041,"n":"Crème cuisson Elle&Vire Excellence 35,1%MG - 1L","p":8.2,"u":"8,20 €/L","img":"https://fd15-photos.leclercdrive.fr/image.ashx?id=2201405&use=l&cat=p&typeid=i","cat":284382},{"id":162042,"n":"Tiramisu Elle & Vire Brick de 1L","p":11.75,"u":"11,75 €/L","img":"https://fd15-photos.leclercdrive.fr/image.ashx?id=2235518&use=l&cat=p&typeid=i","cat":284382},{"id":162043,"n":"Crème cuisson Elle & Vire Avantage 15%mg brick de 1l","p":4.99,"u":"4,99 €/L","img":"https://fd15-photos.leclercdrive.fr/image.ashx?id=2235521&use=l&cat=p&typeid=i","cat":284382},{"id":162045,"n":"Crème mascarpone Elle&Vire Sublime - 1L","p":10.9,"u":"10,90 €/L","img":"https://fd15-photos.leclercdrive.fr/image.ashx?id=2242236&use=l&cat=p&typeid=i","cat":284382},{"id":162053,"n":"Yaourt à boire Yop Ananas - 250g","p":1.21,"u":"4,84 €/KG","img":"https://fd15-photos.leclercdrive.fr/image.ashx?id=2201579&use=l&cat=p&typeid=i","cat":284415},{"id":162054,"n":"Yaourt à boire Yop  Coco vanille - 250g","p":1.21,"u":"4,84 €/KG","img":"https://fd15-photos.leclercdrive.fr/image.ashx?id=2200469&use=l&cat=p&typeid=i","cat":284415},{"id":162055,"n":"Yaourt à boire Yop  Fruits céréales - 250g","p":1.21,"u":"4,84 €/KG","img":"https://fd15-photos.leclercdrive.fr/image.ashx?id=2199512&use=l&cat=p&typeid=i","cat":284415},{"id":162056,"n":"Yaourt à boire Yop  Cerise - 250g","p":1.21,"u":"4,84 €/KG","img":"https://fd15-photos.leclercdrive.fr/image.ashx?id=2200010&use=l&cat=p&typeid=i","cat":284415},{"id":162057,"n":"Yaourt à boire Yop  Citron - 250g","p":1.21,"u":"4,84 €/KG","img":"https://fd15-photos.leclercdrive.fr/image.ashx?id=2200235&use=l&cat=p&typeid=i","cat":284415},{"id":162061,"n":"Yaourt à boire Yop Framboise - 250g","p":1.21,"u":"4,84 €/KG","img":"https://fd15-photos.leclercdrive.fr/image.ashx?id=2200625&use=l&cat=p&typeid=i","cat":284415},{"id":162062,"n":"Yaourt à boire Yop  Tropical - 250g","p":1.21,"u":"4,84 €/KG","img":"https://fd15-photos.leclercdrive.fr/image.ashx?id=2200106&use=l&cat=p&typeid=i","cat":284415},{"id":162063,"n":"Yaourt à boire Yop  Goyave - 250g","p":1.21,"u":"4,84 €/KG","img":"https://fd15-photos.leclercdrive.fr/image.ashx?id=2200145&use=l&cat=p&typeid=i","cat":284415},{"id":162064,"n":"Yaourt à boire Yop  Letchi - 250g","p":1.21,"u":"4,84 €/KG","img":"https://fd15-photos.leclercdrive.fr/image.ashx?id=2199878&use=l&cat=p&typeid=i","cat":284415},{"id":162065,"n":"Yaourt à boire Yop Mangue - 250g","p":1.21,"u":"4,84 €/KG","img":"https://fd15-photos.leclercdrive.fr/image.ashx?id=2200139&use=l&cat=p&typeid=i","cat":284415},{"id":162070,"n":"Yaourt à boire Yop  Vanille - 250g","p":1.21,"u":"4,84 €/KG","img":"https://fd15-photos.leclercdrive.fr/image.ashx?id=2200622&use=l&cat=p&typeid=i","cat":284415},{"id":162071,"n":"Yaourt à boire Yop   Fraise - 4x250g","p":4.68,"u":"4,68 €/KG","img":"https://fd15-photos.leclercdrive.fr/image.ashx?id=2200094&use=l&cat=p&typeid=i","cat":284415},{"id":162072,"n":"Yaourt à boire Yop  Fruits céréales - 4x250g","p":4.68,"u":"4,68 €/KG","img":"https://fd15-photos.leclercdrive.fr/image.ashx?id=2200097&use=l&cat=p&typeid=i","cat":284415},{"id":162073,"n":"Yaourt à boire Yop  Cerise - 4x250g","p":4.68,"u":"4,68 €/KG","img":"https://fd15-photos.leclercdrive.fr/image.ashx?id=2200091&use=l&cat=p&typeid=i","cat":284415},{"id":162074,"n":"Yaourt à boire Yop  Framboise - 4x250g","p":4.39,"u":"4,39 €/KG","img":"https://fd15-photos.leclercdrive.fr/image.ashx?id=2200085&use=l&cat=p&typeid=i","cat":284415},{"id":162075,"n":"Yaourt à boire Yop  Letchi - 4x250g","p":4.39,"u":"4,39 €/KG","img":"https://fd15-photos.leclercdrive.fr/image.ashx?id=2200136&use=l&cat=p&typeid=i","cat":284415},{"id":162076,"n":"Yaourt à boire Yop  Pêche poire - 4x250g","p":4.68,"u":"4,68 €/KG","img":"https://fd15-photos.leclercdrive.fr/image.ashx?id=2200088&use=l&cat=p&typeid=i","cat":284415},{"id":162077,"n":"Yaourt à boire Yop  Pinacolada - 4x250g","p":4.68,"u":"4,68 €/KG","img":"https://fd15-photos.leclercdrive.fr/image.ashx?id=2199989&use=l&cat=p&typeid=i","cat":284415},{"id":162078,"n":"Yaourt à boire Yop  Vanille - 4x250g","p":4.68,"u":"4,68 €/KG","img":"https://fd15-photos.leclercdrive.fr/image.ashx?id=2199965&use=l&cat=p&typeid=i","cat":284415},{"id":162079,"n":"Yaourt à boire Yop  Ananas - 500g","p":2.05,"u":"4,10 €/KG","img":"https://fd15-photos.leclercdrive.fr/image.ashx?id=2201582&use=l&cat=p&typeid=i","cat":284415},{"id":162080,"n":"Yaourt à boire Yop  Coco vanille - 500g","p":2.04,"u":"4,08 €/KG","img":"https://fd15-photos.leclercdrive.fr/image.ashx?id=2200472&use=l&cat=p&typeid=i","cat":284415},{"id":162081,"n":"Yaourt à boire Yop  Fruits céréales - 500g","p":2.04,"u":"4,08 €/KG","img":"https://fd15-photos.leclercdrive.fr/image.ashx?id=2200628&use=l&cat=p&typeid=i","cat":284415},{"id":162082,"n":"Yaourt à boire Yop  Cerise - 500g","p":2.04,"u":"4,08 €/KG","img":"https://fd15-photos.leclercdrive.fr/image.ashx?id=2200103&use=l&cat=p&typeid=i","cat":284415},{"id":162083,"n":"Yaourt à boire Yop Citron - 500g","p":2.05,"u":"4,10 €/KG","img":"https://fd15-photos.leclercdrive.fr/image.ashx?id=2200238&use=l&cat=p&typeid=i","cat":284415},{"id":162084,"n":"Yaourt à boire Yop  Fraise - 500g","p":2.04,"u":"4,08 €/KG","img":"https://fd15-photos.leclercdrive.fr/image.ashx?id=2200631&use=l&cat=p&typeid=i","cat":284415},{"id":162085,"n":"Yaourt à boire Yop Framboise - 500g","p":2.04,"u":"4,08 €/KG","img":"https://fd15-photos.leclercdrive.fr/image.ashx?id=2200634&use=l&cat=p&typeid=i","cat":284415},{"id":162086,"n":"Yaourt à boire Yop  Tropical - 500g","p":2.04,"u":"4,08 €/KG","img":"https://fd15-photos.leclercdrive.fr/image.ashx?id=2200109&use=l&cat=p&typeid=i","cat":284415},{"id":162088,"n":"Yaourt à boire Yop  Letchi - 500g","p":2.04,"u":"4,08 €/KG","img":"https://fd15-photos.leclercdrive.fr/image.ashx?id=2199881&use=l&cat=p&typeid=i","cat":284415},{"id":162089,"n":"Yaourt à boire Yop  Mangue - 500g","p":2.05,"u":"4,10 €/KG","img":"https://fd15-photos.leclercdrive.fr/image.ashx?id=2200142&use=l&cat=p&typeid=i","cat":284415},{"id":162091,"n":"Yaourt à boire Yop  Pêche poire - 500g","p":2.04,"u":"4,08 €/KG","img":"https://fd15-photos.leclercdrive.fr/image.ashx?id=2200637&use=l&cat=p&typeid=i","cat":284415},{"id":162092,"n":"Yaourt à boire Yop  Pinacolada - 500g","p":2.04,"u":"4,08 €/KG","img":"https://fd15-photos.leclercdrive.fr/image.ashx?id=2200640&use=l&cat=p&typeid=i","cat":284415},{"id":162093,"n":"Yaourt à boire Yop  Vanille - 500g","p":1.98,"u":"3,96 €/KG","img":"https://fd15-photos.leclercdrive.fr/image.ashx?id=2200643&use=l&cat=p&typeid=i","cat":284415},{"id":162094,"n":"B de Yoplait nature Yaourt à boire de 250g","p":1.21,"u":"4,84 €/KG","img":"https://fd15-photos.leclercdrive.fr/image.ashx?id=2199896&use=l&cat=p&typeid=i","cat":284415},{"id":162095,"n":"B de Yoplait nature Yaourt à boire de 4x250g","p":4.68,"u":"4,68 €/KG","img":"https://fd15-photos.leclercdrive.fr/image.ashx?id=2199899&use=l&cat=p&typeid=i","cat":284415},{"id":162096,"n":"B de Yoplait brassé nature Pots de 4x125g","p":2.09,"u":"4,18 €/KG","img":"https://fd15-photos.leclercdrive.fr/image.ashx?id=2200532&use=l&cat=p&typeid=i","cat":284410},{"id":162097,"n":"B de Yoplait brassé amande Pots de 4x125g","p":2.09,"u":"4,18 €/KG","img":"https://fd15-photos.leclercdrive.fr/image.ashx?id=2200559&use=l&cat=p&typeid=i","cat":284410},{"id":162098,"n":"B de Yoplait brassé vanille Pots de 4x125g","p":2.09,"u":"4,18 €/KG","img":"https://fd15-photos.leclercdrive.fr/image.ashx?id=2200544&use=l&cat=p&typeid=i","cat":284410},{"id":162099,"n":"B de Yoplait brassé nature Pots de 8x125g","p":4.14,"u":"4,14 €/KG","img":"https://fd15-photos.leclercdrive.fr/image.ashx?id=2200535&use=l&cat=p&typeid=i","cat":284410},{"id":162100,"n":"B de Yoplait brassé amande Pots de 8x125g","p":4.14,"u":"4,14 €/KG","img":"https://fd15-photos.leclercdrive.fr/image.ashx?id=2200568&use=l&cat=p&typeid=i","cat":284410},{"id":162101,"n":"B de Yoplait brassé vanille Pots de 8x125g","p":4.14,"u":"4,14 €/KG","img":"https://fd15-photos.leclercdrive.fr/image.ashx?id=2200547&use=l&cat=p&typeid=i","cat":284410},{"id":162102,"n":"B de Yoplait brassé nature Pots de 16x125g","p":7.28,"u":"3,64 €/KG","img":"https://fd15-photos.leclercdrive.fr/image.ashx?id=2200550&use=l&cat=p&typeid=i","cat":284410},{"id":162103,"n":"B de Yoplait brassé amande Pots de 16x125g","p":7.28,"u":"3,64 €/KG","img":"https://fd15-photos.leclercdrive.fr/image.ashx?id=2199887&use=l&cat=p&typeid=i","cat":284410},{"id":162105,"n":"Crème dessert Yopi  Caramel - 4x100g","p":2.08,"u":"5,20 €/KG","img":"https://fd15-photos.leclercdrive.fr/image.ashx?id=2199533&use=l&cat=p&typeid=i","cat":284420},{"id":162106,"n":"Crème dessert Yopi  Chocolat Dolce Vita - 4x100g","p":2.08,"u":"5,20 €/KG","img":"https://fd15-photos.leclercdrive.fr/image.ashx?id=2199530&use=l&cat=p&typeid=i","cat":284420},{"id":162107,"n":"Crème dessert Yopi  Coco - 4x100g","p":2.08,"u":"5,20 €/KG","img":"https://fd15-photos.leclercdrive.fr/image.ashx?id=2200613&use=l&cat=p&typeid=i","cat":284420},{"id":162108,"n":"Crème dessert Yopi  Vanille Dolce Vita - 4x100g","p":2.08,"u":"5,20 €/KG","img":"https://fd15-photos.leclercdrive.fr/image.ashx?id=2199527&use=l&cat=p&typeid=i","cat":284420},{"id":162109,"n":"Crème dessert Yopi   Chocolat Dolce Vita - 8x100g","p":4.08,"u":"5,10 €/KG","img":"https://fd15-photos.leclercdrive.fr/image.ashx?id=2200610&use=l&cat=p&typeid=i","cat":284420},{"id":162110,"n":"L'île au caramel Dolce Vita Yopi vanille - 4x100g","p":2.08,"u":"5,20 €/KG","img":"https://fd15-photos.leclercdrive.fr/image.ashx?id=2199521&use=l&cat=p&typeid=i","cat":284420},{"id":162111,"n":"L'île au caramel Dolce Vita Yopi lait de coco - 4x100g","p":2.08,"u":"5,20 €/KG","img":"https://fd15-photos.leclercdrive.fr/image.ashx?id=2200616&use=l&cat=p&typeid=i","cat":284420},{"id":162112,"n":"L'île au caramel Yoplait Saveur vanille 8x100g","p":4.08,"u":"5,10 €/KG","img":"https://fd15-photos.leclercdrive.fr/image.ashx?id=2199524&use=l&cat=p&typeid=i","cat":284420},{"id":162113,"n":"L'île au caramel Yoplait Saveur coco 8x100g","p":4.08,"u":"5,10 €/KG","img":"https://fd15-photos.leclercdrive.fr/image.ashx?id=2200619&use=l&cat=p&typeid=i","cat":284420},{"id":162114,"n":"Crème dessert Yopi Chocolat Dolce Vita - 4x100g","p":2.45,"u":"6,13 €/KG","img":"https://fd15-photos.leclercdrive.fr/image.ashx?id=2200058&use=l&cat=p&typeid=i","cat":285041},{"id":162115,"n":"Crème dessert Dolce Vita Yopi Vanille - 4x100g","p":2.45,"u":"6,13 €/KG","img":"https://fd15-photos.leclercdrive.fr/image.ashx?id=2200055&use=l&cat=p&typeid=i","cat":285041},{"id":162118,"n":"Liégiois Yoplait  Chocolat Dolce Vita - 4x100g","p":2.59,"u":"6,48 €/KG","img":"https://fd15-photos.leclercdrive.fr/image.ashx?id=2200262&use=l&cat=p&typeid=i","cat":285042},{"id":162119,"n":"Liégiois Yoplait Vanille Dolce Vita - 4x100g","p":2.65,"u":"6,63 €/KG","img":"https://fd15-photos.leclercdrive.fr/image.ashx?id=2200259&use=l&cat=p&typeid=i","cat":285042},{"id":162120,"n":"Mousse Yoplait Chocolat Dolce Vita - 4x65g","p":2.65,"u":"10,19 €/KG","img":"https://fd15-photos.leclercdrive.fr/image.ashx?id=2200256&use=l&cat=p&typeid=i","cat":284417},{"id":162123,"n":"Fromage blanc vanille Calin 3,5%MG - 500g","p":3.4,"u":"6,80 €/KG","img":"https://fd15-photos.leclercdrive.fr/image.ashx?id=2200001&use=l&cat=p&typeid=i","cat":284409},{"id":162124,"n":"Fromage blanc nature Calin 4x100g","p":2.25,"u":"5,63 €/KG","img":"https://fd15-photos.leclercdrive.fr/image.ashx?id=2200013&use=l&cat=p&typeid=i","cat":284409},{"id":162126,"n":"Fromage blanc Calin Vanille - 4x100g","p":2.9,"u":"7,25 €/KG","img":"https://fd15-photos.leclercdrive.fr/image.ashx?id=2200226&use=l&cat=p&typeid=i","cat":284409},{"id":162127,"n":"Fromage blanc nature Calin 8x100g","p":4.45,"u":"5,56 €/KG","img":"https://fd15-photos.leclercdrive.fr/image.ashx?id=2200016&use=l&cat=p&typeid=i","cat":284409},{"id":162129,"n":"Fromage blanc Calin Vanille - 8x100g","p":4.65,"u":"5,81 €/KG","img":"https://fd15-photos.leclercdrive.fr/image.ashx?id=2200223&use=l&cat=p&typeid=i","cat":284409},{"id":162130,"n":"Fromage blanc Calin Nature sucré - 4x100g","p":2.25,"u":"5,63 €/KG","img":"https://fd15-photos.leclercdrive.fr/image.ashx?id=2199983&use=l&cat=p&typeid=i","cat":284409},{"id":162131,"n":"Fromage blanc Calin Nature sucré - 8x100g","p":4.45,"u":"5,56 €/KG","img":"https://fd15-photos.leclercdrive.fr/image.ashx?id=2199986&use=l&cat=p&typeid=i","cat":284409},{"id":162135,"n":"Fromage blanc Petits Filous Fraise abricot pots de 4x60g","p":1.75,"u":"7,29 €/KG","img":"https://fd15-photos.leclercdrive.fr/image.ashx?id=2199902&use=l&cat=p&typeid=i","cat":284414},{"id":162137,"n":"Fromage blanc Petits Filous Chocolat - 4x60g","p":1.69,"u":"7,04 €/KG","img":"https://fd15-photos.leclercdrive.fr/image.ashx?id=2199908&use=l&cat=p&typeid=i","cat":285041},{"id":162138,"n":"Fromage blanc Petits Filous Framboise Pêche Poire - 4x60g","p":1.75,"u":"7,29 €/KG","img":"https://fd15-photos.leclercdrive.fr/image.ashx?id=2200208&use=l&cat=p&typeid=i","cat":284414},{"id":162139,"n":"Fromage blanc Petits Filous Fraise abricot - 8x60g","p":3.25,"u":"6,77 €/KG","img":"https://fd15-photos.leclercdrive.fr/image.ashx?id=2199905&use=l&cat=p&typeid=i","cat":284414},{"id":162141,"n":"Fromage blanc Petits Filous Chocolat - 8x60g","p":3.15,"u":"6,56 €/KG","img":"https://fd15-photos.leclercdrive.fr/image.ashx?id=2199911&use=l&cat=p&typeid=i","cat":284414},{"id":162142,"n":"Fromage blanc Petits Filous Framboise Pêche Poire - 8x60g","p":3.25,"u":"6,77 €/KG","img":"https://fd15-photos.leclercdrive.fr/image.ashx?id=2200211&use=l&cat=p&typeid=i","cat":284414},{"id":162143,"n":"Fromage blanc Petits Filous Framboise abricot fraise 16x60g","p":5.65,"u":"5,89 €/KG","img":"https://fd15-photos.leclercdrive.fr/image.ashx?id=2200214&use=l&cat=p&typeid=i","cat":284414},{"id":162145,"n":"Fromage blanc Calin  Ananas 0%MG - 500g","p":3.4,"u":"6,80 €/KG","img":"https://fd15-photos.leclercdrive.fr/image.ashx?id=2199875&use=l&cat=p&typeid=i","cat":284409},{"id":162146,"n":"Fromage blanc Calin  Fraise 0%MG - 500g","p":3.4,"u":"6,80 €/KG","img":"https://fd15-photos.leclercdrive.fr/image.ashx?id=2199542&use=l&cat=p&typeid=i","cat":284409},{"id":162149,"n":"Fromage blanc Calin  Pruneaux 0%mg - 500g","p":3.4,"u":"6,80 €/KG","img":"https://fd15-photos.leclercdrive.fr/image.ashx?id=2199545&use=l&cat=p&typeid=i","cat":284409},{"id":162152,"n":"Fromage blanc nature Calin  0%mg - 4x100g","p":2.25,"u":"5,63 €/KG","img":"https://fd15-photos.leclercdrive.fr/image.ashx?id=2200112&use=l&cat=p&typeid=i","cat":284409},{"id":162154,"n":"Fromage blanc nature Calin  0%MG - 8x100g","p":4.45,"u":"5,56 €/KG","img":"https://fd15-photos.leclercdrive.fr/image.ashx?id=2200115&use=l&cat=p&typeid=i","cat":284409},{"id":162161,"n":"Compotes Pom'Potes Gourdes  5 Fruits Rouges&Jaunes -12x90g","p":8.6,"u":"7,96 €/KG","img":"https://fd15-photos.leclercdrive.fr/image.ashx?id=3010945&use=l&cat=p&typeid=i","cat":284508},{"id":162164,"n":"Compotes Pom'Potes Gourdes 5 Fruits Exotiques&Vert -12x90g","p":8.6,"u":"7,96 €/KG","img":"https://fd15-photos.leclercdrive.fr/image.ashx?id=3010948&use=l&cat=p&typeid=i","cat":284508},{"id":162165,"n":"Compotes Materne Coupelles   MultiFruits Exotique - 12x100g","p":6.99,"u":"5,83 €/KG","img":"https://fd15-photos.leclercdrive.fr/image.ashx?id=3010873&use=l&cat=p&typeid=i","cat":284508},{"id":162177,"n":"Gel Salle de bain & WC Glade Cerise & Pivoine 180g","p":5.35,"img":"https://fd15-photos.leclercdrive.fr/image.ashx?id=2454421&use=l&cat=p&typeid=i","cat":311628},{"id":162187,"n":"Skyr Bio Les 2 vaches Nature 0%MG - 480g","p":4.69,"u":"9,77 €/KG","img":"https://fd15-photos.leclercdrive.fr/image.ashx?id=2787293&use=l&cat=p&typeid=i","cat":315000},{"id":162236,"n":"Sirop Guiot Menthe Bio -50cl","p":5.49,"u":"10,98 €/L","img":"https://fd15-photos.leclercdrive.fr/image.ashx?id=2857153&use=l&cat=p&typeid=i","cat":295020},{"id":162257,"n":"Boisson pétillante Kidibul Pomme tropical - 75cl","p":6.99,"u":"9,32 €/L","img":"https://fd15-photos.leclercdrive.fr/image.ashx?id=2766063&use=l&cat=p&typeid=i","cat":289460},{"id":162274,"n":"Sauce Crudités Benedicta  Nature légère - 295g","p":2.51,"u":"8,51 €/KG","img":"https://fd15-photos.leclercdrive.fr/image.ashx?id=2755206&use=l&cat=p&typeid=i","cat":284456},{"id":162275,"n":"Sauce Pita Heinz - 230g","p":2.99,"u":"13,00 €/KG","img":"https://fd15-photos.leclercdrive.fr/image.ashx?id=2973165&use=l&cat=p&typeid=i","cat":318431},{"id":162287,"n":"Muesli pomme cassis sans sucres  ajoutés Terres & Céréales 500g","p":6.73,"u":"13,46 €/KG","img":"https://fd15-photos.leclercdrive.fr/image.ashx?id=2163013&use=l&cat=p&typeid=i","cat":309512},{"id":162570,"n":"Sauce apéritif Doritos Goût salsa épicée -280g","p":2.95,"u":"10,54 €/KG","img":"https://fd15-photos.leclercdrive.fr/image.ashx?id=3014473&use=l&cat=p&typeid=i","cat":284451},{"id":162572,"n":"Sauce apéritif Doritos Goût sour cream -280g","p":3.2,"u":"11,43 €/KG","img":"https://fd15-photos.leclercdrive.fr/image.ashx?id=2167528&use=l&cat=p&typeid=i","cat":284451},{"id":162575,"n":"Maquereaux Petit Navire Vin blanc citron&romarin - 175g","p":4.56,"u":"26,98 €/KG","img":"https://fd15-photos.leclercdrive.fr/image.ashx?id=2523906&use=l&cat=p&typeid=i","cat":303868},{"id":162596,"n":"Boisson aux fruits Jafun Orange - 2L","p":3.59,"u":"1,80 €/L","img":"https://fd15-photos.leclercdrive.fr/image.ashx?id=2501214&use=l&cat=p&typeid=i","cat":295018},{"id":162597,"n":"Lait concentré Régilait Sucré demi-écrémé - 300g","p":3.24,"u":"10,80 €/KG","img":"https://fd15-photos.leclercdrive.fr/image.ashx?id=2169956&use=l&cat=p&typeid=i","cat":293236},{"id":162725,"n":"Déodorant homme Axe Provocation 48h - 2x200ml","p":12.05,"u":"30,13 €/L","img":"https://fd15-photos.leclercdrive.fr/image.ashx?id=2611116&use=l&cat=p&typeid=i","cat":284618},{"id":162728,"n":"Déodorant homme Axe Apollo 48hNon stop - 2x200ml","p":12.05,"u":"30,13 €/L","img":"https://fd15-photos.leclercdrive.fr/image.ashx?id=2611125&use=l&cat=p&typeid=i","cat":284618},{"id":162777,"n":"Compote Andros Pommes/Pêches - 730g","p":4.39,"u":"6,01 €/KG","img":"https://fd15-photos.leclercdrive.fr/image.ashx?id=2395559&use=l&cat=p&typeid=i","cat":284508},{"id":162851,"n":"Huile d'olive Costa d'Oro Vierge extra - 75cl","p":15.49,"u":"20,65 €/L","img":"https://fd15-photos.leclercdrive.fr/image.ashx?id=2948501&use=l&cat=p&typeid=i","cat":284453},{"id":163021,"n":"Biscuits Knoppers Lait / Noisettes - 6x25g","p":2.75,"u":"18,33 €/KG","img":"https://fd15-photos.leclercdrive.fr/image.ashx?id=2659151&use=l&cat=p&typeid=i","cat":284488},{"id":163029,"n":"Tablette chocolat Villars Noir / pépites café - 100g","p":2.59,"pp":1.81,"u":"18,10 €/KG","img":"https://fd15-photos.leclercdrive.fr/image.ashx?id=2464291&use=l&cat=p&typeid=i","cat":284956},{"id":163050,"n":"Crème Cuisine Végétale Alpro Soja - 25cl","p":2.11,"u":"8,44 €/L","img":"https://fd15-photos.leclercdrive.fr/image.ashx?id=2849241&use=l&cat=p&typeid=i","cat":316069},{"id":163058,"n":"Déodorant homme Axe Black Anti-transpirant 72h - 200ml","p":6.45,"u":"32,25 €/L","img":"https://fd15-photos.leclercdrive.fr/image.ashx?id=2738476&use=l&cat=p&typeid=i","cat":284618},{"id":163080,"n":"Mini Lion Nestlé Le lot de 6 paquets de 40g","p":4.75,"u":"19,79 €/KG","img":"https://fd15-photos.leclercdrive.fr/image.ashx?id=2763957&use=l&cat=p&typeid=i","cat":309513},{"id":163115,"n":"Piles alcalines Duracell MX1500 Optimum Type AA/LR06 1,5V - x4","p":6.69,"u":"1,67 €/P","img":"https://fd15-photos.leclercdrive.fr/image.ashx?id=2941823&use=l&cat=p&typeid=i","cat":300572},{"id":163128,"n":"Fromage Fol Epi  Originale 16 tranches - 308g","p":5.02,"u":"16,30 €/KG","img":"https://fd15-photos.leclercdrive.fr/image.ashx?id=2765928&use=l&cat=p&typeid=i","cat":314028},{"id":163132,"n":"Boisson orange Jafun Brique - 6x20cl","p":2.85,"u":"2,38 €/L","img":"https://fd15-photos.leclercdrive.fr/image.ashx?id=2992582&use=l&cat=p&typeid=i","cat":284524},{"id":163143,"n":"Dragibus Soft Haribo Sachet bonbons - 300g","p":2.8,"u":"9,33 €/KG","img":"https://fd15-photos.leclercdrive.fr/image.ashx?id=2806123&use=l&cat=p&typeid=i","cat":304250},{"id":163144,"n":"Piles alcalines Duracell MN2400 Optimum AAA/LR03 1,5V - x4","p":6.35,"u":"1,59 €/P","img":"https://fd15-photos.leclercdrive.fr/image.ashx?id=2929095&use=l&cat=p&typeid=i","cat":300572},{"id":163145,"n":"Dragibus Original Haribo Multipack bonbons - 250g","p":3.1,"u":"12,40 €/KG","img":"https://fd15-photos.leclercdrive.fr/image.ashx?id=2984943&use=l&cat=p&typeid=i","cat":304250},{"id":163146,"n":"Piles alcalines Duracell MX1500 Optimum AA/LR06 1,5V - x6","p":7.2,"u":"1,20 €/P","img":"https://fd15-photos.leclercdrive.fr/image.ashx?id=2855367&use=l&cat=p&typeid=i","cat":300572},{"id":163147,"n":"Bonbons Haribo Dragolo - 750g","p":6.79,"u":"9,05 €/KG","img":"https://fd15-photos.leclercdrive.fr/image.ashx?id=2803586&use=l&cat=p&typeid=i","cat":304250},{"id":163148,"n":"Piles alcalines Duracell MN2400 Optimum AAA/LR03 1,5V - x6","p":7.2,"u":"1,20 €/P","img":"https://fd15-photos.leclercdrive.fr/image.ashx?id=2855370&use=l&cat=p&typeid=i","cat":300572},{"id":163162,"n":"Amandine aux poires La Laitière 4x85g","p":5.3,"u":"15,59 €/KG","img":"https://fd15-photos.leclercdrive.fr/image.ashx?id=2683640&use=l&cat=p&typeid=i","cat":284419},{"id":163319,"n":"Assiettes plates Homeside 23cm rouge sans film PE - x20","p":4.9,"u":"0,25 €/P","img":"https://fd15-photos.leclercdrive.fr/image.ashx?id=2177406&use=l&cat=p&typeid=i","cat":334134},{"id":163323,"n":"Assiettes plates Homeside 23cm turquoise sans film PE-x20","p":4.9,"u":"0,25 €/P","img":"https://fd15-photos.leclercdrive.fr/image.ashx?id=2177409&use=l&cat=p&typeid=i","cat":334134},{"id":163325,"n":"Assiettes plates Homeside Rose clair 23 cm - x20","p":4.9,"u":"0,25 €/P","img":"https://fd15-photos.leclercdrive.fr/image.ashx?id=2928345&use=l&cat=p&typeid=i","cat":334134},{"id":163326,"n":"Assiettes plates Homeside 23 cm noir sans film PE - x20","p":4.9,"u":"0,25 €/P","img":"https://fd15-photos.leclercdrive.fr/image.ashx?id=2177397&use=l&cat=p&typeid=i","cat":334134},{"id":163328,"n":"Aassiettes plates Homeside 23 cm anis sans film PE - x20","p":4.9,"u":"0,25 €/P","img":"https://fd15-photos.leclercdrive.fr/image.ashx?id=2177385&use=l&cat=p&typeid=i","cat":334134},{"id":163329,"n":"Assiettes plates Homeside 23 cm jaune sans film PE - x20","p":4.9,"u":"0,25 €/P","img":"https://fd15-photos.leclercdrive.fr/image.ashx?id=2177394&use=l&cat=p&typeid=i","cat":334134},{"id":163333,"n":"Assiettes plates Homeside 23 cm Bleu nuit sans film - x20","p":4.9,"img":"https://fd15-photos.leclercdrive.fr/image.ashx?id=2742321&use=l&cat=p&typeid=i","cat":334134},{"id":163355,"n":"Gobelets 10cl Homeside Décor café - x20","p":2.9,"u":"0,15 €/P","img":"https://fd15-photos.leclercdrive.fr/image.ashx?id=2177361&use=l&cat=p&typeid=i","cat":334134},{"id":163362,"n":"Gobelets double paroi Homeside 10cl Carton kraft - x10","p":1.9,"u":"0,19 €/P","img":"https://fd15-photos.leclercdrive.fr/image.ashx?id=2181584&use=l&cat=p&typeid=i","cat":334134},{"id":163370,"n":"Thon entier Petit Navire MSC Nature - 3x112g","p":10.19,"u":"30,33 €/KG","img":"https://fd15-photos.leclercdrive.fr/image.ashx?id=2521921&use=l&cat=p&typeid=i","cat":303867},{"id":163420,"n":"Smarties Mini Bonbons Chocolats 21 boites - 315g","p":5.75,"u":"18,25 €/KG","img":"https://fd15-photos.leclercdrive.fr/image.ashx?id=2740862&use=l&cat=p&typeid=i","cat":304238},{"id":163476,"n":"Petit pot bébé Bledina 6 mois purée Carottes Choux fleurs","p":3.25,"u":"8,13 €/KG","img":"https://fd15-photos.leclercdrive.fr/image.ashx?id=2909509&use=l&cat=p&typeid=i","cat":312235},{"id":163521,"n":"Petit pot bébé Blédina 4-6 mois Épinards - 2x130g","p":2.05,"u":"7,88 €/KG","img":"https://fd15-photos.leclercdrive.fr/image.ashx?id=2986167&use=l&cat=p&typeid=i","cat":312234},{"id":163525,"n":"Petit pot bébé Blédina 6 mois Haricot carotte veau - 2x200g","p":3.25,"u":"8,13 €/KG","img":"https://fd15-photos.leclercdrive.fr/image.ashx?id=2935756&use=l&cat=p&typeid=i","cat":312236},{"id":163526,"n":"Petit pot bébé bledina 6 mois  Purée légumes agneau - 2x200g","p":3.25,"u":"8,13 €/KG","img":"https://fd15-photos.leclercdrive.fr/image.ashx?id=2976770&use=l&cat=p&typeid=i","cat":312236},{"id":163529,"n":"Compote bébé Blédina 4-6 mois Pomme - 2x130g","p":2.25,"u":"8,65 €/KG","img":"https://fd15-photos.leclercdrive.fr/image.ashx?id=2911211&use=l&cat=p&typeid=i","cat":312387},{"id":163534,"n":"Isey Skyr Fraise - 400g","p":4.29,"u":"10,73 €/KG","img":"https://fd15-photos.leclercdrive.fr/image.ashx?id=2601193&use=l&cat=p&typeid=i","cat":315000},{"id":163543,"n":"Isey Skyr Vanille - 400g","p":4.29,"u":"10,73 €/KG","img":"https://fd15-photos.leclercdrive.fr/image.ashx?id=2598609&use=l&cat=p&typeid=i","cat":315000},{"id":163613,"n":"Mozzarella fromage râpé  Les Croisés - 150g","p":1.74,"u":"11,60 €/KG","img":"https://fd15-photos.leclercdrive.fr/image.ashx?id=2178848&use=l&cat=p&typeid=i","cat":314035},{"id":163640,"n":"Poireaux émincés Bio Bio Village - 600g","p":3.19,"u":"5,32 €/KG","img":"https://fd15-photos.leclercdrive.fr/image.ashx?id=2898098&use=l&cat=p&typeid=i","cat":319805},{"id":163643,"n":"Patates douces en morceaux Bio Bio Village - 600g","p":3.75,"u":"6,25 €/KG","img":"https://fd15-photos.leclercdrive.fr/image.ashx?id=2898101&use=l&cat=p&typeid=i","cat":319805},{"id":163659,"n":"Assiette bio Bio Village 12mois Ratatouille saumon - 230g","p":2.69,"u":"11,70 €/KG","img":"https://fd15-photos.leclercdrive.fr/image.ashx?id=2900250&use=l&cat=p&typeid=i","cat":312237},{"id":163706,"n":"Poisson Pané Cabillaud MSC Façon Fish & Chips x4 - 400g","p":9.6,"u":"24,00 €/KG","img":"https://fd15-photos.leclercdrive.fr/image.ashx?id=2985351&use=l&cat=p&typeid=i","cat":319788},{"id":163709,"n":"Fromage à tartiner Madame Loïk Fouetté Nature - 460g","p":7.55,"u":"16,41 €/KG","img":"https://fd15-photos.leclercdrive.fr/image.ashx?id=2967801&use=l&cat=p&typeid=i","cat":314029},{"id":163749,"n":"Mousseline Purina Gourmet Boeuf nappé de sauce - 4x57g","p":3.9,"u":"17,11 €/KG","img":"https://fd15-photos.leclercdrive.fr/image.ashx?id=2861773&use=l&cat=p&typeid=i","cat":285286},{"id":163750,"n":"Mousseline Purina Gourmet Poulet nappé de sauce - 4x57g","p":3.9,"u":"17,11 €/KG","img":"https://fd15-photos.leclercdrive.fr/image.ashx?id=2864197&use=l&cat=p&typeid=i","cat":285286},{"id":163753,"n":"Compote Charles & Alice Pommes Ananas - 4x97g","p":2.89,"u":"7,45 €/KG","img":"https://fd15-photos.leclercdrive.fr/image.ashx?id=2757683&use=l&cat=p&typeid=i","cat":284416},{"id":163910,"n":"Daddy pure canne bio 750g","p":5.9,"u":"7,87 €/KG","img":"https://fd15-photos.leclercdrive.fr/image.ashx?id=2936077&use=l&cat=p&typeid=i","cat":284502},{"id":163918,"n":"Salame Finocchiona IGP Tradizioni d'Italia - 100g","p":4.39,"u":"43,90 €/KG","img":"https://fd15-photos.leclercdrive.fr/image.ashx?id=2925213&use=l&cat=p&typeid=i","cat":316007},{"id":163928,"n":"Miel de France Lune de Miel Crémeux- 250g","p":4.49,"u":"17,96 €/KG","img":"https://fd15-photos.leclercdrive.fr/image.ashx?id=2338766&use=l&cat=p&typeid=i","cat":287643},{"id":163930,"n":"Chorizo doux tranché L'Atelier Charcuterie - 100g","p":2.46,"u":"24,60 €/KG","img":"https://fd15-photos.leclercdrive.fr/image.ashx?id=2856666&use=l&cat=p&typeid=i","cat":316007},{"id":164333,"n":"AOC Saint Estèphe rouge Les Pagodes de Cos - 75cl","p":79.9,"u":"106,53 €/L","img":"https://fd15-photos.leclercdrive.fr/image.ashx?id=2862440&use=l&cat=p&typeid=i","cat":289556},{"id":164361,"n":"Lait de coco fluide bio Bjorg - 3x200ml","p":7.09,"u":"11,82 €/L","img":"https://fd15-photos.leclercdrive.fr/image.ashx?id=2642438&use=l&cat=p&typeid=i","cat":294991},{"id":164367,"n":"Pizza Turini 4 fromages - 200g","p":3.69,"u":"18,45 €/KG","img":"https://fd15-photos.leclercdrive.fr/image.ashx?id=2839941&use=l&cat=p&typeid=i","cat":333679},{"id":164394,"n":"Compotes Pom'Potes Gourdes  Pomme Poire Banane - 32x90g","p":20.45,"u":"7,10 €/KG","img":"https://fd15-photos.leclercdrive.fr/image.ashx?id=3010936&use=l&cat=p&typeid=i","cat":284508},{"id":164500,"n":"Gelée douche Ushuaïa Café & Açaï - 300ml","p":3.13,"u":"12,52 €/L","img":"https://fd15-photos.leclercdrive.fr/image.ashx?id=2445337&use=l&cat=p&typeid=i","cat":284594},{"id":164539,"n":"Noix de pécan Sainte Lucie Cerneaux - 50g","p":3.4,"u":"68,00 €/KG","img":"https://fd15-photos.leclercdrive.fr/image.ashx?id=2187751&use=l&cat=p&typeid=i","cat":284504},{"id":164541,"n":"Maïs Bonduelle Sans Résidu De Pesticides 285g","p":1.88,"u":"6,60 €/KG","img":"https://fd15-photos.leclercdrive.fr/image.ashx?id=2972892&use=l&cat=p&typeid=i","cat":312611},{"id":164542,"n":"Cumin entier Sainte Lucie 38g","p":2.99,"u":"78,68 €/KG","img":"https://fd15-photos.leclercdrive.fr/image.ashx?id=2774412&use=l&cat=p&typeid=i","cat":298297},{"id":164544,"n":"Colorants alimentaires Sainte L 30g","p":4.6,"u":"153,33 €/KG","img":"https://fd15-photos.leclercdrive.fr/image.ashx?id=2774319&use=l&cat=p&typeid=i","cat":284504},{"id":164546,"n":"Arôme naturel Sainte Lucie Citron - 20ml","p":3.65,"u":"182,50 €/L","img":"https://fd15-photos.leclercdrive.fr/image.ashx?id=2187745&use=l&cat=p&typeid=i","cat":284504},{"id":164548,"n":"Levure boulangère Sainte Lucie Traditionnelle - 40g","p":1.55,"u":"38,75 €/KG","img":"https://fd15-photos.leclercdrive.fr/image.ashx?id=2829949&use=l&cat=p&typeid=i","cat":284504},{"id":164550,"n":"Nappage caramel Sainte Lucie 200g","p":3.05,"u":"15,25 €/KG","img":"https://fd15-photos.leclercdrive.fr/image.ashx?id=2775709&use=l&cat=p&typeid=i","cat":284504},{"id":164551,"n":"Cannelle poudre Sainte Lucie 45g","p":3.3,"u":"73,33 €/KG","img":"https://fd15-photos.leclercdrive.fr/image.ashx?id=2972934&use=l&cat=p&typeid=i","cat":298297},{"id":164552,"n":"Coriandre Sainte Lucie 25g","p":2.69,"u":"107,60 €/KG","img":"https://fd15-photos.leclercdrive.fr/image.ashx?id=2974333&use=l&cat=p&typeid=i","cat":298297},{"id":164553,"n":"Ail semoule Sainte Lucie 100g","p":3.18,"u":"31,80 €/KG","img":"https://fd15-photos.leclercdrive.fr/image.ashx?id=2968160&use=l&cat=p&typeid=i","cat":298297},{"id":164554,"n":"Origan sèche Sainte Lucie 13g","p":2.45,"u":"188,46 €/KG","img":"https://fd15-photos.leclercdrive.fr/image.ashx?id=2975182&use=l&cat=p&typeid=i","cat":298297},{"id":164566,"n":"Lingettes Mixa Bébé  Au Lait de Toilette x72","p":6.55,"img":"https://fd15-photos.leclercdrive.fr/image.ashx?id=2869101&use=l&cat=p&typeid=i","cat":284738},{"id":164569,"n":"Gel nettoyant Cadum Bébé  Corps et Cheveux - 750ml","p":8.71,"u":"11,61 €/L","img":"https://fd15-photos.leclercdrive.fr/image.ashx?id=2377799&use=l&cat=p&typeid=i","cat":284740},{"id":164574,"n":"Gel douche Ushuaia  Douceur du Japon - 300ml","p":3.13,"u":"10,43 €/L","img":"https://fd15-photos.leclercdrive.fr/image.ashx?id=2446989&use=l&cat=p&typeid=i","cat":284594},{"id":164582,"n":"Gel douche Bio Ushuaïa Coco - 250ml","p":3.13,"u":"12,52 €/L","img":"https://fd15-photos.leclercdrive.fr/image.ashx?id=2439332&use=l&cat=p&typeid=i","cat":284594},{"id":164584,"n":"Crème Douche surgras Cadum Beurre de Karité - 750ml","p":5.8,"u":"7,73 €/L","img":"https://fd15-photos.leclercdrive.fr/image.ashx?id=2395020&use=l&cat=p&typeid=i","cat":284594},{"id":164593,"n":"Gel douche Shampoing Ushuaïa Minéraux Marins - 300ml","p":3.91,"u":"13,03 €/L","img":"https://fd15-photos.leclercdrive.fr/image.ashx?id=2445349&use=l&cat=p&typeid=i","cat":284606},{"id":164594,"n":"Gel Douche Hydratant Ushuaïa Grenade des Açores - 300ml","p":3.13,"u":"10,43 €/L","img":"https://fd15-photos.leclercdrive.fr/image.ashx?id=2446983&use=l&cat=p&typeid=i","cat":284594},{"id":164595,"n":"Gel Douche Délassant Ushuaïa Ylang de Madagascar - 300ml","p":3.13,"u":"10,43 €/L","img":"https://fd15-photos.leclercdrive.fr/image.ashx?id=2445346&use=l&cat=p&typeid=i","cat":284594},{"id":164596,"n":"Gel Douche Tonifiant Ushuaïa Extrait de Cèdre - 300ml","p":3.23,"u":"10,77 €/L","img":"https://fd15-photos.leclercdrive.fr/image.ashx?id=2445343&use=l&cat=p&typeid=i","cat":284594},{"id":164602,"n":"Lessive liquide fraîcheur ECO+ 40 lavages - 2L","p":4.29,"u":"2,15 €/L","img":"https://fd15-photos.leclercdrive.fr/image.ashx?id=2597988&use=l&cat=p&typeid=i","cat":284640},{"id":164603,"n":"Lessive liquide fleurie Epsil 25 lavages - 1,25L","p":5.39,"u":"4,31 €/L","img":"https://fd15-photos.leclercdrive.fr/image.ashx?id=2603000&use=l&cat=p&typeid=i","cat":284640},{"id":164604,"n":"Lessive liquide fraîcheur Epsil 25 lavages - 1,25L","p":5.45,"u":"4,36 €/L","img":"https://fd15-photos.leclercdrive.fr/image.ashx?id=2602994&use=l&cat=p&typeid=i","cat":284640},{"id":164605,"n":"Blended whisky ECO+ 40% - 1L","p":21.95,"u":"21,95 €/L","img":"https://fd15-photos.leclercdrive.fr/image.ashx?id=2907147&use=l&cat=p&typeid=i","cat":284547},{"id":164607,"n":"Blended whisky Eco+ 40% - 70cl","p":15.59,"u":"22,27 €/L","img":"https://fd15-photos.leclercdrive.fr/image.ashx?id=2907150&use=l&cat=p&typeid=i","cat":284547},{"id":164611,"n":"Glacière isotherme Jute 26 L","p":6.49,"img":"https://fd15-photos.leclercdrive.fr/image.ashx?id=2188378&use=l&cat=p&typeid=i","cat":334139},{"id":164636,"n":"Mix de graines complètes bio Happy Bio - 250g","p":4.69,"u":"18,76 €/KG","img":"https://fd15-photos.leclercdrive.fr/image.ashx?id=2971005&use=l&cat=p&typeid=i","cat":284429},{"id":164650,"n":"Soupe liquide brique Liebig  Chinoise - 2x30cl","p":5.0,"u":"8,33 €/L","img":"https://fd15-photos.leclercdrive.fr/image.ashx?id=2189727&use=l&cat=p&typeid=i","cat":284462},{"id":164787,"n":"Steak haché Charal Label Rouge 12% MG - 4x110g","p":9.5,"u":"21,59 €/KG","img":"https://fd15-photos.leclercdrive.fr/image.ashx?id=2741976&use=l&cat=p&typeid=i","cat":319778},{"id":164815,"n":"12 vitamines + 9 minéraux  Juvamine - 30 comprimés","p":6.4,"u":"0,21 €/P","img":"https://fd15-photos.leclercdrive.fr/image.ashx?id=2675951&use=l&cat=p&typeid=i","cat":313217},{"id":164924,"n":"Bain de Bouche Listerine   Total care leger - 500ml","p":7.3,"u":"14,60 €/L","img":"https://fd15-photos.leclercdrive.fr/image.ashx?id=2685159&use=l&cat=p&typeid=i","cat":284613},{"id":164999,"n":"Ficelle alimentaire Rozenbal 100m avec dévidoir","p":4.95,"img":"https://fd15-photos.leclercdrive.fr/image.ashx?id=2192362&use=l&cat=p&typeid=i","cat":334135},{"id":165036,"n":"Huile de Douche Ushuaia  Monoï & Fleur de Tiaré - 300ml","p":3.13,"u":"10,43 €/L","img":"https://fd15-photos.leclercdrive.fr/image.ashx?id=2445352&use=l&cat=p&typeid=i","cat":284594},{"id":165037,"n":"Recharge pour diffuseur Glade Lavandin & Santal - 17.5ml","p":9.54,"u":"530,00 €/L","img":"https://fd15-photos.leclercdrive.fr/image.ashx?id=2661448&use=l&cat=p&typeid=i","cat":311629},{"id":165063,"n":"Gel Lubrifiant Intime Hot Durex Effet Chauffant Base Eau 100ml","p":10.61,"u":"106,10 €/L","img":"https://fd15-photos.leclercdrive.fr/image.ashx?id=2785487&use=l&cat=p&typeid=i","cat":285160},{"id":165064,"n":"Lessive poudre Eco + 60 lavages - 3kg","p":6.59,"u":"2,20 €/KG","img":"https://fd15-photos.leclercdrive.fr/image.ashx?id=2638524&use=l&cat=p&typeid=i","cat":284642},{"id":165097,"n":"Bicarbonate alimentaire en sac Recharge openup - extra fin 3kg","p":22.05,"u":"7,35 €/KG","img":"https://fd15-photos.leclercdrive.fr/image.ashx?id=2193611&use=l&cat=p&typeid=i","cat":284457},{"id":165150,"n":"Bonbons Carambar CaraMoellow - 160g","p":4.14,"u":"25,88 €/KG","img":"https://fd15-photos.leclercdrive.fr/image.ashx?id=2817902&use=l&cat=p&typeid=i","cat":304250},{"id":165151,"n":"Bonbons Soda-Fizz Lutti - 180G","p":3.56,"u":"19,78 €/KG","img":"https://fd15-photos.leclercdrive.fr/image.ashx?id=2815025&use=l&cat=p&typeid=i","cat":304250},{"id":165193,"n":"Croquette chat Perfect Fit  Natural Vitality poisson - 1kg","p":11.75,"u":"11,75 €/KG","img":"https://fd15-photos.leclercdrive.fr/image.ashx?id=2195068&use=l&cat=p&typeid=i","cat":284680},{"id":165198,"n":"Pate à tartiner Bonne Maman Noisette et cacao - 250g","p":5.29,"u":"21,16 €/KG","img":"https://fd15-photos.leclercdrive.fr/image.ashx?id=2891103&use=l&cat=p&typeid=i","cat":284481},{"id":165199,"n":"Pate à tartiner Bonne Maman Noisette et cacao - 360g","p":8.98,"u":"24,94 €/KG","img":"https://fd15-photos.leclercdrive.fr/image.ashx?id=2891106&use=l&cat=p&typeid=i","cat":284481},{"id":165200,"n":"Pate à tartiner Bonne Maman Noisette et cacao - 580g","p":9.68,"u":"16,69 €/KG","img":"https://fd15-photos.leclercdrive.fr/image.ashx?id=2891109&use=l&cat=p&typeid=i","cat":284481},{"id":165314,"n":"Baguettes viennoises Big'in x4 - 340g","p":4.75,"u":"13,97 €/KG","img":"https://fd15-photos.leclercdrive.fr/image.ashx?id=2201549&use=l&cat=p&typeid=i","cat":293505},{"id":165318,"n":"Jus Caresse Antillaise Aloe vera - 50cl","p":1.65,"u":"3,30 €/L","img":"https://fd15-photos.leclercdrive.fr/image.ashx?id=2199968&use=l&cat=p&typeid=i","cat":284354},{"id":165319,"n":"Jus Caresse Antillaise Aloe vera - 1L","p":2.79,"u":"2,79 €/L","img":"https://fd15-photos.leclercdrive.fr/image.ashx?id=2199971&use=l&cat=p&typeid=i","cat":284354},{"id":165320,"n":"Jus Caresse Antillaise Tropical - 1L","p":2.65,"u":"2,65 €/L","img":"https://fd15-photos.leclercdrive.fr/image.ashx?id=2200148&use=l&cat=p&typeid=i","cat":285435},{"id":165321,"n":"Jus Caresse Antillaise Tropical - 50cl","p":1.55,"u":"3,10 €/L","img":"https://fd15-photos.leclercdrive.fr/image.ashx?id=2200151&use=l&cat=p&typeid=i","cat":285435},{"id":165322,"n":"Jus Caresse Antillaise Orange passion tropical - 3x1L","p":7.15,"u":"2,38 €/L","img":"https://fd15-photos.leclercdrive.fr/image.ashx?id=2200157&use=l&cat=p&typeid=i","cat":285435},{"id":165325,"n":"Boisson Caresse Antillaise Tropicale red - 1L","p":2.65,"u":"2,65 €/L","img":"https://fd15-photos.leclercdrive.fr/image.ashx?id=2200265&use=l&cat=p&typeid=i","cat":285435},{"id":165326,"n":"Boisson Caresse Antillaise Tropicale red - 50cl","p":1.55,"u":"3,10 €/L","img":"https://fd15-photos.leclercdrive.fr/image.ashx?id=2200268&use=l&cat=p&typeid=i","cat":285435},{"id":165330,"n":"Boisson Caresse Antillaise Tropical green - 50cl","p":1.55,"u":"3,10 €/L","img":"https://fd15-photos.leclercdrive.fr/image.ashx?id=2215942&use=l&cat=p&typeid=i","cat":285435},{"id":165331,"n":"Boisson Caresse Antillaise Tropical green - 1L","p":2.65,"u":"2,65 €/L","img":"https://fd15-photos.leclercdrive.fr/image.ashx?id=2215945&use=l&cat=p&typeid=i","cat":285435},{"id":165332,"n":"Boisson Caresse Antillaise Thé pêche - 50cl","p":1.55,"u":"3,10 €/L","img":"https://fd15-photos.leclercdrive.fr/image.ashx?id=2200757&use=l&cat=p&typeid=i","cat":285435},{"id":165333,"n":"Boisson Caresse Antillaise Thé pêche - 1L","p":2.65,"u":"2,65 €/L","img":"https://fd15-photos.leclercdrive.fr/image.ashx?id=2200760&use=l&cat=p&typeid=i","cat":285435},{"id":165334,"n":"Boisson Caresse Antillaise Orange passion - 50cl","p":1.55,"u":"3,10 €/L","img":"https://fd15-photos.leclercdrive.fr/image.ashx?id=2200772&use=l&cat=p&typeid=i","cat":285435},{"id":165335,"n":"Boisson Caresse Antillaise Orange - 50cl","p":1.55,"u":"3,10 €/L","img":"https://fd15-photos.leclercdrive.fr/image.ashx?id=2442214&use=l&cat=p&typeid=i","cat":285435},{"id":165336,"n":"Boisson Caresse Antillaise Prune de cythère - 50cl","p":1.55,"u":"3,10 €/L","img":"https://fd15-photos.leclercdrive.fr/image.ashx?id=2200778&use=l&cat=p&typeid=i","cat":285435},{"id":165337,"n":"Boisson Caresse Antillaise Orange - 1L","p":2.65,"u":"2,65 €/L","img":"https://fd15-photos.leclercdrive.fr/image.ashx?id=2200793&use=l&cat=p&typeid=i","cat":285435},{"id":165338,"n":"Boisson Caresse Antillaise Orange passion - 1L","p":2.65,"u":"2,65 €/L","img":"https://fd15-photos.leclercdrive.fr/image.ashx?id=2200802&use=l&cat=p&typeid=i","cat":285435},{"id":165339,"n":"Brocolis en fleurettes D'aucy Sachet de 1kg","p":5.4,"u":"5,40 €/KG","img":"https://fd15-photos.leclercdrive.fr/image.ashx?id=2199296&use=l&cat=p&typeid=i","cat":319805},{"id":165344,"n":"Carottes en rondelles D'aucy Sachet de 1kg","p":3.75,"u":"3,75 €/KG","img":"https://fd15-photos.leclercdrive.fr/image.ashx?id=2199581&use=l&cat=p&typeid=i","cat":319805},{"id":165346,"n":"Chocolat Prodial  Première communion - 1L","p":5.9,"u":"5,90 €/L","img":"https://fd15-photos.leclercdrive.fr/image.ashx?id=2846078&use=l&cat=p&typeid=i","cat":295246},{"id":165351,"n":"Compote Caresse Antillaise Pomme - 8x100g","p":4.18,"u":"5,23 €/KG","img":"https://fd15-photos.leclercdrive.fr/image.ashx?id=2200064&use=l&cat=p&typeid=i","cat":284416},{"id":165353,"n":"Compote Caresse Antillaise Pomme ananas - 4x100g","p":2.88,"u":"7,20 €/KG","img":"https://fd15-photos.leclercdrive.fr/image.ashx?id=2200070&use=l&cat=p&typeid=i","cat":284416},{"id":165354,"n":"Compote Caresse Antillaise Pomme goyave - 4x100g","p":2.88,"u":"7,20 €/KG","img":"https://fd15-photos.leclercdrive.fr/image.ashx?id=2200073&use=l&cat=p&typeid=i","cat":284416},{"id":165355,"n":"Compote Caresse Antillaise Pomme letchi - 4x100g","p":2.75,"u":"6,88 €/KG","img":"https://fd15-photos.leclercdrive.fr/image.ashx?id=2200076&use=l&cat=p&typeid=i","cat":284416},{"id":165356,"n":"Compote Caresse Antillaise Pomme allégée - 4x100g","p":2.69,"u":"6,73 €/KG","img":"https://fd15-photos.leclercdrive.fr/image.ashx?id=2200079&use=l&cat=p&typeid=i","cat":284416},{"id":165357,"n":"Compote Caresse Antillaise Pomme 16+4 offerts x100g","p":6.04,"u":"3,78 €/KG","img":"https://fd15-photos.leclercdrive.fr/image.ashx?id=2200271&use=l&cat=p&typeid=i","cat":284416},{"id":165359,"n":"Compote Caresse Antillaise Pom pom goy 16+4 offerts x100g","p":6.04,"u":"3,78 €/KG","img":"https://fd15-photos.leclercdrive.fr/image.ashx?id=2200337&use=l&cat=p&typeid=i","cat":284416},{"id":165361,"n":"Compote Caresse Antillaise Pomme pom frts trop 16+4 x100g","p":6.04,"u":"3,78 €/KG","img":"https://fd15-photos.leclercdrive.fr/image.ashx?id=2200445&use=l&cat=p&typeid=i","cat":284416},{"id":165362,"n":"Cône Paradis glaces Vanille pacane - 4x125ml","p":5.58,"u":"11,16 €/L","img":"https://fd15-photos.leclercdrive.fr/image.ashx?id=2199929&use=l&cat=p&typeid=i","cat":284264},{"id":165364,"n":"Cône Paradis glaces Super coco - 6x125ml","p":5.82,"u":"7,76 €/L","img":"https://fd15-photos.leclercdrive.fr/image.ashx?id=2200742&use=l&cat=p&typeid=i","cat":284264},{"id":165365,"n":"Cône Paradis glaces vanille  Macadamia amandes - 4x125ml","p":5.55,"u":"11,10 €/L","img":"https://fd15-photos.leclercdrive.fr/image.ashx?id=2200319&use=l&cat=p&typeid=i","cat":284264},{"id":165367,"n":"Courgettes en rondelles D'aucy Sachet de 1kg","p":3.9,"u":"3,90 €/KG","img":"https://fd15-photos.leclercdrive.fr/image.ashx?id=2199599&use=l&cat=p&typeid=i","cat":319805},{"id":165369,"n":"Crème foisonnement Candia Stérilisée UHT 35,1%mg - 1l","p":8.99,"u":"8,99 €/L","img":"https://fd15-photos.leclercdrive.fr/image.ashx?id=2215068&use=l&cat=p&typeid=i","cat":284382},{"id":165370,"n":"Crème fraîche Yoplait  15%MG - 20cl","p":1.9,"u":"9,50 €/L","img":"https://fd15-photos.leclercdrive.fr/image.ashx?id=2199557&use=l&cat=p&typeid=i","cat":284381},{"id":165371,"n":"Crème fraîche Yoplait  Crème fraîche 15%mg - 50cl","p":3.7,"u":"7,40 €/L","img":"https://fd15-photos.leclercdrive.fr/image.ashx?id=2199560&use=l&cat=p&typeid=i","cat":284381},{"id":165374,"n":"Crème glacée Miko Fraise - 1L","p":3.96,"u":"3,96 €/L","img":"https://fd15-photos.leclercdrive.fr/image.ashx?id=2199353&use=l&cat=p&typeid=i","cat":284263},{"id":165375,"n":"Crème glacée Miko Rhum raisins - 1L","p":3.96,"u":"3,96 €/L","img":"https://fd15-photos.leclercdrive.fr/image.ashx?id=2200025&use=l&cat=p&typeid=i","cat":284263},{"id":165376,"n":"Crème glacée Miko Vanille - 1L","p":3.96,"u":"3,96 €/L","img":"https://fd15-photos.leclercdrive.fr/image.ashx?id=2200028&use=l&cat=p&typeid=i","cat":284263},{"id":165377,"n":"Crème glacée Miko Pistache - 1L","p":3.96,"u":"3,96 €/L","img":"https://fd15-photos.leclercdrive.fr/image.ashx?id=2200031&use=l&cat=p&typeid=i","cat":284263},{"id":165378,"n":"Crème glacée Miko Chocolat - 1L","p":3.96,"u":"3,96 €/L","img":"https://fd15-photos.leclercdrive.fr/image.ashx?id=2200034&use=l&cat=p&typeid=i","cat":284263},{"id":165379,"n":"Crème glacée Miko Noix de coco - 1L","p":3.96,"u":"3,96 €/L","img":"https://fd15-photos.leclercdrive.fr/image.ashx?id=2200037&use=l&cat=p&typeid=i","cat":284263},{"id":165380,"n":"Crème glacée Miko Dame blanche - 1L","p":3.96,"u":"3,96 €/L","img":"https://fd15-photos.leclercdrive.fr/image.ashx?id=2200040&use=l&cat=p&typeid=i","cat":284263},{"id":165381,"n":"Crème glacée Miko Vanille marbrée fraise - 1L","p":3.96,"u":"3,96 €/L","img":"https://fd15-photos.leclercdrive.fr/image.ashx?id=2200043&use=l&cat=p&typeid=i","cat":284263},{"id":165382,"n":"Crème glacée Miko Pistache marbrée chocolat - 1L","p":3.96,"u":"3,96 €/L","img":"https://fd15-photos.leclercdrive.fr/image.ashx?id=2200307&use=l&cat=p&typeid=i","cat":284263},{"id":165383,"n":"Crème glacée Miko Praliné - 1L","p":3.96,"u":"3,96 €/L","img":"https://fd15-photos.leclercdrive.fr/image.ashx?id=2200310&use=l&cat=p&typeid=i","cat":284263},{"id":165384,"n":"Crème glacée Miko Désir de chocolat - 1L","p":3.96,"u":"3,96 €/L","img":"https://fd15-photos.leclercdrive.fr/image.ashx?id=2200313&use=l&cat=p&typeid=i","cat":284263},{"id":165385,"n":"Crème glacée Miko Caramel beurre salé - 1L","p":3.96,"u":"3,96 €/L","img":"https://fd15-photos.leclercdrive.fr/image.ashx?id=2200316&use=l&cat=p&typeid=i","cat":284263},{"id":165387,"n":"Crème glacée Miko Pop corn caramélisé - 1L","p":3.96,"u":"3,96 €/L","img":"https://fd15-photos.leclercdrive.fr/image.ashx?id=2200484&use=l&cat=p&typeid=i","cat":284263},{"id":165388,"n":"Crème glacée Miko Biscuit américain - 1L","p":3.96,"u":"3,96 €/L","img":"https://fd15-photos.leclercdrive.fr/image.ashx?id=2200520&use=l&cat=p&typeid=i","cat":284263},{"id":165389,"n":"Crème glacée Paradis glaces Super coco - 1L","p":4.09,"u":"4,09 €/L","img":"https://fd15-photos.leclercdrive.fr/image.ashx?id=2236956&use=l&cat=p&typeid=i","cat":284263},{"id":165390,"n":"Crème glacée Paradis glaces Café - 1L","p":4.09,"u":"4,09 €/L","img":"https://fd15-photos.leclercdrive.fr/image.ashx?id=2199893&use=l&cat=p&typeid=i","cat":284263},{"id":165393,"n":"Crème glacée Paradis glaces Chocolat - 1L","p":4.09,"u":"4,09 €/L","img":"https://fd15-photos.leclercdrive.fr/image.ashx?id=2200046&use=l&cat=p&typeid=i","cat":284263},{"id":165394,"n":"Crème glacée Paradis glaces Chocolat cacahuète - 1L","p":4.09,"u":"4,09 €/L","img":"https://fd15-photos.leclercdrive.fr/image.ashx?id=2200049&use=l&cat=p&typeid=i","cat":284263},{"id":165395,"n":"Crème glacée Paradis glaces Manioc - 1L","p":4.09,"u":"4,09 €/L","img":"https://fd15-photos.leclercdrive.fr/image.ashx?id=2200199&use=l&cat=p&typeid=i","cat":284263},{"id":165396,"n":"Crème glacée Paradis glaces Gingembre - 1L","p":4.09,"u":"4,09 €/L","img":"https://fd15-photos.leclercdrive.fr/image.ashx?id=2200280&use=l&cat=p&typeid=i","cat":284263},{"id":165398,"n":"Crème glacée Paradis glaces Vanille macadamia amandes - 1L","p":8.45,"u":"8,45 €/L","img":"https://fd15-photos.leclercdrive.fr/image.ashx?id=2200304&use=l&cat=p&typeid=i","cat":284263},{"id":165399,"n":"Crème glacée Paradis glaces Peanut butter - 1L","p":8.45,"u":"8,45 €/L","img":"https://fd15-photos.leclercdrive.fr/image.ashx?id=2200427&use=l&cat=p&typeid=i","cat":284263},{"id":165400,"n":"Crème glacée Paradis glaces Cacahuéte grillée - 1L","p":4.09,"u":"4,09 €/L","img":"https://fd15-photos.leclercdrive.fr/image.ashx?id=2204306&use=l&cat=p&typeid=i","cat":284263},{"id":165401,"n":"Crème glacée Paradis glaces Noix de cajou - 1L","p":4.09,"u":"4,09 €/L","img":"https://fd15-photos.leclercdrive.fr/image.ashx?id=2200481&use=l&cat=p&typeid=i","cat":284263},{"id":165403,"n":"Crème glacée Paradis glaces Vanille pacane - 1L","p":8.45,"u":"8,45 €/L","img":"https://fd15-photos.leclercdrive.fr/image.ashx?id=2200706&use=l&cat=p&typeid=i","cat":284263},{"id":165404,"n":"Crème glacée Paradis glaces Cacahuète - 1L","p":4.09,"u":"4,09 €/L","img":"https://fd15-photos.leclercdrive.fr/image.ashx?id=2200709&use=l&cat=p&typeid=i","cat":284263},{"id":165405,"n":"Crème glacée Paradis glaces Vanille des îles - 1L","p":4.09,"u":"4,09 €/L","img":"https://fd15-photos.leclercdrive.fr/image.ashx?id=2200730&use=l&cat=p&typeid=i","cat":284263},{"id":165406,"n":"Crème glacée Paradis glaces Rhum raisins - 1L","p":4.09,"u":"4,09 €/L","img":"https://fd15-photos.leclercdrive.fr/image.ashx?id=2236977&use=l&cat=p&typeid=i","cat":284263},{"id":165408,"n":"Crème liaison et cuisson Candia Légère 18%mg - 1l","p":7.09,"u":"7,09 €/L","img":"https://fd15-photos.leclercdrive.fr/image.ashx?id=2201456&use=l&cat=p&typeid=i","cat":284381},{"id":165409,"n":"Crème multi recettes Candia Stérilisée uht 30%mg - 1l","p":8.0,"u":"8,00 €/L","img":"https://fd15-photos.leclercdrive.fr/image.ashx?id=2201453&use=l&cat=p&typeid=i","cat":284381},{"id":165410,"n":"Crème stérilisée uht Candia 30%mg - 20cl","p":1.81,"u":"9,05 €/L","img":"https://fd15-photos.leclercdrive.fr/image.ashx?id=2201459&use=l&cat=p&typeid=i","cat":284381},{"id":165411,"n":"Crème stérilisée uht Candia Légère 12%mg - 20cl","p":1.92,"u":"9,60 €/L","img":"https://fd15-photos.leclercdrive.fr/image.ashx?id=2201462&use=l&cat=p&typeid=i","cat":284381},{"id":165416,"n":"Floup au lait   Caramel beurre salé - 4x125ml","p":2.65,"u":"5,30 €/L","img":"https://fd15-photos.leclercdrive.fr/image.ashx?id=2200478&use=l&cat=p&typeid=i","cat":285250},{"id":165418,"n":"Floup au sirop  Exotique - 4x125ml","p":2.65,"u":"5,30 €/L","img":"https://fd15-photos.leclercdrive.fr/image.ashx?id=2236959&use=l&cat=p&typeid=i","cat":285250},{"id":165424,"n":"Fromage à tartiner Kiri Barquette de 200g","p":2.85,"u":"14,25 €/KG","img":"https://fd15-photos.leclercdrive.fr/image.ashx?id=2229479&use=l&cat=p&typeid=i","cat":314030},{"id":165427,"n":"Fromage Babybel  200g","p":2.95,"u":"14,75 €/KG","img":"https://fd15-photos.leclercdrive.fr/image.ashx?id=2229353&use=l&cat=p&typeid=i","cat":314030},{"id":165433,"n":"Fromage fondu Kiri ail et  Fines herbes 6 portions - 108g","p":2.55,"u":"23,61 €/KG","img":"https://fd15-photos.leclercdrive.fr/image.ashx?id=2229410&use=l&cat=p&typeid=i","cat":314030},{"id":165434,"n":"Fromage enfant Kiri chèvre 8 portions à tartiner - 144g","p":2.89,"u":"20,07 €/KG","img":"https://fd15-photos.leclercdrive.fr/image.ashx?id=2559190&use=l&cat=p&typeid=i","cat":314030},{"id":165435,"n":"Fromage mini Babybel light Filet de 5","p":3.25,"u":"0,65 €/P","img":"https://fd15-photos.leclercdrive.fr/image.ashx?id=2229407&use=l&cat=p&typeid=i","cat":314030},{"id":165436,"n":"Mini Babybel  Filet de 6","p":3.25,"u":"0,54 €/P","img":"https://fd15-photos.leclercdrive.fr/image.ashx?id=2229398&use=l&cat=p&typeid=i","cat":314030},{"id":165437,"n":"Fromage mini Babybel rouge  Filet de 10","p":4.95,"u":"0,50 €/P","img":"https://fd15-photos.leclercdrive.fr/image.ashx?id=2229452&use=l&cat=p&typeid=i","cat":314030},{"id":165442,"n":"Fruisson Paradis Glaces Nuty berlingots - 4x125ml","p":3.09,"u":"6,18 €/L","img":"https://fd15-photos.leclercdrive.fr/image.ashx?id=2200529&use=l&cat=p&typeid=i","cat":284265},{"id":165445,"n":"Haricots verts fins D'aucy Sachet de 1kg","p":4.4,"u":"4,40 €/KG","img":"https://fd15-photos.leclercdrive.fr/image.ashx?id=2199281&use=l&cat=p&typeid=i","cat":312606},{"id":165446,"n":"Haricots verts très fins D'aucy Sachet de 1kg","p":4.35,"u":"4,35 €/KG","img":"https://fd15-photos.leclercdrive.fr/image.ashx?id=2199587&use=l&cat=p&typeid=i","cat":312606},{"id":165447,"n":"Jus Caresse Antillaise Ananas - - 50cl","p":1.5,"u":"3,00 €/L","img":"https://fd15-photos.leclercdrive.fr/image.ashx?id=2200175&use=l&cat=p&typeid=i","cat":285435},{"id":165448,"n":"Jus Caresse Antillaise Ananas - 1L","p":2.5,"u":"2,50 €/L","img":"https://fd15-photos.leclercdrive.fr/image.ashx?id=2200178&use=l&cat=p&typeid=i","cat":285435},{"id":165450,"n":"Jus de canne Caresse Antillaise - 50cl","p":2.45,"u":"4,90 €/L","img":"https://fd15-photos.leclercdrive.fr/image.ashx?id=2200763&use=l&cat=p&typeid=i","cat":285435},{"id":165451,"n":"Légumes couscous D'aucy Sachet de 1kg","p":4.11,"u":"4,11 €/KG","img":"https://fd15-photos.leclercdrive.fr/image.ashx?id=2199302&use=l&cat=p&typeid=i","cat":319805},{"id":165452,"n":"Légumes pot au feu D'aucy Sachet de 1kg","p":3.97,"u":"3,97 €/KG","img":"https://fd15-photos.leclercdrive.fr/image.ashx?id=2304551&use=l&cat=p&typeid=i","cat":319805},{"id":165454,"n":"Légumes pour ratatouille D'aucy Sachet de 1kg","p":4.41,"u":"4,41 €/KG","img":"https://fd15-photos.leclercdrive.fr/image.ashx?id=2199284&use=l&cat=p&typeid=i","cat":319805},{"id":165455,"n":"Légumes shop suey D'aucy Sachet de 1kg","p":3.97,"u":"3,97 €/KG","img":"https://fd15-photos.leclercdrive.fr/image.ashx?id=2199611&use=l&cat=p&typeid=i","cat":319805},{"id":165457,"n":"Mélange caraïbe D'aucy Sachet de 1kg","p":4.55,"u":"4,55 €/KG","img":"https://fd15-photos.leclercdrive.fr/image.ashx?id=2199608&use=l&cat=p&typeid=i","cat":319805},{"id":165458,"n":"Mélange mexicain D'aucy Sachet de 1kg","p":4.21,"u":"4,21 €/KG","img":"https://fd15-photos.leclercdrive.fr/image.ashx?id=2199626&use=l&cat=p&typeid=i","cat":319805},{"id":165459,"n":"Merguez véritables Socopa Surgelées sachet de 1kg","p":10.9,"u":"10,90 €/KG","img":"https://fd15-photos.leclercdrive.fr/image.ashx?id=2199305&use=l&cat=p&typeid=i","cat":321330},{"id":165461,"n":"Morue julienne More codfish Salée séchée - 1kg","p":10.99,"u":"10,99 €/KG","img":"https://fd15-photos.leclercdrive.fr/image.ashx?id=2201657&use=l&cat=p&typeid=i","cat":319786},{"id":165464,"n":"Nectar Caresse Antillaise Cerise acérola - 50cl","p":1.55,"u":"3,10 €/L","img":"https://fd15-photos.leclercdrive.fr/image.ashx?id=2200766&use=l&cat=p&typeid=i","cat":285435},{"id":165465,"n":"Nectar Caresse Antillaise Cocktail de fruits - 50cl","p":1.55,"u":"3,10 €/L","img":"https://fd15-photos.leclercdrive.fr/image.ashx?id=2200769&use=l&cat=p&typeid=i","cat":285435},{"id":165466,"n":"Nectar Caresse Antillaise Mangue - 50cl","p":1.55,"u":"3,10 €/L","img":"https://fd15-photos.leclercdrive.fr/image.ashx?id=2200775&use=l&cat=p&typeid=i","cat":285435},{"id":165467,"n":"Nectar Caresse Antillaise Multifruits - 50cl","p":1.55,"u":"3,10 €/L","img":"https://fd15-photos.leclercdrive.fr/image.ashx?id=2200781&use=l&cat=p&typeid=i","cat":285435},{"id":165468,"n":"Nectar Caresse Antillaise Cocktail de fruits - 1L","p":2.65,"u":"2,65 €/L","img":"https://fd15-photos.leclercdrive.fr/image.ashx?id=2200787&use=l&cat=p&typeid=i","cat":285435},{"id":165469,"n":"Nectar Caresse Antillaise Mangue - 1L","p":2.65,"u":"2,65 €/L","img":"https://fd15-photos.leclercdrive.fr/image.ashx?id=2200790&use=l&cat=p&typeid=i","cat":285435},{"id":165472,"n":"Œuf poules élevées sol Bonnaire Barquette de 6","p":2.79,"u":"0,47 €/P","img":"https://fd15-photos.leclercdrive.fr/image.ashx?id=2201336&use=l&cat=p&typeid=i","cat":284378},{"id":165473,"n":"Œufs gros extra-frais Bonnaire Barquette de 12","p":4.44,"u":"0,37 €/P","img":"https://fd15-photos.leclercdrive.fr/image.ashx?id=2201345&use=l&cat=p&typeid=i","cat":284378},{"id":165474,"n":"Œufs poules élévées cage Mavic Plateau de 24 œufs frais","p":7.54,"u":"0,31 €/P","img":"https://fd15-photos.leclercdrive.fr/image.ashx?id=2201348&use=l&cat=p&typeid=i","cat":284378},{"id":165476,"n":"Pain au lait moelleux Big'in  Paquet de 10 - 350g","p":3.4,"u":"9,71 €/KG","img":"https://fd15-photos.leclercdrive.fr/image.ashx?id=2201543&use=l&cat=p&typeid=i","cat":293505},{"id":165477,"n":"Pain au lait nature Big'in  Paquet de 10 - 350g","p":3.12,"u":"8,91 €/KG","img":"https://fd15-photos.leclercdrive.fr/image.ashx?id=2201546&use=l&cat=p&typeid=i","cat":293505},{"id":165478,"n":"Pain de mie nature Big'in Paquet de 420g","p":3.05,"u":"7,26 €/KG","img":"https://fd15-photos.leclercdrive.fr/image.ashx?id=2201552&use=l&cat=p&typeid=i","cat":284477},{"id":165480,"n":"Pain de mie Canadian Big'in Nature - 675g","p":4.99,"u":"7,39 €/KG","img":"https://fd15-photos.leclercdrive.fr/image.ashx?id=2201519&use=l&cat=p&typeid=i","cat":284477},{"id":165481,"n":"Pain de mie Canadian Big'in Complet - 675g","p":5.08,"u":"7,53 €/KG","img":"https://fd15-photos.leclercdrive.fr/image.ashx?id=2201525&use=l&cat=p&typeid=i","cat":284477},{"id":165482,"n":"Pain de mie céréales Big'in Paquet de 420g","p":3.5,"u":"8,33 €/KG","img":"https://fd15-photos.leclercdrive.fr/image.ashx?id=2201558&use=l&cat=p&typeid=i","cat":284477},{"id":165483,"n":"Pain de mie complet  Big'in Paquet de 420g","p":3.15,"u":"7,50 €/KG","img":"https://fd15-photos.leclercdrive.fr/image.ashx?id=2201555&use=l&cat=p&typeid=i","cat":284477},{"id":165484,"n":"Pain de mie complet Big'in Paquet de 500g","p":3.78,"u":"7,56 €/KG","img":"https://fd15-photos.leclercdrive.fr/image.ashx?id=2201516&use=l&cat=p&typeid=i","cat":284477},{"id":165485,"n":"Pain de mie complet Big'in Tranches larges - 660g","p":4.8,"u":"7,27 €/KG","img":"https://fd15-photos.leclercdrive.fr/image.ashx?id=2201537&use=l&cat=p&typeid=i","cat":284477},{"id":165486,"n":"Pain de mie mulicéréales Big'in Paquet de 500g","p":3.88,"u":"7,76 €/KG","img":"https://fd15-photos.leclercdrive.fr/image.ashx?id=2201534&use=l&cat=p&typeid=i","cat":284477},{"id":165487,"n":"Pain de mie nature Big'in Tranches larges - 660g","p":3.84,"u":"5,82 €/KG","img":"https://fd15-photos.leclercdrive.fr/image.ashx?id=2201060&use=l&cat=p&typeid=i","cat":284477},{"id":165488,"n":"Pain de mie nature Big'in Paquet de 500g","p":3.36,"u":"6,72 €/KG","img":"https://fd15-photos.leclercdrive.fr/image.ashx?id=2201513&use=l&cat=p&typeid=i","cat":284477},{"id":165489,"n":"Pain de mie sans croute Big'in Big mie nature - 500g","p":3.9,"u":"7,80 €/KG","img":"https://fd15-photos.leclercdrive.fr/image.ashx?id=2201531&use=l&cat=p&typeid=i","cat":284477},{"id":165490,"n":"Pain de mie sans croute Big'in Big mie complet - 500g","p":5.67,"u":"11,34 €/KG","img":"https://fd15-photos.leclercdrive.fr/image.ashx?id=2201540&use=l&cat=p&typeid=i","cat":284477},{"id":165491,"n":"Pâte pour accras de morue Simbi Barquette de 500g","p":6.2,"u":"12,40 €/KG","img":"https://fd15-photos.leclercdrive.fr/image.ashx?id=2201312&use=l&cat=p&typeid=i","cat":319822},{"id":165499,"n":"Printanière de légumes D'aucy Sachet de 1kg","p":3.91,"u":"3,91 €/KG","img":"https://fd15-photos.leclercdrive.fr/image.ashx?id=2199287&use=l&cat=p&typeid=i","cat":319805},{"id":165501,"n":"Royal cône Cornetto Vanille - 6x125ml","p":5.7,"u":"7,60 €/L","img":"https://fd15-photos.leclercdrive.fr/image.ashx?id=2201441&use=l&cat=p&typeid=i","cat":284264},{"id":165502,"n":"Royal cône Cornetto Chocolat - 6x125ml","p":5.75,"u":"7,67 €/L","img":"https://fd15-photos.leclercdrive.fr/image.ashx?id=2201444&use=l&cat=p&typeid=i","cat":284264},{"id":165503,"n":"Royal cône Cornetto Pistache chocolat - 6x125ml","p":5.75,"u":"7,67 €/L","img":"https://fd15-photos.leclercdrive.fr/image.ashx?id=2201447&use=l&cat=p&typeid=i","cat":284264},{"id":165504,"n":"Sorbet Paradis glaces Ananas - 1L","p":4.09,"u":"4,09 €/L","img":"https://fd15-photos.leclercdrive.fr/image.ashx?id=2905390&use=l&cat=p&typeid=i","cat":284263},{"id":165505,"n":"Sorbet Paradis glaces Citron vert - 1L","p":4.09,"u":"4,09 €/L","img":"https://fd15-photos.leclercdrive.fr/image.ashx?id=2200712&use=l&cat=p&typeid=i","cat":284263},{"id":165506,"n":"Sorbet Paradis glaces Goyave rose - 1L","p":4.09,"u":"4,09 €/L","img":"https://fd15-photos.leclercdrive.fr/image.ashx?id=2236965&use=l&cat=p&typeid=i","cat":284263},{"id":165507,"n":"Sorbet Paradis glaces Letchi - 1L","p":4.09,"u":"4,09 €/L","img":"https://fd15-photos.leclercdrive.fr/image.ashx?id=2236968&use=l&cat=p&typeid=i","cat":284263},{"id":165508,"n":"Sorbet Paradis glaces Maracudja - 1L","p":4.09,"u":"4,09 €/L","img":"https://fd15-photos.leclercdrive.fr/image.ashx?id=2236971&use=l&cat=p&typeid=i","cat":284263},{"id":165509,"n":"Sorbet Paradis glaces Mangue - 1L","p":4.09,"u":"4,09 €/L","img":"https://fd15-photos.leclercdrive.fr/image.ashx?id=2200724&use=l&cat=p&typeid=i","cat":284263},{"id":165510,"n":"Sorbet Paradis glaces Prune de cythère - 1L","p":4.09,"u":"4,09 €/L","img":"https://fd15-photos.leclercdrive.fr/image.ashx?id=2236974&use=l&cat=p&typeid=i","cat":284263},{"id":165511,"n":"Sorbet Paradis glaces Sorbé coco - 1L","p":4.09,"u":"4,09 €/L","img":"https://fd15-photos.leclercdrive.fr/image.ashx?id=2200736&use=l&cat=p&typeid=i","cat":284263},{"id":165518,"n":"Yaourt Panier de Yoplait 0%mg Poire tropical abricot - 4x125g","p":2.39,"u":"19,12 €/KG","img":"https://fd15-photos.leclercdrive.fr/image.ashx?id=2200160&use=l&cat=p&typeid=i","cat":284410},{"id":165520,"n":"Yaourt Panier de Yoplait 0%mg Fraise framboise cerise 4x125g","p":2.29,"u":"4,58 €/KG","img":"https://fd15-photos.leclercdrive.fr/image.ashx?id=2200166&use=l&cat=p&typeid=i","cat":284410},{"id":165521,"n":"Yaourt Panier de yoplait 0%mg Fraise framboise cerise 8x125g","p":4.58,"u":"4,58 €/KG","img":"https://fd15-photos.leclercdrive.fr/image.ashx?id=2200169&use=l&cat=p&typeid=i","cat":284410},{"id":165522,"n":"Yaourt Panier de Yoplait 0%mg Fraise fram cer poi 16x125g","p":8.14,"u":"4,07 €/KG","img":"https://fd15-photos.leclercdrive.fr/image.ashx?id=2200172&use=l&cat=p&typeid=i","cat":284410},{"id":165527,"n":"Yaourt Panier de Yoplait 0%mg Ananas - 4x125g","p":2.35,"u":"4,70 €/KG","img":"https://fd15-photos.leclercdrive.fr/image.ashx?id=2200652&use=l&cat=p&typeid=i","cat":284410},{"id":165528,"n":"Yaourt Panier de Yoplait 0%mg Pruneaux - 4x125g","p":2.4,"u":"4,80 €/KG","img":"https://fd15-photos.leclercdrive.fr/image.ashx?id=2200655&use=l&cat=p&typeid=i","cat":284410},{"id":165535,"n":"Yaourt Yoplait sans lactose Nature sucré - 16x125g","p":6.58,"u":"3,29 €/KG","img":"https://fd15-photos.leclercdrive.fr/image.ashx?id=2200397&use=l&cat=p&typeid=i","cat":284409},{"id":165536,"n":"Yaourt Yoplait sans lactose Nature sucré - 8x125g","p":3.38,"u":"3,38 €/KG","img":"https://fd15-photos.leclercdrive.fr/image.ashx?id=2200400&use=l&cat=p&typeid=i","cat":284409},{"id":165537,"n":"Yaourt Yoplait sans lactose Nature sucré - 4x125g","p":1.78,"u":"3,56 €/KG","img":"https://fd15-photos.leclercdrive.fr/image.ashx?id=2200403&use=l&cat=p&typeid=i","cat":284409},{"id":165538,"n":"Yaourt Yoplait sans lactose Nature - 16x125g","p":6.58,"u":"3,29 €/KG","img":"https://fd15-photos.leclercdrive.fr/image.ashx?id=2200406&use=l&cat=p&typeid=i","cat":284409},{"id":165539,"n":"Yaourt Yoplait sans lactose Nature - 8x125g","p":3.38,"u":"3,38 €/KG","img":"https://fd15-photos.leclercdrive.fr/image.ashx?id=2200409&use=l&cat=p&typeid=i","cat":284409},{"id":165540,"n":"Yaourt Yoplait sans lactose Nature - 4x125g","p":1.78,"u":"3,56 €/KG","img":"https://fd15-photos.leclercdrive.fr/image.ashx?id=2200412&use=l&cat=p&typeid=i","cat":284409},{"id":165541,"n":"Yaourt Yoplait sans lactose Vanille - 4x125g","p":2.08,"u":"4,16 €/KG","img":"https://fd15-photos.leclercdrive.fr/image.ashx?id=2200499&use=l&cat=p&typeid=i","cat":286006},{"id":165542,"n":"Yaourt Yoplait sans lactose Vanille - 8x125g","p":4.15,"u":"4,15 €/KG","img":"https://fd15-photos.leclercdrive.fr/image.ashx?id=2200502&use=l&cat=p&typeid=i","cat":286006},{"id":165543,"n":"Yaourt Yoplait sans lactose Vanille - 16x125g","p":7.04,"u":"3,52 €/KG","img":"https://fd15-photos.leclercdrive.fr/image.ashx?id=2200505&use=l&cat=p&typeid=i","cat":286006},{"id":165605,"n":"Tenders de poulet Coté Croc  - 600g","p":8.9,"u":"14,83 €/KG","img":"https://fd15-photos.leclercdrive.fr/image.ashx?id=2974819&use=l&cat=p&typeid=i","cat":319780},{"id":165661,"n":"Brosse à dent Dentamyl Tête rechargeable souple - x1","p":1.68,"img":"https://fd15-photos.leclercdrive.fr/image.ashx?id=2791006&use=l&cat=p&typeid=i","cat":284614},{"id":165668,"n":"Brosse à dent Dentamyl Tête rechargeable dure - x1","p":1.6,"img":"https://fd15-photos.leclercdrive.fr/image.ashx?id=2198535&use=l&cat=p&typeid=i","cat":284614},{"id":165669,"n":"Tête de recharge Dentamyl Brosse à dent souple - x3","p":1.37,"u":"0,46 €/P","img":"https://fd15-photos.leclercdrive.fr/image.ashx?id=2791015&use=l&cat=p&typeid=i","cat":284614},{"id":165670,"n":"Tête de recharge Dentamyl Brosse à dent médium - x3","p":1.36,"u":"0,45 €/P","img":"https://fd15-photos.leclercdrive.fr/image.ashx?id=2791018&use=l&cat=p&typeid=i","cat":284614},{"id":165671,"n":"Tête de recharge Dentamyl Brosse à dent dure - x3","p":1.37,"u":"0,46 €/P","img":"https://fd15-photos.leclercdrive.fr/image.ashx?id=2791021&use=l&cat=p&typeid=i","cat":284614},{"id":165689,"n":"Gel douche Hydratant Ushuaïa Orchidée du Mexique - 300ml","p":3.13,"u":"10,43 €/L","img":"https://fd15-photos.leclercdrive.fr/image.ashx?id=2445340&use=l&cat=p&typeid=i","cat":284594},{"id":165690,"n":"Gel douche bio Ushuaïa Vanille - 250ml","p":3.13,"u":"12,52 €/L","img":"https://fd15-photos.leclercdrive.fr/image.ashx?id=2439326&use=l&cat=p&typeid=i","cat":284594},{"id":165691,"n":"Gel douche bio Ushuaïa Fleur d'Oranger - 250ml","p":4.41,"u":"17,64 €/L","img":"https://fd15-photos.leclercdrive.fr/image.ashx?id=2439329&use=l&cat=p&typeid=i","cat":284594},{"id":165700,"n":"Chocolats à la liqueur Abtey Poire Williams x11 - 240g","p":7.95,"u":"33,13 €/KG","img":"https://fd15-photos.leclercdrive.fr/image.ashx?id=2870266&use=l&cat=p&typeid=i","cat":327601},{"id":165726,"n":"Madeleine Bonne Maman Framboise x10 - 300g","p":4.82,"u":"16,07 €/KG","img":"https://fd15-photos.leclercdrive.fr/image.ashx?id=2936251&use=l&cat=p&typeid=i","cat":284492},{"id":165769,"n":"After Eight Chocolat Noël Saveur fraise - 400g","p":8.29,"u":"20,73 €/KG","img":"https://fd15-photos.leclercdrive.fr/image.ashx?id=2451489&use=l&cat=p&typeid=i","cat":327595},{"id":165775,"n":"Madeleines Ker Cadélac Vanille de Madagascar - 600g","p":5.4,"u":"9,00 €/KG","img":"https://fd15-photos.leclercdrive.fr/image.ashx?id=2558568&use=l&cat=p&typeid=i","cat":284492},{"id":165801,"n":"Sauce bolognaise Eco+ 420g","p":1.82,"u":"4,33 €/KG","img":"https://fd15-photos.leclercdrive.fr/image.ashx?id=2634845&use=l&cat=p&typeid=i","cat":287599},{"id":166172,"n":"Piano touches magiques Dès 6 mois","p":22.9,"img":"https://fd15-photos.leclercdrive.fr/image.ashx?id=2222377&use=l&cat=p&typeid=i","cat":334379},{"id":166194,"n":"Tambour touches magiques Dès 6 mois","p":22.9,"img":"https://fd15-photos.leclercdrive.fr/image.ashx?id=2222383&use=l&cat=p&typeid=i","cat":334379},{"id":166221,"n":"Acide citrique Biovie 350g","p":8.1,"u":"23,14 €/KG","img":"https://fd15-photos.leclercdrive.fr/image.ashx?id=2997007&use=l&cat=p&typeid=i","cat":325365},{"id":166226,"n":"Tampons Love & Green Avec applicateur normal - x16","p":5.65,"img":"https://fd15-photos.leclercdrive.fr/image.ashx?id=2212273&use=l&cat=p&typeid=i","cat":284626},{"id":166227,"n":"Tampons applicateur \"Super\" Hypoallergéniques 0% - x14","p":5.65,"img":"https://fd15-photos.leclercdrive.fr/image.ashx?id=2205472&use=l&cat=p&typeid=i","cat":284626},{"id":166228,"n":"Tampons digitaux \"Normal\" Hypoallergéniques 0% - x16","p":4.55,"img":"https://fd15-photos.leclercdrive.fr/image.ashx?id=3011623&use=l&cat=p&typeid=i","cat":284626},{"id":166244,"n":"After Eight Chocolat Noël Saveur mojito - 400g","p":8.29,"u":"20,73 €/KG","img":"https://fd15-photos.leclercdrive.fr/image.ashx?id=2908327&use=l&cat=p&typeid=i","cat":327595},{"id":166304,"n":"Croquettes poisson pané Findus MSC Ail Fines Herbes x6 - 300g","p":3.09,"u":"10,30 €/KG","img":"https://fd15-photos.leclercdrive.fr/image.ashx?id=3008752&use=l&cat=p&typeid=i","cat":319788},{"id":166345,"n":"Crabes farcis Simbi x4 - barquette de 280g","p":10.9,"u":"38,93 €/KG","img":"https://fd15-photos.leclercdrive.fr/image.ashx?id=2435743&use=l&cat=p&typeid=i","cat":319787},{"id":166377,"n":"Lessive eco-recharge Uni Vert Fleur x30 lavages - 1,05L","p":5.99,"u":"5,70 €/L","img":"https://fd15-photos.leclercdrive.fr/image.ashx?id=2838942&use=l&cat=p&typeid=i","cat":284640},{"id":166403,"n":"Lessive eco-recharge Uni Vert Aloe x30 lavages - 1.05L","p":4.99,"u":"4,75 €/L","img":"https://fd15-photos.leclercdrive.fr/image.ashx?id=2669780&use=l&cat=p&typeid=i","cat":284640},{"id":166404,"n":"Lessive eco-recharge Uni Vert  Aloe Vera x42 lavages - 1.5L","p":7.1,"u":"4,73 €/L","img":"https://fd15-photos.leclercdrive.fr/image.ashx?id=2955056&use=l&cat=p&typeid=i","cat":284640},{"id":166419,"n":"Signature Patato Pops McCain Pommes de terre - 650g","p":3.38,"u":"5,20 €/KG","img":"https://fd15-photos.leclercdrive.fr/image.ashx?id=2752233&use=l&cat=p&typeid=i","cat":319792},{"id":166457,"n":"Masque reconstructeur Elsève Full Resist - 680ml","p":17.95,"u":"26,40 €/L","img":"https://fd15-photos.leclercdrive.fr/image.ashx?id=2520491&use=l&cat=p&typeid=i","cat":284608},{"id":166485,"n":"Muesli aux fruits bio Happy Bio 375g","p":5.2,"u":"13,87 €/KG","img":"https://fd15-photos.leclercdrive.fr/image.ashx?id=2945520&use=l&cat=p&typeid=i","cat":309512},{"id":166486,"n":"Nectar Fruits du Verger Jafaden Sans sucre ajouté - 1L","p":2.49,"u":"2,49 €/L","img":"https://fd15-photos.leclercdrive.fr/image.ashx?id=2919658&use=l&cat=p&typeid=i","cat":284521},{"id":166675,"n":"Confiture Douceur du Verger Abricot - 370g","p":2.3,"u":"6,22 €/KG","img":"https://fd15-photos.leclercdrive.fr/image.ashx?id=2965569&use=l&cat=p&typeid=i","cat":284480},{"id":166686,"n":"Yaourt protéiné Hipro  Coco 0%mg - 2x160g","p":4.75,"u":"14,84 €/KG","img":"https://fd15-photos.leclercdrive.fr/image.ashx?id=2807423&use=l&cat=p&typeid=i","cat":315000},{"id":166723,"n":"Palermo Bianco Apéritif sans alcool - 1L","p":6.95,"u":"6,95 €/L","img":"https://fd15-photos.leclercdrive.fr/image.ashx?id=2210419&use=l&cat=p&typeid=i","cat":284549},{"id":166738,"n":"Boisson énergisante Rockstar Myrtille grenade acaï - 50cl","p":3.19,"u":"6,38 €/L","img":"https://fd15-photos.leclercdrive.fr/image.ashx?id=2210326&use=l&cat=p&typeid=i","cat":284533},{"id":166740,"n":"Boisson énergisante Rockstar Original - 50cl","p":3.19,"u":"6,38 €/L","img":"https://fd15-photos.leclercdrive.fr/image.ashx?id=2689109&use=l&cat=p&typeid=i","cat":284533},{"id":166750,"n":"Lessive concentrée Epsil Printemps x28 - 980ml","p":3.59,"u":"3,66 €/L","img":"https://fd15-photos.leclercdrive.fr/image.ashx?id=2450155&use=l&cat=p&typeid=i","cat":284640},{"id":166751,"n":"Lessive en poudre Epsil 10 lavages - 500g","p":4.29,"u":"8,58 €/KG","img":"https://fd15-photos.leclercdrive.fr/image.ashx?id=2450158&use=l&cat=p&typeid=i","cat":284642},{"id":166752,"n":"Lessive tri-dose Orient Epsil x20 - 490ml","p":8.39,"u":"17,12 €/L","img":"https://fd15-photos.leclercdrive.fr/image.ashx?id=2450116&use=l&cat=p&typeid=i","cat":284641},{"id":166754,"n":"Spéculoos pocket P'tit Déli 168g","p":1.53,"u":"9,11 €/KG","img":"https://fd15-photos.leclercdrive.fr/image.ashx?id=2245598&use=l&cat=p&typeid=i","cat":284487},{"id":166755,"n":"Corned Beef Tulip 340g","p":4.78,"u":"14,06 €/KG","img":"https://fd15-photos.leclercdrive.fr/image.ashx?id=2465595&use=l&cat=p&typeid=i","cat":305149},{"id":166756,"n":"Blanc de poulet Fleury Michon Sans nitrite x4 - 130g","p":3.39,"u":"26,08 €/KG","img":"https://fd15-photos.leclercdrive.fr/image.ashx?id=2954833&use=l&cat=p&typeid=i","cat":316010},{"id":166819,"n":"Sucre en poudre Tablier Blanc 1kg","p":2.69,"u":"2,69 €/KG","img":"https://fd15-photos.leclercdrive.fr/image.ashx?id=3010434&use=l&cat=p&typeid=i","cat":284502},{"id":166828,"n":"Blanc de poulet Fleury Michon Sans nitrite x6 - 195g","p":3.99,"u":"20,46 €/KG","img":"https://fd15-photos.leclercdrive.fr/image.ashx?id=2962848&use=l&cat=p&typeid=i","cat":316010},{"id":166831,"n":"Mini batonnet surimi Pêche MSC Océan Avec mayonnaise - 210g","p":2.79,"u":"13,29 €/KG","img":"https://fd15-photos.leclercdrive.fr/image.ashx?id=2212039&use=l&cat=p&typeid=i","cat":285189},{"id":166876,"n":"Lessive bi-doses Xeor Fraîcheur x30","p":10.25,"u":"13,95 €/L","img":"https://fd15-photos.leclercdrive.fr/image.ashx?id=2838945&use=l&cat=p&typeid=i","cat":284641},{"id":166878,"n":"Lessive bi-doses Xeor Savon de Marseille x30","p":10.38,"u":"14,12 €/L","img":"https://fd15-photos.leclercdrive.fr/image.ashx?id=2838948&use=l&cat=p&typeid=i","cat":284641},{"id":167011,"n":"Pur jus de clémentine Jafaden 90cl","p":3.6,"u":"4,00 €/L","img":"https://fd15-photos.leclercdrive.fr/image.ashx?id=2723162&use=l&cat=p&typeid=i","cat":285435},{"id":167070,"n":"Shampooing douche Ushuaia Sésame noir & Yuzu - 300ml","p":3.23,"u":"10,77 €/L","img":"https://fd15-photos.leclercdrive.fr/image.ashx?id=2432867&use=l&cat=p&typeid=i","cat":284594},{"id":167072,"n":"Baume de douche apaisant Vanille Beurre de jojoba 300ml","p":3.13,"u":"10,43 €/L","img":"https://fd15-photos.leclercdrive.fr/image.ashx?id=2508207&use=l&cat=p&typeid=i","cat":284594},{"id":167074,"n":"Gel douche revigorant Ushuaïa Fruit de la passion - 300ml","p":3.13,"u":"10,43 €/L","img":"https://fd15-photos.leclercdrive.fr/image.ashx?id=2478183&use=l&cat=p&typeid=i","cat":284594},{"id":167075,"n":"Shampooing douche Ushuaia Roche volcanique d'Asie -300ml","p":3.23,"u":"10,77 €/L","img":"https://fd15-photos.leclercdrive.fr/image.ashx?id=2869104&use=l&cat=p&typeid=i","cat":284594},{"id":167087,"n":"Jambon de Parme AOP Beretta 18 mois - 80g","p":6.75,"u":"84,38 €/KG","img":"https://fd15-photos.leclercdrive.fr/image.ashx?id=2476782&use=l&cat=p&typeid=i","cat":316007},{"id":167171,"n":"Sucette guimauve Xmas Fizzy  Père Noel - 35g","p":2.55,"u":"72,86 €/KG","img":"https://fd15-photos.leclercdrive.fr/image.ashx?id=2305166&use=l&cat=p&typeid=i","cat":327592},{"id":167177,"n":"Praliné crème The belgian 200g","p":9.9,"pp":7.92,"u":"39,60 €/KG","img":"https://fd15-photos.leclercdrive.fr/image.ashx?id=2214141&use=l&cat=p&typeid=i","cat":327595},{"id":167238,"n":"Escargots noir et lait Revillon Papillotes Noir Lait - 370g","p":12.5,"u":"33,78 €/KG","img":"https://fd15-photos.leclercdrive.fr/image.ashx?id=2661205&use=l&cat=p&typeid=i","cat":327597},{"id":167240,"n":"Festif rochers Revillon Noir 70% & lait - 370g","p":11.9,"u":"32,16 €/KG","img":"https://fd15-photos.leclercdrive.fr/image.ashx?id=2661661&use=l&cat=p&typeid=i","cat":327597},{"id":167241,"n":"Festif Malakoffs Revillon Noir 70% & lait - 370g","p":15.75,"u":"42,57 €/KG","img":"https://fd15-photos.leclercdrive.fr/image.ashx?id=2661202&use=l&cat=p&typeid=i","cat":327597},{"id":167242,"n":"Nougats noir et lait  Revillon Noir 70% & lait - 300g","p":15.18,"u":"50,60 €/KG","img":"https://fd15-photos.leclercdrive.fr/image.ashx?id=2661658&use=l&cat=p&typeid=i","cat":327597},{"id":167243,"n":"Papillotes Révillon Noir 70% Féerique- 360g","p":14.89,"u":"41,36 €/KG","img":"https://fd15-photos.leclercdrive.fr/image.ashx?id=2863272&use=l&cat=p&typeid=i","cat":327597},{"id":167246,"n":"Papillotes Revillon Noir Lait Féerique - 360g","p":12.89,"u":"35,81 €/KG","img":"https://fd15-photos.leclercdrive.fr/image.ashx?id=2863275&use=l&cat=p&typeid=i","cat":327597},{"id":167247,"n":"Papillotes Révillon Lait et Blanc - 360g","p":14.89,"u":"41,36 €/KG","img":"https://fd15-photos.leclercdrive.fr/image.ashx?id=2863278&use=l&cat=p&typeid=i","cat":327597},{"id":167248,"n":"Papillote Révillon Noir Lait et Blanc Féerique - 360g","p":12.89,"u":"35,81 €/KG","img":"https://fd15-photos.leclercdrive.fr/image.ashx?id=2863121&use=l&cat=p&typeid=i","cat":327597},{"id":167331,"n":"Cookies Mini Granola Pépites de chocolat - 110g","p":2.65,"u":"24,09 €/KG","img":"https://fd15-photos.leclercdrive.fr/image.ashx?id=2983489&use=l&cat=p&typeid=i","cat":325066},{"id":167338,"n":"Croustilles Star Belin Salé - 90g","p":1.88,"u":"20,89 €/KG","img":"https://fd15-photos.leclercdrive.fr/image.ashx?id=3002222&use=l&cat=p&typeid=i","cat":284449},{"id":167375,"n":"Pois chiches d'aucy Bien Cultivés - 250g","p":2.55,"u":"10,20 €/KG","img":"https://fd15-photos.leclercdrive.fr/image.ashx?id=2800764&use=l&cat=p&typeid=i","cat":312609},{"id":167378,"n":"Haricots verts d'aucy  Bien Cultivés - 58cl","p":2.9,"u":"5,00 €/L","img":"https://fd15-photos.leclercdrive.fr/image.ashx?id=2800770&use=l&cat=p&typeid=i","cat":312606},{"id":167379,"n":"Haricots beurre d'aucy  Bien Cultivés - 58cl","p":2.98,"u":"5,14 €/L","img":"https://fd15-photos.leclercdrive.fr/image.ashx?id=2216359&use=l&cat=p&typeid=i","cat":312606},{"id":167381,"n":"Petits pois d'aucy  Bien Cultivés - 250g","p":2.35,"u":"9,40 €/KG","img":"https://fd15-photos.leclercdrive.fr/image.ashx?id=2216353&use=l&cat=p&typeid=i","cat":312607},{"id":167382,"n":"Pois carottes d'aucy  Bien Cultivés - 250g","p":2.35,"u":"9,40 €/KG","img":"https://fd15-photos.leclercdrive.fr/image.ashx?id=2835259&use=l&cat=p&typeid=i","cat":312607},{"id":167389,"n":"Pur jus d'orange Jafaden Sans pulpe - 90cl","p":3.65,"u":"4,06 €/L","img":"https://fd15-photos.leclercdrive.fr/image.ashx?id=2723159&use=l&cat=p&typeid=i","cat":285435},{"id":167390,"n":"Pur jus de pamplemousse Jafaden Avec pulpe - 90cl","p":3.9,"u":"4,33 €/L","img":"https://fd15-photos.leclercdrive.fr/image.ashx?id=2819639&use=l&cat=p&typeid=i","cat":285435},{"id":167391,"n":"Jus de pomme Jafaden 90cl","p":3.15,"u":"3,50 €/L","img":"https://fd15-photos.leclercdrive.fr/image.ashx?id=2723171&use=l&cat=p&typeid=i","cat":285435},{"id":167393,"n":"Boisson au jus de citron Jafaden - 90cl","p":3.2,"u":"3,56 €/L","img":"https://fd15-photos.leclercdrive.fr/image.ashx?id=2723177&use=l&cat=p&typeid=i","cat":285435},{"id":167394,"n":"Pur jus multifruits Jafaden Pomme pêche abricot - 90cl","p":3.35,"u":"3,72 €/L","img":"https://fd15-photos.leclercdrive.fr/image.ashx?id=2723180&use=l&cat=p&typeid=i","cat":285435},{"id":167395,"n":"Pur jus d'orange frais Jafaden Avec pulpe - 1,5L","p":4.99,"u":"3,33 €/L","img":"https://fd15-photos.leclercdrive.fr/image.ashx?id=2442857&use=l&cat=p&typeid=i","cat":285435},{"id":167399,"n":"Mini cheese burgers Côté Croc x10 - 155g","p":8.79,"u":"56,71 €/KG","img":"https://fd15-photos.leclercdrive.fr/image.ashx?id=2898266&use=l&cat=p&typeid=i","cat":319774},{"id":167410,"n":"Assortiment Chocolats Hamlet \"Classic\" - 250g","p":11.5,"u":"46,00 €/KG","img":"https://fd15-photos.leclercdrive.fr/image.ashx?id=2872126&use=l&cat=p&typeid=i","cat":327595},{"id":167416,"n":"Gel douche Le Petit Marseillais Noix de coco - 250ml","p":2.75,"u":"11,00 €/L","img":"https://fd15-photos.leclercdrive.fr/image.ashx?id=2681856&use=l&cat=p&typeid=i","cat":284594},{"id":167419,"n":"Après-shampooing Head&Shoulders Huile d'argan et coco - 220ml","p":6.15,"u":"27,95 €/L","img":"https://fd15-photos.leclercdrive.fr/image.ashx?id=2216560&use=l&cat=p&typeid=i","cat":284607},{"id":167529,"n":"Lait bébé en poudre Gallia Calisma 1er âge 0-6 mois 830g","p":23.36,"u":"28,14 €/KG","img":"https://fd15-photos.leclercdrive.fr/image.ashx?id=2456201&use=l&cat=p&typeid=i","cat":284726},{"id":167530,"n":"Lait bébé en poudre Gallia Calisma 2e âge 6-12 mois 830g","p":19.3,"u":"23,25 €/KG","img":"https://fd15-photos.leclercdrive.fr/image.ashx?id=2479730&use=l&cat=p&typeid=i","cat":284727},{"id":167531,"n":"Lait bébé poudre Gallia Relais Calisma  1er âge 0-6 mois 830g","p":27.0,"u":"32,53 €/KG","img":"https://fd15-photos.leclercdrive.fr/image.ashx?id=2462460&use=l&cat=p&typeid=i","cat":284726},{"id":167532,"n":"Lait bébé poudre Gallia Relais Calisma 2e âge 6-12 mois 830g","p":23.5,"u":"28,31 €/KG","img":"https://fd15-photos.leclercdrive.fr/image.ashx?id=2911217&use=l&cat=p&typeid=i","cat":284727},{"id":167534,"n":"Tagliatelle Lustucru Selection  Maxi 600g","p":5.39,"u":"8,98 €/KG","img":"https://fd15-photos.leclercdrive.fr/image.ashx?id=2792399&use=l&cat=p&typeid=i","cat":333682},{"id":167535,"n":"Fettucini Lustucru Selection  350g","p":2.28,"u":"6,51 €/KG","img":"https://fd15-photos.leclercdrive.fr/image.ashx?id=2792402&use=l&cat=p&typeid=i","cat":333682},{"id":167561,"n":"Brique pur jus Jafaden Multifruits - 1,5L","p":4.25,"u":"2,83 €/L","img":"https://fd15-photos.leclercdrive.fr/image.ashx?id=2916722&use=l&cat=p&typeid=i","cat":285435},{"id":167612,"n":"Lessive Epsil Perfect Tri Doses Pure fraîcheur x20 - 490ml","p":8.1,"u":"16,53 €/L","img":"https://fd15-photos.leclercdrive.fr/image.ashx?id=2450122&use=l&cat=p&typeid=i","cat":284641},{"id":167784,"n":"Pâte brisée Herta Tarte en Or - 230g","p":2.39,"u":"10,39 €/KG","img":"https://fd15-photos.leclercdrive.fr/image.ashx?id=2907935&use=l&cat=p&typeid=i","cat":333681},{"id":167953,"n":"Spot led 2,6W Osram Lot de 5 - 1pièce","p":16.9,"img":"https://fd15-photos.leclercdrive.fr/image.ashx?id=2655061&use=l&cat=p&typeid=i","cat":300573},{"id":167959,"n":"Tzatziki dégustation Tables du Monde - 175g","p":3.49,"u":"19,94 €/KG","img":"https://fd15-photos.leclercdrive.fr/image.ashx?id=2222528&use=l&cat=p&typeid=i","cat":315999},{"id":167962,"n":"Spot LED 2,6W Osram Lot de 5 - 1 pièce","p":16.9,"img":"https://fd15-photos.leclercdrive.fr/image.ashx?id=2655064&use=l&cat=p&typeid=i","cat":300573},{"id":168097,"n":"Purée fruit bébé Blédina 6 mois Pomme pêche fraise - 4x100g","p":2.95,"u":"7,38 €/KG","img":"https://fd15-photos.leclercdrive.fr/image.ashx?id=2983027&use=l&cat=p&typeid=i","cat":312388},{"id":168151,"n":"Biscuit bébé Blédina 15 mois  Céréales pépites chocolat -168g","p":4.19,"u":"24,94 €/KG","img":"https://fd15-photos.leclercdrive.fr/image.ashx?id=2892421&use=l&cat=p&typeid=i","cat":312227},{"id":168154,"n":"Repas bébé Blédichef 12 mois Pdt céleri saumon -230g","p":2.95,"u":"12,83 €/KG","img":"https://fd15-photos.leclercdrive.fr/image.ashx?id=2223238&use=l&cat=p&typeid=i","cat":312237},{"id":168168,"n":"Huile d'olive Cauvin Vierge Extra - 75cl","p":11.99,"u":"15,99 €/L","img":"https://fd15-photos.leclercdrive.fr/image.ashx?id=2498353&use=l&cat=p&typeid=i","cat":284453},{"id":168169,"n":"Ferments Lactiques Tablier Blanc - 8g","p":3.39,"u":"423,75 €/KG","img":"https://fd15-photos.leclercdrive.fr/image.ashx?id=2900355&use=l&cat=p&typeid=i","cat":284504},{"id":168249,"n":"Gaufrettes Knoppers Lait Noisettes - 3x25g","p":1.89,"u":"25,20 €/KG","img":"https://fd15-photos.leclercdrive.fr/image.ashx?id=2659094&use=l&cat=p&typeid=i","cat":284488},{"id":168307,"n":"Poulet émincé Isla Délice Spécial Kebab's - 400g","p":9.29,"u":"23,23 €/KG","img":"https://fd15-photos.leclercdrive.fr/image.ashx?id=2226457&use=l&cat=p&typeid=i","cat":319780},{"id":168308,"n":"Crème dessert végétal Sojasun Noisette Amande - 4x100g","p":3.29,"u":"32,90 €/KG","img":"https://fd15-photos.leclercdrive.fr/image.ashx?id=2355689&use=l&cat=p&typeid=i","cat":316071},{"id":168313,"n":"Les 3 Légumes Bonduelle Précuit vapeur - 750g","p":3.85,"u":"5,13 €/KG","img":"https://fd15-photos.leclercdrive.fr/image.ashx?id=2876167&use=l&cat=p&typeid=i","cat":319805},{"id":168316,"n":"Steaks hachés Charal Pur Bœuf 5% MG 4x100g - 400g","p":7.9,"u":"19,75 €/KG","img":"https://fd15-photos.leclercdrive.fr/image.ashx?id=2741994&use=l&cat=p&typeid=i","cat":319778},{"id":168327,"n":"Mini Boulettes Charal Happy Family x50 - 750g","p":11.89,"u":"15,85 €/KG","img":"https://fd15-photos.leclercdrive.fr/image.ashx?id=2956457&use=l&cat=p&typeid=i","cat":319779},{"id":168332,"n":"Haché pur boeuf Charal 15%mg 800g","p":12.69,"u":"15,86 €/KG","img":"https://fd15-photos.leclercdrive.fr/image.ashx?id=2741937&use=l&cat=p&typeid=i","cat":319779},{"id":168354,"n":"Mascara Maybelline Sensational  - 1 pièce","p":8.9,"img":"https://fd15-photos.leclercdrive.fr/image.ashx?id=3010792&use=l&cat=p&typeid=i","cat":287029},{"id":168356,"n":"Shampooing réparation N.A.E. Bio - 500ml","p":15.99,"u":"31,98 €/L","img":"https://fd15-photos.leclercdrive.fr/image.ashx?id=2226830&use=l&cat=p&typeid=i","cat":284606},{"id":168391,"n":"Jus de pomme désucré Jafaden 1L","p":2.45,"u":"2,45 €/L","img":"https://fd15-photos.leclercdrive.fr/image.ashx?id=2227035&use=l&cat=p&typeid=i","cat":284522},{"id":168414,"n":"Pomelos  1KG","p":3.89,"u":"3,89 €/KG","img":"https://fd15-photos.leclercdrive.fr/image.ashx?id=1636488&use=l&cat=p&typeid=i","cat":284356},{"id":168426,"n":"Galette suédoise Bio Village Chocolat Bio - 131g","p":4.15,"u":"31,68 €/KG","img":"https://fd15-photos.leclercdrive.fr/image.ashx?id=2555083&use=l&cat=p&typeid=i","cat":284490},{"id":168583,"n":"Gouter fourrés Bio Village Framboise Bio - 186g","p":2.95,"u":"15,86 €/KG","img":"https://fd15-photos.leclercdrive.fr/image.ashx?id=2229672&use=l&cat=p&typeid=i","cat":284489},{"id":168593,"n":"Epaule cuite standard Comia Sans couenne 4 tranches - 200g","p":3.5,"u":"17,50 €/KG","img":"https://fd15-photos.leclercdrive.fr/image.ashx?id=2229630&use=l&cat=p&typeid=i","cat":316009},{"id":168594,"n":"Epaule cuite standard Comia Sans couenne 10 tranches - 500g","p":7.95,"u":"15,90 €/KG","img":"https://fd15-photos.leclercdrive.fr/image.ashx?id=2229633&use=l&cat=p&typeid=i","cat":316009},{"id":168595,"n":"Epaule cuite standard Comia Fumée 4 tranches - 200g","p":4.39,"u":"21,95 €/KG","img":"https://fd15-photos.leclercdrive.fr/image.ashx?id=2229651&use=l&cat=p&typeid=i","cat":316009},{"id":168597,"n":"Epaule cuite standard Comia Fumée pimentée 4 tranches -200g","p":4.25,"u":"21,25 €/KG","img":"https://fd15-photos.leclercdrive.fr/image.ashx?id=2229695&use=l&cat=p&typeid=i","cat":316009},{"id":168598,"n":"Saucisses de Toulouse Comia Barquette de 420g","p":6.35,"u":"15,12 €/KG","img":"https://fd15-photos.leclercdrive.fr/image.ashx?id=2229701&use=l&cat=p&typeid=i","cat":316012},{"id":168599,"n":"Saucisses persillées Comia Barquette de 660g","p":10.55,"u":"15,98 €/KG","img":"https://fd15-photos.leclercdrive.fr/image.ashx?id=2435104&use=l&cat=p&typeid=i","cat":284334},{"id":168600,"n":"Saucisses brochettes Comia Barquette de 640g","p":12.95,"u":"20,23 €/KG","img":"https://fd15-photos.leclercdrive.fr/image.ashx?id=2229707&use=l&cat=p&typeid=i","cat":316012},{"id":168601,"n":"Pomme de terre Man Cara Spécial purée filet de 2,5kg","p":3.99,"img":"https://fd15-photos.leclercdrive.fr/image.ashx?id=2230070&use=l&cat=p&typeid=i","cat":284352},{"id":168602,"n":"Pomme de terre chérie Man Cara Spécial colombo filet de 2,5kg","p":5.29,"u":"2,12 €/KG","img":"https://fd15-photos.leclercdrive.fr/image.ashx?id=2230306&use=l&cat=p&typeid=i","cat":284352},{"id":168603,"n":"Pomme de terre Man Cara Spécial frites filet de 2,5kg","p":3.99,"u":"1,60 €/KG","img":"https://fd15-photos.leclercdrive.fr/image.ashx?id=2230309&use=l&cat=p&typeid=i","cat":284352},{"id":168604,"n":"Pomme de terre Man Cara Spécial colombo filet de 2,5kg","p":5.29,"u":"2,12 €/KG","img":"https://fd15-photos.leclercdrive.fr/image.ashx?id=2230303&use=l&cat=p&typeid=i","cat":284352},{"id":168676,"n":"Compotes Pom'Potes Gourdes  Multivariétés Inédits - 20x90g","p":11.6,"u":"6,44 €/KG","img":"https://fd15-photos.leclercdrive.fr/image.ashx?id=2870179&use=l&cat=p&typeid=i","cat":284508},{"id":168705,"n":"Cribich au fromage Chipso 75g","p":1.33,"u":"17,73 €/KG","img":"https://fd15-photos.leclercdrive.fr/image.ashx?id=2230824&use=l&cat=p&typeid=i","cat":284449},{"id":168706,"n":"Cribich au fromage Chipso 30g","p":0.71,"u":"23,67 €/KG","img":"https://fd15-photos.leclercdrive.fr/image.ashx?id=2230827&use=l&cat=p&typeid=i","cat":284449},{"id":168709,"n":"Cribich au fromage Chipso Pimenté 75g","p":1.33,"u":"17,73 €/KG","img":"https://fd15-photos.leclercdrive.fr/image.ashx?id=2230830&use=l&cat=p&typeid=i","cat":284449},{"id":168710,"n":"Cribich au fromage Chipso Pimenté 30g","p":0.74,"u":"24,67 €/KG","img":"https://fd15-photos.leclercdrive.fr/image.ashx?id=2230833&use=l&cat=p&typeid=i","cat":284449},{"id":168715,"n":"Ti Boul fromage Chipso 70g","p":1.34,"u":"19,14 €/KG","img":"https://fd15-photos.leclercdrive.fr/image.ashx?id=2230839&use=l&cat=p&typeid=i","cat":284449},{"id":168719,"n":"Chocolat Cœur des Iles Antillais 190g","p":7.75,"u":"40,79 €/KG","img":"https://fd15-photos.leclercdrive.fr/image.ashx?id=2284766&use=l&cat=p&typeid=i","cat":304238},{"id":168720,"n":"Chocolat Cœur des Iles Antillais 360g","p":11.1,"u":"30,83 €/KG","img":"https://fd15-photos.leclercdrive.fr/image.ashx?id=2230848&use=l&cat=p&typeid=i","cat":293235},{"id":168725,"n":"Riz au lait La Laitière Nature - 4x115g","p":4.02,"u":"8,74 €/KG","img":"https://fd15-photos.leclercdrive.fr/image.ashx?id=2642201&use=l&cat=p&typeid=i","cat":284418},{"id":168868,"n":"Essuie-tout Uni Vert 2 = 4 rouleaux","p":3.66,"u":"1,83 €/P","img":"https://fd15-photos.leclercdrive.fr/image.ashx?id=2333715&use=l&cat=p&typeid=i","cat":284635},{"id":168871,"n":"Mouchoirs Boîte 3 plis Univert Mouchoir papier non blanchi x80","p":2.05,"u":"0,03 €/P","img":"https://fd15-photos.leclercdrive.fr/image.ashx?id=2571941&use=l&cat=p&typeid=i","cat":284638},{"id":168937,"n":"Sirop de canne Dormoy 1L","p":4.85,"u":"4,85 €/L","img":"https://fd15-photos.leclercdrive.fr/image.ashx?id=2232977&use=l&cat=p&typeid=i","cat":284551},{"id":168950,"n":"Sirop de gingembre Dormoy 50cl","p":4.45,"u":"8,90 €/L","img":"https://fd15-photos.leclercdrive.fr/image.ashx?id=2238951&use=l&cat=p&typeid=i","cat":295020},{"id":168957,"n":"Rhum blanc agricole Depaz 50% vol. 1L","p":14.45,"u":"14,45 €/L","img":"https://fd15-photos.leclercdrive.fr/image.ashx?id=2233034&use=l&cat=p&typeid=i","cat":284550},{"id":168961,"n":"Rhum blanc agricole Depaz 55% vol. 1L","p":14.45,"u":"14,45 €/L","img":"https://fd15-photos.leclercdrive.fr/image.ashx?id=2233037&use=l&cat=p&typeid=i","cat":284550},{"id":168962,"n":"Rhum blanc agricole Dillon 50% vol. 1L","p":14.5,"u":"14,50 €/L","img":"https://fd15-photos.leclercdrive.fr/image.ashx?id=2233007&use=l&cat=p&typeid=i","cat":284550},{"id":168963,"n":"Sirop de canne roux Dillon 50cl","p":3.3,"u":"6,60 €/L","img":"https://fd15-photos.leclercdrive.fr/image.ashx?id=2233031&use=l&cat=p&typeid=i","cat":284551},{"id":168965,"n":"Rhum blanc agricole Neisson 50% vol. 1L","p":23.75,"u":"23,75 €/L","img":"https://fd15-photos.leclercdrive.fr/image.ashx?id=2233040&use=l&cat=p&typeid=i","cat":284550},{"id":168966,"n":"Rhum blanc agricole bio Neisson L'Esprit bio 66% vol. 70cl","p":59.31,"u":"84,73 €/L","img":"https://fd15-photos.leclercdrive.fr/image.ashx?id=2233043&use=l&cat=p&typeid=i","cat":284550},{"id":168967,"n":"Sirop orgeat Dormoy 1L","p":4.5,"u":"4,50 €/L","img":"https://fd15-photos.leclercdrive.fr/image.ashx?id=2233013&use=l&cat=p&typeid=i","cat":295020},{"id":168968,"n":"Sirop grenadine Dormoy 1L","p":4.5,"u":"4,50 €/L","img":"https://fd15-photos.leclercdrive.fr/image.ashx?id=2233016&use=l&cat=p&typeid=i","cat":295020},{"id":168969,"n":"Sirop menthe Dormoy 1L","p":4.5,"u":"4,50 €/L","img":"https://fd15-photos.leclercdrive.fr/image.ashx?id=2233019&use=l&cat=p&typeid=i","cat":295020},{"id":168970,"n":"Sirop citron vert Dormoy 1L","p":4.5,"u":"4,50 €/L","img":"https://fd15-photos.leclercdrive.fr/image.ashx?id=2233049&use=l&cat=p&typeid=i","cat":295020},{"id":168990,"n":"Burgers Eco+ x10 - 1kg","p":9.9,"u":"9,90 €/KG","img":"https://fd15-photos.leclercdrive.fr/image.ashx?id=2966523&use=l&cat=p&typeid=i","cat":319778},{"id":168992,"n":"Nuggets de volaille Eco+ 500g","p":3.99,"u":"7,98 €/KG","img":"https://fd15-photos.leclercdrive.fr/image.ashx?id=2842997&use=l&cat=p&typeid=i","cat":319780},{"id":168993,"n":"Viande hachée Eco+  800g","p":11.99,"u":"14,99 €/KG","img":"https://fd15-photos.leclercdrive.fr/image.ashx?id=2966526&use=l&cat=p&typeid=i","cat":319779},{"id":169006,"n":"Cocktail de fruits de mer Eco+ Précuit - 500g","p":6.49,"u":"12,98 €/KG","img":"https://fd15-photos.leclercdrive.fr/image.ashx?id=2800219&use=l&cat=p&typeid=i","cat":319787},{"id":169028,"n":"Filet de colin d'Alaska Eco MSC - 1kg","p":9.2,"u":"9,20 €/KG","img":"https://fd15-photos.leclercdrive.fr/image.ashx?id=2545924&use=l&cat=p&typeid=i","cat":319786},{"id":169057,"n":"Pizza Margherita Eco+ x3 - 900g","p":4.44,"u":"4,93 €/KG","img":"https://fd15-photos.leclercdrive.fr/image.ashx?id=2626778&use=l&cat=p&typeid=i","cat":284256},{"id":169123,"n":"Boisson à l'aloé vera Dr Roots 50cl","p":1.8,"u":"3,60 €/L","img":"https://fd15-photos.leclercdrive.fr/image.ashx?id=2234939&use=l&cat=p&typeid=i","cat":284915},{"id":169124,"n":"Boisson à l'aloé vera Dr Roots 1,5L","p":3.65,"u":"2,43 €/L","img":"https://fd15-photos.leclercdrive.fr/image.ashx?id=2234942&use=l&cat=p&typeid=i","cat":284915},{"id":169128,"n":"Rhum blanc agricole Duquesne 50° 1L","p":12.6,"u":"12,60 €/L","img":"https://fd15-photos.leclercdrive.fr/image.ashx?id=2234978&use=l&cat=p&typeid=i","cat":284550},{"id":169130,"n":"Monster Munch Goût Cheddar - 85g","p":1.92,"u":"22,59 €/KG","img":"https://fd15-photos.leclercdrive.fr/image.ashx?id=2971610&use=l&cat=p&typeid=i","cat":284449},{"id":169151,"n":"AOC Martinique Rhum blanc Agricole HSE 50° - 1L","p":14.75,"u":"14,75 €/L","img":"https://fd15-photos.leclercdrive.fr/image.ashx?id=2237001&use=l&cat=p&typeid=i","cat":284550},{"id":169184,"n":"Farine du boulanger Le Moulin Type 55 - 1kg","p":1.2,"u":"1,20 €/KG","img":"https://fd15-photos.leclercdrive.fr/image.ashx?id=2235920&use=l&cat=p&typeid=i","cat":284503},{"id":169203,"n":"Punch passion 18° Clément 70cl","p":9.6,"u":"13,71 €/L","img":"https://fd15-photos.leclercdrive.fr/image.ashx?id=2236021&use=l&cat=p&typeid=i","cat":284551},{"id":169237,"n":"Punch passion 18° Clément Avec morceaux 70cl","p":14.89,"u":"21,27 €/L","img":"https://fd15-photos.leclercdrive.fr/image.ashx?id=2236188&use=l&cat=p&typeid=i","cat":284551},{"id":169244,"n":"Punch ananas 18° Clément 70cl","p":9.75,"u":"13,93 €/L","img":"https://fd15-photos.leclercdrive.fr/image.ashx?id=2769399&use=l&cat=p&typeid=i","cat":284551},{"id":169264,"n":"Sirop de sucre de canne Clément 50cl","p":5.49,"u":"10,98 €/L","img":"https://fd15-photos.leclercdrive.fr/image.ashx?id=2236191&use=l&cat=p&typeid=i","cat":295020},{"id":169297,"n":"Soupe Velouté de Poireaux Knorr - 1L","p":4.5,"u":"4,50 €/L","img":"https://fd15-photos.leclercdrive.fr/image.ashx?id=2395814&use=l&cat=p&typeid=i","cat":284462},{"id":169298,"n":"Velouté Carottes Française Knorr - 1L","p":4.5,"u":"4,50 €/L","img":"https://fd15-photos.leclercdrive.fr/image.ashx?id=2395811&use=l&cat=p&typeid=i","cat":284463},{"id":169344,"n":"Lardons fumés Herta Sans nitrite - 2x75g","p":3.05,"u":"20,33 €/KG","img":"https://fd15-photos.leclercdrive.fr/image.ashx?id=2731369&use=l&cat=p&typeid=i","cat":316011},{"id":169347,"n":"Allumettes nature Herta Sans nitrite - 2x75g","p":2.72,"u":"18,13 €/KG","img":"https://fd15-photos.leclercdrive.fr/image.ashx?id=2868906&use=l&cat=p&typeid=i","cat":316011},{"id":169351,"n":"Allumettes fumées Herta 200g","p":2.62,"u":"13,10 €/KG","img":"https://fd15-photos.leclercdrive.fr/image.ashx?id=2817458&use=l&cat=p&typeid=i","cat":316011},{"id":169353,"n":"Pâte feuilletée Herta Tarte en Or - 230g","p":1.39,"u":"6,04 €/KG","img":"https://fd15-photos.leclercdrive.fr/image.ashx?id=2918658&use=l&cat=p&typeid=i","cat":333681},{"id":169354,"n":"Pâte brisée Herta Tarte en Or - 230g","p":1.69,"u":"7,35 €/KG","img":"https://fd15-photos.leclercdrive.fr/image.ashx?id=2739189&use=l&cat=p&typeid=i","cat":333681},{"id":169365,"n":"Pâte feuilletée rectangulaire  Herta Tarte en Or - 230g","p":1.48,"u":"6,43 €/KG","img":"https://fd15-photos.leclercdrive.fr/image.ashx?id=2721697&use=l&cat=p&typeid=i","cat":333681},{"id":169429,"n":"Tendres Effilés en Gelée Felix Selection poissons 12x85g","p":7.25,"u":"7,11 €/KG","img":"https://fd15-photos.leclercdrive.fr/image.ashx?id=2995439&use=l&cat=p&typeid=i","cat":285286},{"id":169430,"n":"Tendres Effilés en Gelée Felix Selection campagne 12x85g","p":7.25,"u":"7,11 €/KG","img":"https://fd15-photos.leclercdrive.fr/image.ashx?id=2957668&use=l&cat=p&typeid=i","cat":285286},{"id":169432,"n":"Tendres Effilés en Gelée Felix Selection mixte - 24x85g","p":14.1,"u":"6,91 €/KG","img":"https://fd15-photos.leclercdrive.fr/image.ashx?id=2869651&use=l&cat=p&typeid=i","cat":285286},{"id":169433,"n":"Shampooing bio N.A.E. Usage quotidien - 500ml","p":11.9,"u":"23,80 €/L","img":"https://fd15-photos.leclercdrive.fr/image.ashx?id=2239480&use=l&cat=p&typeid=i","cat":284606},{"id":169435,"n":"Délicieux Duos en Gelée Felix Selection mixte 24x85g","p":14.1,"u":"6,91 €/KG","img":"https://fd15-photos.leclercdrive.fr/image.ashx?id=2861779&use=l&cat=p&typeid=i","cat":285286},{"id":169440,"n":"Shampooing bio N.A.E. Eclat couleur - 500ml","p":15.99,"u":"31,98 €/L","img":"https://fd15-photos.leclercdrive.fr/image.ashx?id=2239486&use=l&cat=p&typeid=i","cat":284606},{"id":169447,"n":"Emincés En Gelée Felix Selection mixte - 12x85g","p":8.4,"u":"8,24 €/KG","img":"https://fd15-photos.leclercdrive.fr/image.ashx?id=2869657&use=l&cat=p&typeid=i","cat":285286},{"id":169448,"n":"Emincés En Gelée  Felix Volaille légumes - 12x85g","p":7.35,"u":"7,21 €/KG","img":"https://fd15-photos.leclercdrive.fr/image.ashx?id=2909212&use=l&cat=p&typeid=i","cat":285286},{"id":169454,"n":"FELIX Sensations En Gelée Felix Selection de la campagne 12x85g","p":7.25,"u":"7,11 €/KG","img":"https://fd15-photos.leclercdrive.fr/image.ashx?id=2986909&use=l&cat=p&typeid=i","cat":285286},{"id":169455,"n":"Sensations en gelée Felix 12x85g","p":7.25,"u":"7,11 €/KG","img":"https://fd15-photos.leclercdrive.fr/image.ashx?id=2957278&use=l&cat=p&typeid=i","cat":285286},{"id":169511,"n":"Margarine Oméga 3 Fruit d'Or Sans huile de palme - 450g","p":3.47,"u":"7,71 €/KG","img":"https://fd15-photos.leclercdrive.fr/image.ashx?id=2887329&use=l&cat=p&typeid=i","cat":315229},{"id":169582,"n":"Crème au rhum vieux 18° Clément Liqueur authentique 70cl","p":25.8,"u":"36,86 €/L","img":"https://fd15-photos.leclercdrive.fr/image.ashx?id=2240999&use=l&cat=p&typeid=i","cat":284550},{"id":169600,"n":"Crème au rhum vieux 18° Clément Liqueur amande amaretto 70cl","p":25.4,"u":"36,29 €/L","img":"https://fd15-photos.leclercdrive.fr/image.ashx?id=2241210&use=l&cat=p&typeid=i","cat":284550},{"id":169601,"n":"Rhum vieux vo 40° Clément Cubi de 3l","p":64.8,"u":"21,60 €/L","img":"https://fd15-photos.leclercdrive.fr/image.ashx?id=2241204&use=l&cat=p&typeid=i","cat":284550},{"id":169603,"n":"Rhum blanc 50° Clément 1L","p":16.95,"u":"16,95 €/L","img":"https://fd15-photos.leclercdrive.fr/image.ashx?id=2241213&use=l&cat=p&typeid=i","cat":284550},{"id":169604,"n":"Rhum blanc 55° Clément 1L","p":17.89,"u":"17,89 €/L","img":"https://fd15-photos.leclercdrive.fr/image.ashx?id=2241216&use=l&cat=p&typeid=i","cat":284550},{"id":169605,"n":"Rhum blanc 50° Clément Cubi de 3L","p":38.55,"u":"12,85 €/L","img":"https://fd15-photos.leclercdrive.fr/image.ashx?id=2246623&use=l&cat=p&typeid=i","cat":284550},{"id":169608,"n":"Le Sablé chocolat Elot 140g","p":3.56,"u":"25,43 €/KG","img":"https://fd15-photos.leclercdrive.fr/image.ashx?id=2241225&use=l&cat=p&typeid=i","cat":284487},{"id":169609,"n":"Le Sablé saveur vanille Elot 140g","p":3.29,"u":"23,50 €/KG","img":"https://fd15-photos.leclercdrive.fr/image.ashx?id=2241228&use=l&cat=p&typeid=i","cat":284487},{"id":169612,"n":"Chocolat en poudre Elot Communion 350g","p":8.65,"u":"24,71 €/KG","img":"https://fd15-photos.leclercdrive.fr/image.ashx?id=2458151&use=l&cat=p&typeid=i","cat":293235},{"id":169613,"n":"Chocolat en poudre Elot Pur cacao 300g","p":8.65,"u":"28,83 €/KG","img":"https://fd15-photos.leclercdrive.fr/image.ashx?id=2241246&use=l&cat=p&typeid=i","cat":293235},{"id":169614,"n":"Chocolat en poudre Elot Le Classique - 350g","p":8.65,"u":"24,71 €/KG","img":"https://fd15-photos.leclercdrive.fr/image.ashx?id=2260550&use=l&cat=p&typeid=i","cat":293235},{"id":169622,"n":"Rhum blanc agricole 55° JM 1L","p":22.35,"u":"22,35 €/L","img":"https://fd15-photos.leclercdrive.fr/image.ashx?id=2241282&use=l&cat=p&typeid=i","cat":284550},{"id":169624,"n":"Rhum blanc Maison La Mauny 50° cubi de 3L","p":34.99,"u":"11,66 €/L","img":"https://fd15-photos.leclercdrive.fr/image.ashx?id=2241279&use=l&cat=p&typeid=i","cat":284550},{"id":169730,"n":"Mini farcis de pintade  Maître Coq aux marrons - 440g","p":19.9,"u":"45,23 €/KG","img":"https://fd15-photos.leclercdrive.fr/image.ashx?id=2242125&use=l&cat=p&typeid=i","cat":327289},{"id":169739,"n":"Cassolettes St-Jacques saumon Tipiak  x2 - 220g","p":9.79,"u":"44,50 €/KG","img":"https://fd15-photos.leclercdrive.fr/image.ashx?id=2242173&use=l&cat=p&typeid=i","cat":284254},{"id":170032,"n":"Bloc Foie Gras Canard poivre de Madagascar Delpeyrat 330g","p":20.99,"u":"63,61 €/KG","img":"https://fd15-photos.leclercdrive.fr/image.ashx?id=2569365&use=l&cat=p&typeid=i","cat":305148},{"id":170109,"n":"Miel de France crémeux Côté Miel - 1kg","p":13.55,"u":"13,55 €/KG","img":"https://fd15-photos.leclercdrive.fr/image.ashx?id=2314323&use=l&cat=p&typeid=i","cat":287643},{"id":170111,"n":"Tartine craquante Jardin Bio Sarrasin bio - 150g","p":4.5,"u":"30,00 €/KG","img":"https://fd15-photos.leclercdrive.fr/image.ashx?id=2653672&use=l&cat=p&typeid=i","cat":285543},{"id":170260,"n":"Cailles farcies Maître Coq Cèpes et Girolles x2 - 440g","p":22.95,"u":"52,16 €/KG","img":"https://fd15-photos.leclercdrive.fr/image.ashx?id=2245067&use=l&cat=p&typeid=i","cat":327289},{"id":170327,"n":"Mini farcis de pintade aux morilles Maître Coq - 440g","p":19.9,"u":"45,23 €/KG","img":"https://fd15-photos.leclercdrive.fr/image.ashx?id=2245511&use=l&cat=p&typeid=i","cat":327289},{"id":170328,"n":"Cailles farcies Maître Coq Pommes et raisins x2 - 440g","p":22.95,"u":"52,16 €/KG","img":"https://fd15-photos.leclercdrive.fr/image.ashx?id=2245514&use=l&cat=p&typeid=i","cat":327289},{"id":170362,"n":"Spiced 40° Maison La Mauny Rhum épicé 70cl","p":12.3,"u":"17,57 €/L","img":"https://fd15-photos.leclercdrive.fr/image.ashx?id=2690511&use=l&cat=p&typeid=i","cat":284550},{"id":170364,"n":"Rhum vieux vo Maison La Mauny Signature 40° 1L","p":21.65,"u":"21,65 €/L","img":"https://fd15-photos.leclercdrive.fr/image.ashx?id=2690508&use=l&cat=p&typeid=i","cat":284550},{"id":170434,"n":"Matelote de thon D'Aucy Petits légumes 300g","p":3.89,"u":"12,97 €/KG","img":"https://fd15-photos.leclercdrive.fr/image.ashx?id=2247538&use=l&cat=p&typeid=i","cat":284953},{"id":170561,"n":"Friandises chien Tous mes Amis Sticks au Boeuf - 3x11g","p":0.93,"u":"28,18 €/KG","img":"https://fd15-photos.leclercdrive.fr/image.ashx?id=2302265&use=l&cat=p&typeid=i","cat":294527},{"id":170828,"n":"Chips Tortilla Old El Paso Chili - 185g","p":3.99,"u":"21,57 €/KG","img":"https://fd15-photos.leclercdrive.fr/image.ashx?id=2444525&use=l&cat=p&typeid=i","cat":288993},{"id":170853,"n":"Nectar Caresse Antillaise Cerise Acérola - 1L","p":2.65,"u":"2,65 €/L","img":"https://fd15-photos.leclercdrive.fr/image.ashx?id=2260571&use=l&cat=p&typeid=i","cat":284916},{"id":170900,"n":"Emmental râpé Paysan Breton Spécial pizza - 200g","p":3.51,"u":"17,55 €/KG","img":"https://fd15-photos.leclercdrive.fr/image.ashx?id=2774556&use=l&cat=p&typeid=i","cat":314035},{"id":170937,"n":"Vodka Absolut Lime 40%vol. - 70cl","p":24.29,"u":"34,70 €/L","img":"https://fd15-photos.leclercdrive.fr/image.ashx?id=2868521&use=l&cat=p&typeid=i","cat":284550},{"id":170941,"n":"Champagne Jacquart 1/2 sec - Mosaïque - 75cl","p":23.99,"u":"31,99 €/L","img":"https://fd15-photos.leclercdrive.fr/image.ashx?id=2977507&use=l&cat=p&typeid=i","cat":284542},{"id":170957,"n":"Confiture Douceur du Verger Abricot - 750g","p":4.19,"u":"5,59 €/KG","img":"https://fd15-photos.leclercdrive.fr/image.ashx?id=2965581&use=l&cat=p&typeid=i","cat":284480},{"id":171004,"n":"Ramen nouilles Tanoshi Soja Caramel - 360g","p":3.79,"u":"10,53 €/KG","img":"https://fd15-photos.leclercdrive.fr/image.ashx?id=2922971&use=l&cat=p&typeid=i","cat":288992},{"id":171012,"n":"Café Moulu San Marco Intenso n°9 - 2x250g","p":16.8,"u":"33,60 €/KG","img":"https://fd15-photos.leclercdrive.fr/image.ashx?id=2646044&use=l&cat=p&typeid=i","cat":284750},{"id":171020,"n":"Infusion Bio La Tisanière Brûle Graisse Citron 20 Sachets","p":3.6,"u":"120,00 €/KG","img":"https://fd15-photos.leclercdrive.fr/image.ashx?id=2476290&use=l&cat=p&typeid=i","cat":293234},{"id":171109,"n":"Lait de coco La Maison du Coco Bio équitable 400ml","p":3.05,"u":"7,63 €/L","img":"https://fd15-photos.leclercdrive.fr/image.ashx?id=2251586&use=l&cat=p&typeid=i","cat":294991},{"id":171119,"n":"Crème de coco La Maison du Coco Bio équitable 400ml","p":3.25,"u":"8,13 €/L","img":"https://fd15-photos.leclercdrive.fr/image.ashx?id=2251589&use=l&cat=p&typeid=i","cat":294991},{"id":171124,"n":"Farine de manioc Fariba 500g","p":8.25,"u":"16,50 €/KG","img":"https://fd15-photos.leclercdrive.fr/image.ashx?id=2251592&use=l&cat=p&typeid=i","cat":284503},{"id":171129,"n":"Crackers Prémium Saiwa Paquet de 315g","p":3.2,"u":"10,16 €/KG","img":"https://fd15-photos.leclercdrive.fr/image.ashx?id=2251595&use=l&cat=p&typeid=i","cat":297000},{"id":171134,"n":"Crackers salés Prémium Saiwa Paquet de 315g","p":3.2,"u":"10,16 €/KG","img":"https://fd15-photos.leclercdrive.fr/image.ashx?id=2251598&use=l&cat=p&typeid=i","cat":297000},{"id":171138,"n":"Crackers salés Prémium Saiwa Paquet de 250g","p":2.4,"u":"9,60 €/KG","img":"https://fd15-photos.leclercdrive.fr/image.ashx?id=2251613&use=l&cat=p&typeid=i","cat":297000},{"id":171139,"n":"Crackers Prémium Saiwa Paquet de 250g","p":2.3,"u":"9,20 €/KG","img":"https://fd15-photos.leclercdrive.fr/image.ashx?id=2251616&use=l&cat=p&typeid=i","cat":297000},{"id":171141,"n":"Crackers Premium Saiwa Blé complet - 250g","p":2.4,"u":"9,60 €/KG","img":"https://fd15-photos.leclercdrive.fr/image.ashx?id=2251619&use=l&cat=p&typeid=i","cat":297000},{"id":171145,"n":"Lait de coco La Kréyole 1L","p":7.77,"u":"7,77 €/L","img":"https://fd15-photos.leclercdrive.fr/image.ashx?id=2251622&use=l&cat=p&typeid=i","cat":294991},{"id":171188,"n":"Glace Barre Glacée Snickers  Caramel & Cacahuètes x6 - 274g","p":4.59,"u":"16,75 €/KG","img":"https://fd15-photos.leclercdrive.fr/image.ashx?id=2295508&use=l&cat=p&typeid=i","cat":284264},{"id":171191,"n":"Barre glacée Mars  Caramel x6 - 240g","p":4.59,"img":"https://fd15-photos.leclercdrive.fr/image.ashx?id=2295924&use=l&cat=p&typeid=i","cat":284264},{"id":171223,"n":"Mousse de foie Madrange et sa pointe de crème - 2x50g","p":1.55,"u":"15,50 €/P","img":"https://fd15-photos.leclercdrive.fr/image.ashx?id=2885992&use=l&cat=p&typeid=i","cat":316008},{"id":171303,"n":"Adoucissant Doudou Vanille - 3L","p":6.35,"u":"2,12 €/L","img":"https://fd15-photos.leclercdrive.fr/image.ashx?id=2690577&use=l&cat=p&typeid=i","cat":284650},{"id":171307,"n":"Désinfectant Grésyl Chlorex Surpuissant - 650ml","p":4.95,"u":"7,62 €/L","img":"https://fd15-photos.leclercdrive.fr/image.ashx?id=2690769&use=l&cat=p&typeid=i","cat":298252},{"id":171308,"n":"Eau de javel Madras 5L","p":4.7,"u":"0,94 €/L","img":"https://fd15-photos.leclercdrive.fr/image.ashx?id=2690592&use=l&cat=p&typeid=i","cat":284661},{"id":171309,"n":"Eau de javel Tropic Force 5L","p":5.2,"u":"1,04 €/L","img":"https://fd15-photos.leclercdrive.fr/image.ashx?id=2690586&use=l&cat=p&typeid=i","cat":284661},{"id":171310,"n":"Eau de javel Tropic Force 2L","p":3.3,"u":"1,65 €/L","img":"https://fd15-photos.leclercdrive.fr/image.ashx?id=2690589&use=l&cat=p&typeid=i","cat":284661},{"id":171311,"n":"Eau de javel Tropic Force 1L","p":1.95,"u":"1,95 €/L","img":"https://fd15-photos.leclercdrive.fr/image.ashx?id=2690580&use=l&cat=p&typeid=i","cat":284661},{"id":171312,"n":"Eau de javel Tropic Force Fraîcheur - 2L","p":3.3,"u":"1,65 €/L","img":"https://fd15-photos.leclercdrive.fr/image.ashx?id=2690604&use=l&cat=p&typeid=i","cat":284661},{"id":171313,"n":"Eau de javel Tropic Force Fraîcheur - 1L","p":2.25,"u":"2,25 €/L","img":"https://fd15-photos.leclercdrive.fr/image.ashx?id=2690601&use=l&cat=p&typeid=i","cat":284661},{"id":171315,"n":"Eau de javel Tropic Force Eucalyptus - 2L","p":3.3,"u":"1,65 €/L","img":"https://fd15-photos.leclercdrive.fr/image.ashx?id=2690598&use=l&cat=p&typeid=i","cat":284661},{"id":171316,"n":"Eau de javel Tropic Force Eucalyptus - 1L","p":2.25,"u":"2,25 €/L","img":"https://fd15-photos.leclercdrive.fr/image.ashx?id=2690595&use=l&cat=p&typeid=i","cat":284661},{"id":171317,"n":"Eau de javel Tropic Force Lavande- 2L","p":3.3,"u":"1,65 €/L","img":"https://fd15-photos.leclercdrive.fr/image.ashx?id=2690742&use=l&cat=p&typeid=i","cat":284661},{"id":171319,"n":"Essuie tout Chlorex Maxi bobine 1 rouleau égal 10","p":5.48,"img":"https://fd15-photos.leclercdrive.fr/image.ashx?id=2690781&use=l&cat=p&typeid=i","cat":284635},{"id":171320,"n":"Essuie tout Chlorex compact Maxi rouleaux 2 égal à 4","p":2.72,"u":"1,36 €/P","img":"https://fd15-photos.leclercdrive.fr/image.ashx?id=2690775&use=l&cat=p&typeid=i","cat":284635},{"id":171321,"n":"Essuie tout Chlorex compact Maxi rouleaux 4 égal à 8","p":4.88,"u":"1,22 €/P","img":"https://fd15-photos.leclercdrive.fr/image.ashx?id=2690778&use=l&cat=p&typeid=i","cat":284635},{"id":171322,"n":"Adoucissant Doudou Cannelle orange 3L","p":6.45,"u":"2,15 €/L","img":"https://fd15-photos.leclercdrive.fr/image.ashx?id=2252514&use=l&cat=p&typeid=i","cat":284650},{"id":171323,"n":"Lessive liquide Doudou Original 3L 30 lavages","p":10.5,"u":"3,50 €/L","img":"https://fd15-photos.leclercdrive.fr/image.ashx?id=2252517&use=l&cat=p&typeid=i","cat":284640},{"id":171324,"n":"Adoucissant Doudou Azur 3L","p":6.45,"u":"2,15 €/L","img":"https://fd15-photos.leclercdrive.fr/image.ashx?id=2252520&use=l&cat=p&typeid=i","cat":284650},{"id":171325,"n":"Adoucissant Doudou Rose 3L","p":6.45,"u":"2,15 €/L","img":"https://fd15-photos.leclercdrive.fr/image.ashx?id=2252523&use=l&cat=p&typeid=i","cat":284650},{"id":171327,"n":"Gel Tropic Force javélisant 1L","p":2.95,"u":"2,95 €/L","img":"https://fd15-photos.leclercdrive.fr/image.ashx?id=2690583&use=l&cat=p&typeid=i","cat":284662},{"id":171328,"n":"Gel WC Tropic Force Océane - 750ml","p":2.95,"u":"3,93 €/L","img":"https://fd15-photos.leclercdrive.fr/image.ashx?id=2690745&use=l&cat=p&typeid=i","cat":284662},{"id":171329,"n":"Gel WC Tropic Force Avec javel - 750ml","p":2.95,"u":"3,93 €/L","img":"https://fd15-photos.leclercdrive.fr/image.ashx?id=2252718&use=l&cat=p&typeid=i","cat":284662},{"id":171330,"n":"Javel en poudre Tropic Force Bidon de 600g","p":3.65,"u":"6,08 €/KG","img":"https://fd15-photos.leclercdrive.fr/image.ashx?id=2769408&use=l&cat=p&typeid=i","cat":284662},{"id":171331,"n":"Lave glace Tropic Auto Bleu - 5L","p":4.99,"u":"1,00 €/L","img":"https://fd15-photos.leclercdrive.fr/image.ashx?id=2690649&use=l&cat=p&typeid=i","cat":298252},{"id":171333,"n":"Lave glace Tropic Auto Floral - 5L","p":4.99,"u":"1,00 €/L","img":"https://fd15-photos.leclercdrive.fr/image.ashx?id=2690664&use=l&cat=p&typeid=i","cat":298252},{"id":171336,"n":"Adoucissant Doudou Lavande - 3L","p":6.45,"u":"2,15 €/L","img":"https://fd15-photos.leclercdrive.fr/image.ashx?id=2252532&use=l&cat=p&typeid=i","cat":284650},{"id":171338,"n":"Liquide vaisselle Tropic Force Citron - 500ml","p":1.85,"u":"3,70 €/L","img":"https://fd15-photos.leclercdrive.fr/image.ashx?id=2690607&use=l&cat=p&typeid=i","cat":284655},{"id":171339,"n":"Liquide vaisselle Tropic Force Citron - 750ml","p":2.15,"u":"2,87 €/L","img":"https://fd15-photos.leclercdrive.fr/image.ashx?id=2690613&use=l&cat=p&typeid=i","cat":284655},{"id":171341,"n":"Liquide vaisselle Tropic Force Vanille - 750ml","p":2.15,"u":"2,87 €/L","img":"https://fd15-photos.leclercdrive.fr/image.ashx?id=2690619&use=l&cat=p&typeid=i","cat":284655},{"id":171342,"n":"Liquide vaisselle Tropic Force Cannelle orange - 750ml","p":2.15,"u":"2,87 €/L","img":"https://fd15-photos.leclercdrive.fr/image.ashx?id=2690628&use=l&cat=p&typeid=i","cat":284655},{"id":171343,"n":"Liquide vaisselle Tropic Force Letchi - 500ml","p":1.85,"u":"3,70 €/L","img":"https://fd15-photos.leclercdrive.fr/image.ashx?id=2690631&use=l&cat=p&typeid=i","cat":284655},{"id":171344,"n":"Liquide vaisselle Tropic Force Letchi - 750ml","p":2.1,"u":"2,80 €/L","img":"https://fd15-photos.leclercdrive.fr/image.ashx?id=2690634&use=l&cat=p&typeid=i","cat":284655},{"id":171346,"n":"Liquide vaisselle Tropic Force Savon de Marseille - 750ml","p":2.15,"u":"2,87 €/L","img":"https://fd15-photos.leclercdrive.fr/image.ashx?id=2690640&use=l&cat=p&typeid=i","cat":284655},{"id":171347,"n":"Liquide vaisselle Tropic Force Savon de Marseille - 500ml","p":1.85,"u":"3,70 €/L","img":"https://fd15-photos.leclercdrive.fr/image.ashx?id=2690643&use=l&cat=p&typeid=i","cat":284655},{"id":171349,"n":"Mouchoirs 4 plis Doudou 6 étuis de 10","p":1.36,"u":"0,02 €/P","img":"https://fd15-photos.leclercdrive.fr/image.ashx?id=2252616&use=l&cat=p&typeid=i","cat":284638},{"id":171350,"n":"Mouchoirs 4 plis Doudou 10 étuis de 10","p":2.19,"u":"0,02 €/P","img":"https://fd15-photos.leclercdrive.fr/image.ashx?id=2252619&use=l&cat=p&typeid=i","cat":284638},{"id":171351,"n":"Mouchoirs blancs Doudou Double épaisseur boite de 100","p":1.65,"u":"0,02 €/P","img":"https://fd15-photos.leclercdrive.fr/image.ashx?id=2252622&use=l&cat=p&typeid=i","cat":284638},{"id":171352,"n":"Mouchoirs 4 plis Doudou 15 + 3 étuis de 10","p":3.4,"u":"0,02 €/P","img":"https://fd15-photos.leclercdrive.fr/image.ashx?id=2252625&use=l&cat=p&typeid=i","cat":284638},{"id":171353,"n":"Papier toilette Doudou Blanc - 6 rouleaux","p":3.12,"u":"0,52 €/P","img":"https://fd15-photos.leclercdrive.fr/image.ashx?id=2690673&use=l&cat=p&typeid=i","cat":284634},{"id":171354,"n":"Papier toilette Doudou Blanc - 12 rouleaux","p":6.82,"u":"0,57 €/P","img":"https://fd15-photos.leclercdrive.fr/image.ashx?id=2690676&use=l&cat=p&typeid=i","cat":284634},{"id":171355,"n":"Papier toilette compact Doudou Blanc 4 rouleaux égal 12","p":4.78,"u":"1,20 €/P","img":"https://fd15-photos.leclercdrive.fr/image.ashx?id=2690679&use=l&cat=p&typeid=i","cat":284634},{"id":171356,"n":"Essuie tout Doudou classique 2 rouleaux","p":1.95,"u":"0,98 €/P","img":"https://fd15-photos.leclercdrive.fr/image.ashx?id=2690682&use=l&cat=p&typeid=i","cat":284635},{"id":171357,"n":"Essuie tout Doudou classique 4 rouleaux","p":3.18,"u":"0,80 €/P","img":"https://fd15-photos.leclercdrive.fr/image.ashx?id=2690685&use=l&cat=p&typeid=i","cat":284635},{"id":171358,"n":"Essuie tout Doudou compact Ecologique 2 rouleaux égal 6","p":4.09,"u":"2,05 €/P","img":"https://fd15-photos.leclercdrive.fr/image.ashx?id=2690688&use=l&cat=p&typeid=i","cat":284635},{"id":171359,"n":"Essuie tout Doudou Maxi bobine 400 feuilles","p":5.12,"img":"https://fd15-photos.leclercdrive.fr/image.ashx?id=2690691&use=l&cat=p&typeid=i","cat":284635},{"id":171360,"n":"Papier toilette compact Doudou Blanc 4 rouleaux égal 10","p":4.05,"u":"1,01 €/P","img":"https://fd15-photos.leclercdrive.fr/image.ashx?id=2690694&use=l&cat=p&typeid=i","cat":284634},{"id":171362,"n":"Papier toilette Doudou Xtra large triple épaisseurs x6","p":6.41,"u":"1,07 €/P","img":"https://fd15-photos.leclercdrive.fr/image.ashx?id=2690700&use=l&cat=p&typeid=i","cat":284634},{"id":171365,"n":"Essuie tout Doudou compact 2 rouleaux égal 6","p":4.45,"u":"2,23 €/P","img":"https://fd15-photos.leclercdrive.fr/image.ashx?id=2690709&use=l&cat=p&typeid=i","cat":284635},{"id":171367,"n":"Lessive liquide Doudou Savon de Marseille x30 - 3L","p":10.5,"u":"3,50 €/L","img":"https://fd15-photos.leclercdrive.fr/image.ashx?id=2690718&use=l&cat=p&typeid=i","cat":284640},{"id":171368,"n":"Lessive liquide Doudou Pink bubble x30 - 3L","p":10.5,"u":"3,50 €/L","img":"https://fd15-photos.leclercdrive.fr/image.ashx?id=2690721&use=l&cat=p&typeid=i","cat":284640},{"id":171369,"n":"Lessive liquide Doudou Original x50 - 5L","p":17.65,"u":"3,53 €/L","img":"https://fd15-photos.leclercdrive.fr/image.ashx?id=2690730&use=l&cat=p&typeid=i","cat":284640},{"id":171370,"n":"Lessive liquide Doudou Aloé véra x50 - 5L","p":17.65,"u":"3,53 €/L","img":"https://fd15-photos.leclercdrive.fr/image.ashx?id=2690733&use=l&cat=p&typeid=i","cat":284640},{"id":171371,"n":"Lessive liquide Doudou Savon de Marseille x50 - 5L","p":17.3,"u":"3,46 €/L","img":"https://fd15-photos.leclercdrive.fr/image.ashx?id=2690736&use=l&cat=p&typeid=i","cat":284640},{"id":171372,"n":"Lessive liquide Doudou Pink bubble x50 - 5L","p":17.3,"u":"3,46 €/L","img":"https://fd15-photos.leclercdrive.fr/image.ashx?id=2690739&use=l&cat=p&typeid=i","cat":284640},{"id":171409,"n":"Sac poubelle Elembal 50L - x40","p":6.99,"u":"0,17 €/P","img":"https://fd15-photos.leclercdrive.fr/image.ashx?id=2793311&use=l&cat=p&typeid=i","cat":285168},{"id":171719,"n":"Lessive Epsil Perfect Tri-Doses Fleurie x20 - 490ml","p":8.29,"u":"16,92 €/L","img":"https://fd15-photos.leclercdrive.fr/image.ashx?id=2450119&use=l&cat=p&typeid=i","cat":284641},{"id":171736,"n":"Foie gras de canard Delpeyrat à l'Armagnac - 180g","p":19.99,"u":"111,06 €/KG","img":"https://fd15-photos.leclercdrive.fr/image.ashx?id=2569377&use=l&cat=p&typeid=i","cat":305148},{"id":171737,"n":"Foie gras de canard Delpeyrat au poivre moulu - 180g","p":19.99,"u":"111,06 €/KG","img":"https://fd15-photos.leclercdrive.fr/image.ashx?id=2569362&use=l&cat=p&typeid=i","cat":305148},{"id":171836,"n":"Céréales Trésor Kellogg's Chocolat au lait - 620g","p":5.9,"u":"9,52 €/KG","img":"https://fd15-photos.leclercdrive.fr/image.ashx?id=2598334&use=l&cat=p&typeid=i","cat":309513},{"id":171846,"n":"Skyr vanille Délisse 450g","p":4.79,"u":"10,64 €/KG","img":"https://fd15-photos.leclercdrive.fr/image.ashx?id=2992585&use=l&cat=p&typeid=i","cat":315000},{"id":172078,"n":"Choucroute Garnie du Jour Stoeffler - 350g","p":3.68,"u":"10,51 €/KG","img":"https://fd15-photos.leclercdrive.fr/image.ashx?id=2257937&use=l&cat=p&typeid=i","cat":333665},{"id":172108,"n":"Gambas Delpierre ASC entières cuites - 400g","p":11.9,"u":"29,75 €/KG","img":"https://fd15-photos.leclercdrive.fr/image.ashx?id=2361494&use=l&cat=p&typeid=i","cat":284343},{"id":172510,"n":"Morilles et champignons à la Crème Magda - 300g","p":7.79,"u":"25,97 €/KG","img":"https://fd15-photos.leclercdrive.fr/image.ashx?id=2790027&use=l&cat=p&typeid=i","cat":319823},{"id":172716,"n":"Allumettes nature Herta 200g","p":3.19,"u":"15,95 €/KG","img":"https://fd15-photos.leclercdrive.fr/image.ashx?id=2390011&use=l&cat=p&typeid=i","cat":316011},{"id":172718,"n":"Lessive en poudre Xeor Savon de Marseille x50 - 2.5kg","p":11.59,"u":"4,64 €/KG","img":"https://fd15-photos.leclercdrive.fr/image.ashx?id=2450161&use=l&cat=p&typeid=i","cat":284642},{"id":172725,"n":"Eau aromatisée San Pellegrino Limonata - 6x33cl","p":8.79,"u":"4,44 €/L","img":"https://fd15-photos.leclercdrive.fr/image.ashx?id=2525816&use=l&cat=p&typeid=i","cat":284536},{"id":172740,"n":"Farine à Pizza Mon Fournil T00 - 1kg","p":2.5,"u":"2,50 €/KG","img":"https://fd15-photos.leclercdrive.fr/image.ashx?id=2341660&use=l&cat=p&typeid=i","cat":284503},{"id":172747,"n":"Confiture Extra Dormoy Goyage Ananas - 325g","p":2.5,"u":"7,69 €/KG","img":"https://fd15-photos.leclercdrive.fr/image.ashx?id=2260547&use=l&cat=p&typeid=i","cat":284480},{"id":172827,"n":"Protège matelas Mots d'Enfants 60x120cm","p":15.9,"img":"https://fd15-photos.leclercdrive.fr/image.ashx?id=2693371&use=l&cat=p&typeid=i","cat":286694},{"id":173239,"n":"Délice d'artichauts Les Tartinables Florelli - 190g","p":3.14,"u":"16,53 €/KG","img":"https://fd15-photos.leclercdrive.fr/image.ashx?id=3014569&use=l&cat=p&typeid=i","cat":289010},{"id":173240,"n":"Caviar d'aubergines  Les Tartinables Florelli 190g","p":5.25,"u":"27,63 €/KG","img":"https://fd15-photos.leclercdrive.fr/image.ashx?id=2902786&use=l&cat=p&typeid=i","cat":289010},{"id":173241,"n":"Cassoulet de Castelnaudary Raynal & Roquelaure - 840g","p":7.95,"u":"9,46 €/KG","img":"https://fd15-photos.leclercdrive.fr/image.ashx?id=2928384&use=l&cat=p&typeid=i","cat":284441},{"id":173326,"n":"Soupe liquide Liebig  Poissons - 2x30cl","p":3.79,"u":"6,32 €/L","img":"https://fd15-photos.leclercdrive.fr/image.ashx?id=2604452&use=l&cat=p&typeid=i","cat":287366},{"id":173329,"n":"Soupe liquide Liebig  Poissons - Brique 1L","p":3.95,"u":"3,95 €/L","img":"https://fd15-photos.leclercdrive.fr/image.ashx?id=2647468&use=l&cat=p&typeid=i","cat":287366},{"id":173332,"n":"Soupe liquide Liebig poireaux Saint jacques - Brique 1L","p":5.69,"u":"5,69 €/L","img":"https://fd15-photos.leclercdrive.fr/image.ashx?id=2472195&use=l&cat=p&typeid=i","cat":284462},{"id":173333,"n":"Soupe liquide Liebig  Poireaux saint jacques - 2x30cl","p":4.59,"u":"7,65 €/L","img":"https://fd15-photos.leclercdrive.fr/image.ashx?id=2472198&use=l&cat=p&typeid=i","cat":284462},{"id":173608,"n":"Lessive Bébé Persavon Abricot Bio - x30 - 1,5l","p":9.95,"u":"6,63 €/L","img":"https://fd15-photos.leclercdrive.fr/image.ashx?id=2997061&use=l&cat=p&typeid=i","cat":284640},{"id":174145,"n":"Confiture Douceur du Verger Cerises - 370 g","p":2.05,"u":"5,54 €/KG","img":"https://fd15-photos.leclercdrive.fr/image.ashx?id=2965599&use=l&cat=p&typeid=i","cat":284480},{"id":174146,"n":"Marmelade oranges Douceur du Verger - 370 g","p":1.99,"u":"5,38 €/KG","img":"https://fd15-photos.leclercdrive.fr/image.ashx?id=2965596&use=l&cat=p&typeid=i","cat":284480},{"id":174148,"n":"Confiture Douceur du Verger Pêches - 370 g","p":2.45,"u":"6,62 €/KG","img":"https://fd15-photos.leclercdrive.fr/image.ashx?id=2965602&use=l&cat=p&typeid=i","cat":284480},{"id":174149,"n":"Confiture Douceur du Verger Fraises - 370 g","p":1.99,"u":"5,38 €/KG","img":"https://fd15-photos.leclercdrive.fr/image.ashx?id=2965542&use=l&cat=p&typeid=i","cat":284480},{"id":174150,"n":"Confiture Douceur du Verger Framboises - 370 g","p":3.39,"u":"9,16 €/KG","img":"https://fd15-photos.leclercdrive.fr/image.ashx?id=2965575&use=l&cat=p&typeid=i","cat":284480},{"id":174151,"n":"Confiture Douceur du Verger 4 fruits rouges - 370 g","p":2.39,"u":"6,46 €/KG","img":"https://fd15-photos.leclercdrive.fr/image.ashx?id=2965548&use=l&cat=p&typeid=i","cat":284480},{"id":174153,"n":"Sauce tomates cuisinées Panzani 210g","p":1.75,"u":"8,33 €/KG","img":"https://fd15-photos.leclercdrive.fr/image.ashx?id=2880688&use=l&cat=p&typeid=i","cat":299047},{"id":174154,"n":"Sauce Tomate Basilic Panzani - 210G","p":1.63,"u":"7,76 €/KG","img":"https://fd15-photos.leclercdrive.fr/image.ashx?id=2881290&use=l&cat=p&typeid=i","cat":288384},{"id":174155,"n":"Sauce tomate Panzani Provençale - 425g","p":2.49,"u":"5,86 €/KG","img":"https://fd15-photos.leclercdrive.fr/image.ashx?id=2742866&use=l&cat=p&typeid=i","cat":288384},{"id":174156,"n":"Sauce tomates cuisinées Panzani 425g","p":2.23,"u":"5,25 €/KG","img":"https://fd15-photos.leclercdrive.fr/image.ashx?id=2977276&use=l&cat=p&typeid=i","cat":288384},{"id":174157,"n":"Sauce Tomate Basilic Panzani - 400G","p":2.09,"u":"5,23 €/KG","img":"https://fd15-photos.leclercdrive.fr/image.ashx?id=2968088&use=l&cat=p&typeid=i","cat":288384},{"id":174158,"n":"Sauce Tomate Provençale Panzani - 650G","p":3.85,"u":"5,92 €/KG","img":"https://fd15-photos.leclercdrive.fr/image.ashx?id=2977942&use=l&cat=p&typeid=i","cat":299047},{"id":174159,"n":"Sauce Tomate Basilic Panzani - 650G","p":2.94,"u":"4,52 €/KG","img":"https://fd15-photos.leclercdrive.fr/image.ashx?id=2977945&use=l&cat=p&typeid=i","cat":288384},{"id":174160,"n":"Sauce tomates fraîches Panzani 3x190g","p":3.49,"u":"6,12 €/KG","img":"https://fd15-photos.leclercdrive.fr/image.ashx?id=2835274&use=l&cat=p&typeid=i","cat":288384},{"id":174161,"n":"Queues de langouste crue Ronde des Mers - 340g","p":29.9,"u":"87,94 €/KG","img":"https://fd15-photos.leclercdrive.fr/image.ashx?id=2523470&use=l&cat=p&typeid=i","cat":327284},{"id":174188,"n":"Crevettes décortiquées Eco+ 500g","p":9.12,"u":"18,24 €/KG","img":"https://fd15-photos.leclercdrive.fr/image.ashx?id=2858947&use=l&cat=p&typeid=i","cat":319787},{"id":174204,"n":"Margarine Oméga 3 Fruit d'Or Sans huile de palme - 225g","p":1.99,"u":"8,84 €/KG","img":"https://fd15-photos.leclercdrive.fr/image.ashx?id=2887332&use=l&cat=p&typeid=i","cat":315229},{"id":174221,"n":"Pur jus d'orange Eco  Avec pulpe - 1L","p":3.39,"u":"3,39 €/L","img":"https://fd15-photos.leclercdrive.fr/image.ashx?id=2843102&use=l&cat=p&typeid=i","cat":285435},{"id":174222,"n":"Pur jus d'orange Eco  Sans pulpe - 1L","p":3.39,"u":"3,39 €/L","img":"https://fd15-photos.leclercdrive.fr/image.ashx?id=2779874&use=l&cat=p&typeid=i","cat":285435},{"id":174223,"n":"Pur jus de pomme Eco  1L","p":2.55,"u":"2,55 €/L","img":"https://fd15-photos.leclercdrive.fr/image.ashx?id=2779877&use=l&cat=p&typeid=i","cat":285435},{"id":174228,"n":"Sucre Extra Fin Saint Louis  650g","p":2.23,"u":"3,43 €/KG","img":"https://fd15-photos.leclercdrive.fr/image.ashx?id=2504317&use=l&cat=p&typeid=i","cat":284502},{"id":174347,"n":"Chips à la crevette Suzi Wan 50g","p":2.45,"u":"49,00 €/KG","img":"https://fd15-photos.leclercdrive.fr/image.ashx?id=2270572&use=l&cat=p&typeid=i","cat":288992},{"id":174398,"n":"Eponges grattantes Eco + x6","p":1.52,"u":"0,25 €/P","img":"https://fd15-photos.leclercdrive.fr/image.ashx?id=2761295&use=l&cat=p&typeid=i","cat":284667},{"id":174439,"n":"Chocolat Ferrero Rocher x16 -  200g","p":6.89,"u":"34,45 €/KG","img":"https://fd15-photos.leclercdrive.fr/image.ashx?id=2173535&use=l&cat=p&typeid=i","cat":284499},{"id":174489,"n":"Mini saucisson sec Saint Azay 160g","p":3.1,"u":"19,38 €/KG","img":"https://fd15-photos.leclercdrive.fr/image.ashx?id=2922709&use=l&cat=p&typeid=i","cat":316006},{"id":174493,"n":"Mini chorizo St Azay 160g","p":3.14,"u":"19,63 €/KG","img":"https://fd15-photos.leclercdrive.fr/image.ashx?id=2272012&use=l&cat=p&typeid=i","cat":316006},{"id":174510,"n":"Drap de douche Tissaia Perle - 68x140cm","p":15.9,"img":"https://fd15-photos.leclercdrive.fr/image.ashx?id=2219533&use=l&cat=p&typeid=i","cat":286694},{"id":174515,"n":"Mothais sur feuille NRT Fromage de chèvre - 150g","p":6.35,"u":"42,33 €/KG","img":"https://fd15-photos.leclercdrive.fr/image.ashx?id=2302491&use=l&cat=p&typeid=i","cat":314031},{"id":174517,"n":"Pur jus multifruits Jafaden 90cl","p":2.6,"u":"2,89 €/L","img":"https://fd15-photos.leclercdrive.fr/image.ashx?id=2723153&use=l&cat=p&typeid=i","cat":285435},{"id":174524,"n":"Délice sauce Vitakraft Poisson - 6x85g","p":5.25,"u":"10,29 €/KG","img":"https://fd15-photos.leclercdrive.fr/image.ashx?id=2283294&use=l&cat=p&typeid=i","cat":285286},{"id":174565,"n":"Fruits au sirop St Mamet Pêche Poire Ananas - 475g","p":4.84,"u":"10,19 €/KG","img":"https://fd15-photos.leclercdrive.fr/image.ashx?id=2412438&use=l&cat=p&typeid=i","cat":284507},{"id":174687,"n":"Chinon Domaine Angelliaume rosé - 75cl","p":9.5,"u":"12,67 €/L","img":"https://fd15-photos.leclercdrive.fr/image.ashx?id=2853287&use=l&cat=p&typeid=i","cat":289558},{"id":174704,"n":"Eau de Javel La Croix Tripack Tonique - 3x200ml","p":2.84,"u":"4,73 €/L","img":"https://fd15-photos.leclercdrive.fr/image.ashx?id=2512423&use=l&cat=p&typeid=i","cat":284661},{"id":174710,"n":"Confiture Douceur du Verger Mirabelles - 370g","p":3.05,"u":"8,24 €/KG","img":"https://fd15-photos.leclercdrive.fr/image.ashx?id=2965560&use=l&cat=p&typeid=i","cat":284480},{"id":174712,"n":"Confiture Douceur du Verger Figues - 370g","p":2.15,"u":"5,81 €/KG","img":"https://fd15-photos.leclercdrive.fr/image.ashx?id=2965587&use=l&cat=p&typeid=i","cat":284480},{"id":174714,"n":"Confiture Douceur du Verger Mûres - 370g","p":2.55,"u":"6,89 €/KG","img":"https://fd15-photos.leclercdrive.fr/image.ashx?id=2970587&use=l&cat=p&typeid=i","cat":284480},{"id":174787,"n":"Plat rectangulaire en verre avec couvercle Pyrex 25x19cm","p":15.9,"img":"https://fd15-photos.leclercdrive.fr/image.ashx?id=2556099&use=l&cat=p&typeid=i","cat":298490},{"id":174788,"n":"Plat rectangulaire en verre avec couvercle Pyrex 27x22cm","p":21.9,"img":"https://fd15-photos.leclercdrive.fr/image.ashx?id=2907932&use=l&cat=p&typeid=i","cat":298490},{"id":174817,"n":"Gelée Douceur du Verger Mûres - 370g","p":3.15,"u":"8,51 €/KG","img":"https://fd15-photos.leclercdrive.fr/image.ashx?id=2965578&use=l&cat=p&typeid=i","cat":284480},{"id":174844,"n":"Amandes en poudre d'Espagne Sainte Lucie - 100g","p":4.55,"u":"45,50 €/KG","img":"https://fd15-photos.leclercdrive.fr/image.ashx?id=2774331&use=l&cat=p&typeid=i","cat":284504},{"id":174875,"n":"Gelée douceur du Verger Groseilles - 370g","p":2.89,"u":"7,81 €/KG","img":"https://fd15-photos.leclercdrive.fr/image.ashx?id=2965563&use=l&cat=p&typeid=i","cat":284480},{"id":174886,"n":"Aubergine Eco+ 500g","p":2.99,"u":"5,98 €/KG","img":"https://fd15-photos.leclercdrive.fr/image.ashx?id=2907153&use=l&cat=p&typeid=i","cat":284352},{"id":174931,"n":"Steak haché façon bouchère x4 Soutenons Nos Agriculteurs 400g","p":7.23,"u":"18,08 €/KG","img":"https://fd15-photos.leclercdrive.fr/image.ashx?id=2968070&use=l&cat=p&typeid=i","cat":319778},{"id":174932,"n":"Poisson Pané Findus Croustibat Colin d'Alaska MSC x18 - 540g","p":7.9,"u":"14,63 €/KG","img":"https://fd15-photos.leclercdrive.fr/image.ashx?id=2653774&use=l&cat=p&typeid=i","cat":319788},{"id":174941,"n":"Fromage blanc Engagé Soutenons Nos Agriculteurs 1kg","p":4.19,"u":"4,19 €/KG","img":"https://fd15-photos.leclercdrive.fr/image.ashx?id=2297292&use=l&cat=p&typeid=i","cat":284409},{"id":174949,"n":"Crème fluide légère 3x20cl Soutenons Nos Agriculteurs","p":2.89,"u":"4,82 €/L","img":"https://fd15-photos.leclercdrive.fr/image.ashx?id=2291417&use=l&cat=p&typeid=i","cat":284381},{"id":174954,"n":"Crème liquide UHT 3x20cl Soutenons Nos Agriculteurs","p":4.65,"u":"7,75 €/L","img":"https://fd15-photos.leclercdrive.fr/image.ashx?id=2291414&use=l&cat=p&typeid=i","cat":284381},{"id":174984,"n":"Miel Soutenons nos agriculteurs Crémeux - 500 g","p":8.35,"u":"16,70 €/KG","img":"https://fd15-photos.leclercdrive.fr/image.ashx?id=2685699&use=l&cat=p&typeid=i","cat":287643},{"id":174997,"n":"Jambon supérieur 2 tranches Soutenons Nos Agriculteurs 70g","p":1.97,"u":"28,14 €/KG","img":"https://fd15-photos.leclercdrive.fr/image.ashx?id=2437518&use=l&cat=p&typeid=i","cat":316009},{"id":174998,"n":"Jambon supérieur 6 tranches Soutenons Nos Agriculteurs 210g","p":5.2,"u":"24,76 €/KG","img":"https://fd15-photos.leclercdrive.fr/image.ashx?id=2943710&use=l&cat=p&typeid=i","cat":316009},{"id":174999,"n":"Jambon superieur 4 tranches Soutenons Nos Agriculteurs 140g","p":3.5,"u":"25,00 €/KG","img":"https://fd15-photos.leclercdrive.fr/image.ashx?id=2943707&use=l&cat=p&typeid=i","cat":316009},{"id":175001,"n":"Rôti de porc 4 tranches Soutenons Nos Agriculteurs 140g","p":4.26,"u":"30,43 €/KG","img":"https://fd15-photos.leclercdrive.fr/image.ashx?id=2890031&use=l&cat=p&typeid=i","cat":316009},{"id":175003,"n":"Saucisse sèche Engagée  Soutenons Nos Agriculteur 200g","p":4.41,"u":"22,05 €/KG","img":"https://fd15-photos.leclercdrive.fr/image.ashx?id=2543953&use=l&cat=p&typeid=i","cat":316006},{"id":175021,"n":"Lardons nature 2x75g Soutenons Nos Agriculteurs","p":2.65,"u":"17,67 €/KG","img":"https://fd15-photos.leclercdrive.fr/image.ashx?id=2833044&use=l&cat=p&typeid=i","cat":316011},{"id":175022,"n":"Lardons fumés 2x75g Soutenons Nos Agriculteurs","p":2.79,"u":"18,60 €/KG","img":"https://fd15-photos.leclercdrive.fr/image.ashx?id=2831625&use=l&cat=p&typeid=i","cat":316011},{"id":175058,"n":"Pois chiches Bonduelle Cuits Dans Très Peu De Jus 265g","p":1.8,"u":"6,79 €/KG","img":"https://fd15-photos.leclercdrive.fr/image.ashx?id=2926272&use=l&cat=p&typeid=i","cat":312609},{"id":175062,"n":"Yaourt à la grecque YAOS Nature lit de cerises 4x125g","p":3.29,"u":"6,58 €/KG","img":"https://fd15-photos.leclercdrive.fr/image.ashx?id=2614951&use=l&cat=p&typeid=i","cat":284410},{"id":175083,"n":"Betteraves rouges Rocal Cuites épluchées - 500g","p":2.95,"u":"5,90 €/KG","img":"https://fd15-photos.leclercdrive.fr/image.ashx?id=2281059&use=l&cat=p&typeid=i","cat":284352},{"id":175084,"n":"Nectar Caresse Antillaise Goyave - 50cl","p":1.55,"u":"3,10 €/L","img":"https://fd15-photos.leclercdrive.fr/image.ashx?id=2281062&use=l&cat=p&typeid=i","cat":285435},{"id":175086,"n":"Nectar Caresse Antillaise Goyave - 1L","p":2.65,"u":"2,65 €/L","img":"https://fd15-photos.leclercdrive.fr/image.ashx?id=2281065&use=l&cat=p&typeid=i","cat":285435},{"id":175087,"n":"Yaourt aromatisé Cito Vanille - Pot de 125g","p":0.59,"u":"4,72 €/KG","img":"https://fd15-photos.leclercdrive.fr/image.ashx?id=2281068&use=l&cat=p&typeid=i","cat":286006},{"id":175098,"n":"Tartines croustillantes Wasa Sésame - 250g","p":2.72,"u":"10,88 €/KG","img":"https://fd15-photos.leclercdrive.fr/image.ashx?id=3011860&use=l&cat=p&typeid=i","cat":284479},{"id":175122,"n":"Crème Douche Nourrissante Cadum Surgras Coco - 750ml","p":5.8,"u":"7,73 €/L","img":"https://fd15-photos.leclercdrive.fr/image.ashx?id=2393284&use=l&cat=p&typeid=i","cat":284594},{"id":175125,"n":"Sauce Deluxe AMORA 250ml","p":2.9,"u":"11,60 €/L","img":"https://fd15-photos.leclercdrive.fr/image.ashx?id=3009266&use=l&cat=p&typeid=i","cat":318431},{"id":175339,"n":"Poivrons bicolores Eco+ x2","p":1.49,"u":"0,75 €/P","img":"https://fd15-photos.leclercdrive.fr/image.ashx?id=2709716&use=l&cat=p&typeid=i","cat":284352},{"id":175419,"n":"Citrons jaunes non traités Panier du Primeur Sachet x4","p":3.69,"u":"0,92 €/P","img":"https://fd15-photos.leclercdrive.fr/image.ashx?id=2930906&use=l&cat=p&typeid=i","cat":284356},{"id":175420,"n":"Citron à jus Filière Panier du Primeur Sachet 1kg","p":5.99,"u":"5,99 €/KG","img":"https://fd15-photos.leclercdrive.fr/image.ashx?id=2627667&use=l&cat=p&typeid=i","cat":284356},{"id":175472,"n":"Aneth Lamprien Provence Botte fraiche de 30g","p":3.49,"u":"116,33 €/KG","img":"https://fd15-photos.leclercdrive.fr/image.ashx?id=2456999&use=l&cat=p&typeid=i","cat":293607},{"id":175475,"n":"Champignons blancs de Paris  Inova Barquette de 250g","p":3.39,"u":"13,56 €/KG","img":"https://fd15-photos.leclercdrive.fr/image.ashx?id=2283836&use=l&cat=p&typeid=i","cat":284352},{"id":175477,"n":"Champignons bruns de Paris  Inova Barquette de 250g","p":3.99,"u":"15,96 €/KG","img":"https://fd15-photos.leclercdrive.fr/image.ashx?id=2283839&use=l&cat=p&typeid=i","cat":284352},{"id":175574,"n":"Sauce bolognaise Panzani Extra riche - 400g","p":3.59,"u":"8,98 €/KG","img":"https://fd15-photos.leclercdrive.fr/image.ashx?id=2887527&use=l&cat=p&typeid=i","cat":299047},{"id":175579,"n":"Pur jus Bio Village Bio Pomme  - 1L","p":3.19,"u":"3,19 €/L","img":"https://fd15-photos.leclercdrive.fr/image.ashx?id=2285081&use=l&cat=p&typeid=i","cat":284522},{"id":175582,"n":"Sachet fraicheur chat Sheba Soupe filets de poulet - 4x40g","p":4.35,"u":"27,19 €/KG","img":"https://fd15-photos.leclercdrive.fr/image.ashx?id=2292590&use=l&cat=p&typeid=i","cat":285286},{"id":175585,"n":"Sachet fraicheur chat Sheba Soupe filets de thon - 4x40g","p":6.15,"u":"38,44 €/KG","img":"https://fd15-photos.leclercdrive.fr/image.ashx?id=2292593&use=l&cat=p&typeid=i","cat":285286},{"id":175586,"n":"Lentilles vertes Vivien Paille 1kg","p":4.3,"u":"4,30 €/KG","img":"https://fd15-photos.leclercdrive.fr/image.ashx?id=2285093&use=l&cat=p&typeid=i","cat":284430},{"id":175588,"n":"Cannelle entière Sainte Lucie 15g","p":2.83,"u":"188,67 €/KG","img":"https://fd15-photos.leclercdrive.fr/image.ashx?id=2984380&use=l&cat=p&typeid=i","cat":298297},{"id":175599,"n":"Eclats La Patelière De pistaches torréfiées - 50g","p":4.59,"u":"91,80 €/KG","img":"https://fd15-photos.leclercdrive.fr/image.ashx?id=2285267&use=l&cat=p&typeid=i","cat":284504},{"id":175602,"n":"AOP Crozes Hermitage Les hauts de pavières 75 cl","p":19.19,"u":"25,59 €/L","img":"https://fd15-photos.leclercdrive.fr/image.ashx?id=2881843&use=l&cat=p&typeid=i","cat":289556},{"id":175605,"n":"Amandes California Sainte Lucie Décortiquées - 125g","p":5.3,"u":"42,40 €/KG","img":"https://fd15-photos.leclercdrive.fr/image.ashx?id=2285219&use=l&cat=p&typeid=i","cat":284504},{"id":175609,"n":"2 cuillères douces Tigex Mickey/Minnie thermosensibles","p":7.9,"img":"https://fd15-photos.leclercdrive.fr/image.ashx?id=2286711&use=l&cat=p&typeid=i","cat":289435},{"id":175610,"n":"2 tétines Air Control Tigex Base étroite silicone +12mois","p":3.9,"img":"https://fd15-photos.leclercdrive.fr/image.ashx?id=2286714&use=l&cat=p&typeid=i","cat":284743},{"id":175614,"n":"Serviettes hygiéniques Tigex","p":10.9,"img":"https://fd15-photos.leclercdrive.fr/image.ashx?id=2286702&use=l&cat=p&typeid=i","cat":289435},{"id":175615,"n":"5 Slips filet extensible Tigex","p":10.9,"img":"https://fd15-photos.leclercdrive.fr/image.ashx?id=2689829&use=l&cat=p&typeid=i","cat":289435},{"id":175671,"n":"IGP Côtes de Gascogne Elia Vin blanc sec 9%vol - 75cl","p":6.95,"u":"9,27 €/L","img":"https://fd15-photos.leclercdrive.fr/image.ashx?id=2288176&use=l&cat=p&typeid=i","cat":289557},{"id":175685,"n":"Madeleine longue P'tit Déli Fourrés à la fraise - 240g","p":2.99,"u":"12,46 €/KG","img":"https://fd15-photos.leclercdrive.fr/image.ashx?id=2558386&use=l&cat=p&typeid=i","cat":284492},{"id":175686,"n":"Farine de riz Jardin Bio Semi-complète bio - 400g","p":5.35,"u":"13,38 €/KG","img":"https://fd15-photos.leclercdrive.fr/image.ashx?id=2740097&use=l&cat=p&typeid=i","cat":284503},{"id":175730,"n":"AOP Alsace Gewurtzraminer  Vendanges tardives 75 cl","p":46.6,"u":"62,13 €/L","img":"https://fd15-photos.leclercdrive.fr/image.ashx?id=2583939&use=l&cat=p&typeid=i","cat":289557},{"id":175760,"n":"Biscuit Caprice Chocolat Praliné - 115g","p":2.8,"u":"24,35 €/KG","img":"https://fd15-photos.leclercdrive.fr/image.ashx?id=2484999&use=l&cat=p&typeid=i","cat":284488},{"id":175765,"n":"Chocolat au lait Lindt Création Praliné Feuillantine - 110g","p":4.35,"u":"39,55 €/KG","img":"https://fd15-photos.leclercdrive.fr/image.ashx?id=2287394&use=l&cat=p&typeid=i","cat":284497},{"id":175797,"n":"Gelée aux 3 viandes Mon Petit Purina Gourmet - 6x50g","p":4.11,"u":"13,70 €/KG","img":"https://fd15-photos.leclercdrive.fr/image.ashx?id=2899683&use=l&cat=p&typeid=i","cat":285286},{"id":175897,"n":"Huile moteur Shell Helix Ultra Professional - AR-L 5W-30 - 5L","p":59.9,"u":"11,98 €/L","img":"https://fd15-photos.leclercdrive.fr/image.ashx?id=2288503&use=l&cat=p&typeid=i","cat":298253},{"id":175900,"n":"Limoncello Villa Cardea 25° - 70cl","p":12.95,"u":"18,50 €/L","img":"https://fd15-photos.leclercdrive.fr/image.ashx?id=2828928&use=l&cat=p&typeid=i","cat":284551},{"id":175932,"n":"Miel de montagne L'Apiculteur Crémeux - 1kg","p":18.84,"u":"18,84 €/KG","img":"https://fd15-photos.leclercdrive.fr/image.ashx?id=2310920&use=l&cat=p&typeid=i","cat":287643},{"id":175954,"n":"Sauce Bolognaise Panzani Extra riche - 200g","p":1.99,"u":"9,95 €/KG","img":"https://fd15-photos.leclercdrive.fr/image.ashx?id=2918574&use=l&cat=p&typeid=i","cat":287599},{"id":175982,"n":"Huile de Bronzage SPF30 Garnier Protectrice - 150ml","p":18.7,"u":"124,67 €/L","img":"https://fd15-photos.leclercdrive.fr/image.ashx?id=2601121&use=l&cat=p&typeid=i","cat":325355},{"id":175986,"n":"Crème change bio Love & Green 100ml","p":6.8,"u":"68,00 €/L","img":"https://fd15-photos.leclercdrive.fr/image.ashx?id=2289267&use=l&cat=p&typeid=i","cat":284741},{"id":175999,"n":"Barquette chien Cesar Terrine veau et carottes - 300g","p":3.15,"u":"10,50 €/KG","img":"https://fd15-photos.leclercdrive.fr/image.ashx?id=2289249&use=l&cat=p&typeid=i","cat":284673},{"id":176027,"n":"Frites Classiques McCain Just Au Four - 700g","p":3.06,"u":"4,37 €/KG","img":"https://fd15-photos.leclercdrive.fr/image.ashx?id=2997340&use=l&cat=p&typeid=i","cat":319791},{"id":176029,"n":"Frites Classiques McCain Just Au Four - 1,69kg","p":6.39,"u":"3,78 €/KG","img":"https://fd15-photos.leclercdrive.fr/image.ashx?id=2771319&use=l&cat=p&typeid=i","cat":319791},{"id":176030,"n":"Frites Allumettes McCain Just Au Four - 700g","p":3.06,"u":"4,37 €/KG","img":"https://fd15-photos.leclercdrive.fr/image.ashx?id=2772491&use=l&cat=p&typeid=i","cat":319791},{"id":176031,"n":"Frites Allumettes McCain Just Au Four - 1,69kg","p":6.43,"u":"3,80 €/KG","img":"https://fd15-photos.leclercdrive.fr/image.ashx?id=2997343&use=l&cat=p&typeid=i","cat":319791},{"id":176033,"n":"Frites Steakhouse McCain Just Au Four - 700g","p":3.06,"u":"4,37 €/KG","img":"https://fd15-photos.leclercdrive.fr/image.ashx?id=2737921&use=l&cat=p&typeid=i","cat":319791},{"id":176034,"n":"Frites Express McCain Just Au Four - 600g","p":3.58,"u":"5,97 €/KG","img":"https://fd15-photos.leclercdrive.fr/image.ashx?id=2997337&use=l&cat=p&typeid=i","cat":319791},{"id":176036,"n":"Frites friteuse McCain Tradition - 1,080kg","p":3.99,"u":"3,69 €/KG","img":"https://fd15-photos.leclercdrive.fr/image.ashx?id=2737930&use=l&cat=p&typeid=i","cat":319791},{"id":176038,"n":"Frites friteuse McCain Tradition - 2,66kg","p":7.95,"u":"2,99 €/KG","img":"https://fd15-photos.leclercdrive.fr/image.ashx?id=2737927&use=l&cat=p&typeid=i","cat":319791},{"id":176040,"n":"Frites friteuse McCain Golden Allumette - 1,080kg","p":3.75,"u":"3,47 €/KG","img":"https://fd15-photos.leclercdrive.fr/image.ashx?id=2737939&use=l&cat=p&typeid=i","cat":319791},{"id":176041,"n":"Frites friteuse McCain Golden Allumettes - 2,66kg","p":8.59,"u":"3,23 €/KG","img":"https://fd15-photos.leclercdrive.fr/image.ashx?id=2737936&use=l&cat=p&typeid=i","cat":319791},{"id":176043,"n":"La Frite Belge McCain 1.080kg","p":3.85,"u":"3,56 €/KG","img":"https://fd15-photos.leclercdrive.fr/image.ashx?id=2737942&use=l&cat=p&typeid=i","cat":319791},{"id":176088,"n":"Dosettes Tassimo Carte Noire Cappuccino - x8 - 267g","p":12.36,"u":"46,29 €/KG","img":"https://fd15-photos.leclercdrive.fr/image.ashx?id=2290590&use=l&cat=p&typeid=i","cat":293240},{"id":176089,"n":"Café dosettes Tassimo L'Or Ristretto x16","p":7.59,"u":"59,30 €/KG","img":"https://fd15-photos.leclercdrive.fr/image.ashx?id=2290602&use=l&cat=p&typeid=i","cat":293240},{"id":176226,"n":"Thym La botte","p":1.99,"img":"https://fd15-photos.leclercdrive.fr/image.ashx?id=2362306&use=l&cat=p&typeid=i","cat":293607},{"id":176228,"n":"Soupe z'habitant\t Le paquet","p":2.99,"img":"https://fd15-photos.leclercdrive.fr/image.ashx?id=2362309&use=l&cat=p&typeid=i","cat":284352},{"id":176229,"n":"Légumes à soupe Le paquet","p":2.59,"img":"https://fd15-photos.leclercdrive.fr/image.ashx?id=2362312&use=l&cat=p&typeid=i","cat":284352},{"id":176238,"n":"Le rapé de Chèvre Soignon 150g","p":3.9,"u":"26,00 €/KG","img":"https://fd15-photos.leclercdrive.fr/image.ashx?id=2773694&use=l&cat=p&typeid=i","cat":314035},{"id":176239,"n":"Gnocchi Lustucru Selection  390g","p":2.09,"u":"5,36 €/KG","img":"https://fd15-photos.leclercdrive.fr/image.ashx?id=2965999&use=l&cat=p&typeid=i","cat":333682},{"id":176254,"n":"Foie de morue fumé MSC Pêche Océan - 121g","p":2.35,"u":"19,42 €/KG","img":"https://fd15-photos.leclercdrive.fr/image.ashx?id=2872457&use=l&cat=p&typeid=i","cat":305147},{"id":176299,"n":"Biscottes Cracotte LU Fibre - 250g","p":4.28,"u":"17,12 €/KG","img":"https://fd15-photos.leclercdrive.fr/image.ashx?id=2871154&use=l&cat=p&typeid=i","cat":284479},{"id":176384,"n":"Soin Cheveux Magique Elsève Dream Long Embellisseur - 200ml","p":11.05,"u":"55,25 €/L","img":"https://fd15-photos.leclercdrive.fr/image.ashx?id=2439308&use=l&cat=p&typeid=i","cat":284608},{"id":176387,"n":"Masque Hydra-Régénérant Elsève Hyaluron Repulp - 310ml","p":9.6,"u":"30,97 €/L","img":"https://fd15-photos.leclercdrive.fr/image.ashx?id=2865878&use=l&cat=p&typeid=i","cat":284608},{"id":176427,"n":"Soupe liquide Bio Liebig  Mouliné de Légumes Verts 2x30cl","p":4.6,"u":"15,33 €/L","img":"https://fd15-photos.leclercdrive.fr/image.ashx?id=2643698&use=l&cat=p&typeid=i","cat":284462},{"id":176436,"n":"Mini BN Cœur de Lait 175g","p":3.75,"u":"21,43 €/KG","img":"https://fd15-photos.leclercdrive.fr/image.ashx?id=2730484&use=l&cat=p&typeid=i","cat":284489},{"id":176535,"n":"Beurre bio Bio Village  Demi-sel - 80% MG - 250g","p":3.35,"u":"13,40 €/KG","img":"https://fd15-photos.leclercdrive.fr/image.ashx?id=2961719&use=l&cat=p&typeid=i","cat":284379},{"id":176542,"n":"Cabrichaud Étoile Quercy Au lardon - 160g","p":4.99,"u":"31,19 €/KG","img":"https://fd15-photos.leclercdrive.fr/image.ashx?id=2519153&use=l&cat=p&typeid=i","cat":314031},{"id":176566,"n":"Steak haché de poulet Maître Coq - 800g","p":10.8,"u":"13,50 €/KG","img":"https://fd15-photos.leclercdrive.fr/image.ashx?id=2295388&use=l&cat=p&typeid=i","cat":319780},{"id":176580,"n":"Margarine ProActiv Expert Tartine Doux - 225g","p":3.35,"u":"14,89 €/KG","img":"https://fd15-photos.leclercdrive.fr/image.ashx?id=2352035&use=l&cat=p&typeid=i","cat":315229},{"id":176616,"n":"Compotes Pom'Potes Gourdes  Multivariétés Régions - 12x90g","p":10.6,"u":"9,81 €/KG","img":"https://fd15-photos.leclercdrive.fr/image.ashx?id=2883426&use=l&cat=p&typeid=i","cat":284508},{"id":176677,"n":"Sablés noisettes chocolat Bonne Maman - 150g","p":3.09,"u":"20,60 €/KG","img":"https://fd15-photos.leclercdrive.fr/image.ashx?id=2984386&use=l&cat=p&typeid=i","cat":284488},{"id":176684,"n":"Chocolat Nestlé l'Atelier Caramel, amande, noisette 170g","p":5.14,"u":"30,24 €/KG","img":"https://fd15-photos.leclercdrive.fr/image.ashx?id=2663072&use=l&cat=p&typeid=i","cat":284497},{"id":176750,"n":"Gel WC Action Intense Canard Cosmic Peach - 750ml","p":4.06,"u":"5,41 €/L","img":"https://fd15-photos.leclercdrive.fr/image.ashx?id=2467979&use=l&cat=p&typeid=i","cat":284662},{"id":176755,"n":"Lessive en poudre Uni Vert 1,25kg","p":4.99,"u":"3,99 €/KG","img":"https://fd15-photos.leclercdrive.fr/image.ashx?id=2450107&use=l&cat=p&typeid=i","cat":284642},{"id":176807,"n":"Yaourt aromatisé Cito Abricot - Pot de 125g","p":0.59,"u":"4,72 €/KG","img":"https://fd15-photos.leclercdrive.fr/image.ashx?id=2281068&use=l&cat=p&typeid=i","cat":286006},{"id":176808,"n":"Yaourt aromatisé Cito Chocolat - Pot de 125g","p":0.59,"u":"4,72 €/KG","img":"https://fd15-photos.leclercdrive.fr/image.ashx?id=2281068&use=l&cat=p&typeid=i","cat":286006},{"id":176809,"n":"Yaourt aromatisé Cito Pêche - Pot de 125g","p":0.59,"u":"4,72 €/KG","img":"https://fd15-photos.leclercdrive.fr/image.ashx?id=2281068&use=l&cat=p&typeid=i","cat":286006},{"id":176810,"n":"Yaourt aromatisé Cito Litchi - Pot de 125g","p":0.59,"u":"4,72 €/KG","img":"https://fd15-photos.leclercdrive.fr/image.ashx?id=2281068&use=l&cat=p&typeid=i","cat":286006},{"id":176811,"n":"Yaourt aromatisé Cito Cacahuète - Pot de 125g","p":0.59,"u":"4,72 €/KG","img":"https://fd15-photos.leclercdrive.fr/image.ashx?id=2281068&use=l&cat=p&typeid=i","cat":286006},{"id":176812,"n":"Yaourt aromatisé Cito Ananas - Pot de 125g","p":0.59,"u":"4,72 €/KG","img":"https://fd15-photos.leclercdrive.fr/image.ashx?id=2281068&use=l&cat=p&typeid=i","cat":286006},{"id":176813,"n":"Yaourt aromatisé Cito Caramel - Pot de 125g","p":0.59,"u":"4,72 €/KG","img":"https://fd15-photos.leclercdrive.fr/image.ashx?id=2281068&use=l&cat=p&typeid=i","cat":286006},{"id":176814,"n":"Yaourt aromatisé Cito Goyave - Pot de 125g","p":0.59,"u":"4,72 €/KG","img":"https://fd15-photos.leclercdrive.fr/image.ashx?id=2281068&use=l&cat=p&typeid=i","cat":286006},{"id":176815,"n":"Yaourt aromatisé Cito Cerise - Pot de 125g","p":0.59,"u":"4,72 €/KG","img":"https://fd15-photos.leclercdrive.fr/image.ashx?id=2281068&use=l&cat=p&typeid=i","cat":286006},{"id":176816,"n":"Yaourt aromatisé Cito Noisette - Pot de 125g","p":0.59,"u":"4,72 €/KG","img":"https://fd15-photos.leclercdrive.fr/image.ashx?id=2281068&use=l&cat=p&typeid=i","cat":286006},{"id":176817,"n":"Yaourt aromatisé Cito Amande - Pot de 125g","p":0.59,"u":"4,72 €/KG","img":"https://fd15-photos.leclercdrive.fr/image.ashx?id=2281068&use=l&cat=p&typeid=i","cat":286006},{"id":176818,"n":"Yaourt aromatisé Cito Citron vert - Pot de 125g","p":0.59,"u":"4,72 €/KG","img":"https://fd15-photos.leclercdrive.fr/image.ashx?id=2281068&use=l&cat=p&typeid=i","cat":286006},{"id":176819,"n":"Yaourt aromatisé Cito Fraise - Pot de 125g","p":0.59,"u":"4,72 €/KG","img":"https://fd15-photos.leclercdrive.fr/image.ashx?id=2281068&use=l&cat=p&typeid=i","cat":286006},{"id":176820,"n":"Yaourt aromatisé Cito Poire - Pot de 125g","p":0.59,"u":"4,72 €/KG","img":"https://fd15-photos.leclercdrive.fr/image.ashx?id=2281068&use=l&cat=p&typeid=i","cat":286006},{"id":176821,"n":"Yaourt aromatisé Cito Framboise - Pot de 125g","p":0.59,"u":"4,72 €/KG","img":"https://fd15-photos.leclercdrive.fr/image.ashx?id=2281068&use=l&cat=p&typeid=i","cat":286006},{"id":176822,"n":"Yaourt aromatisé Cito Citron - Pot de 125g","p":0.59,"u":"4,72 €/KG","img":"https://fd15-photos.leclercdrive.fr/image.ashx?id=2281068&use=l&cat=p&typeid=i","cat":286006},{"id":176846,"n":"Knacki Original Herta x6 - 210g","p":2.1,"u":"10,00 €/KG","img":"https://fd15-photos.leclercdrive.fr/image.ashx?id=2299070&use=l&cat=p&typeid=i","cat":316012},{"id":176847,"n":"Knacki Original Herta x10 - 350g","p":2.5,"u":"7,14 €/KG","img":"https://fd15-photos.leclercdrive.fr/image.ashx?id=2304111&use=l&cat=p&typeid=i","cat":316012},{"id":176848,"n":"Knacki Original Herta Sans nitrite x6 - 210g","p":2.98,"u":"14,19 €/KG","img":"https://fd15-photos.leclercdrive.fr/image.ashx?id=2299073&use=l&cat=p&typeid=i","cat":316012},{"id":177003,"n":"Tiramisu au spéculoos Equador 2x100g","p":3.79,"u":"18,95 €/KG","img":"https://fd15-photos.leclercdrive.fr/image.ashx?id=2566691&use=l&cat=p&typeid=i","cat":284419},{"id":177004,"n":"Tiramisu au Citron Equador 2x100g","p":3.79,"u":"18,95 €/KG","img":"https://fd15-photos.leclercdrive.fr/image.ashx?id=2609610&use=l&cat=p&typeid=i","cat":284419},{"id":177005,"n":"Tiramisu à la Framboise Equador 2x100g","p":3.85,"u":"19,25 €/KG","img":"https://fd15-photos.leclercdrive.fr/image.ashx?id=2566697&use=l&cat=p&typeid=i","cat":284419},{"id":177111,"n":"Pralines Raffaello Noix de coco amandes x26 - 260g","p":8.44,"u":"32,46 €/KG","img":"https://fd15-photos.leclercdrive.fr/image.ashx?id=2964030&use=l&cat=p&typeid=i","cat":327595},{"id":177195,"n":"Concombre  1kg","p":0.69,"u":"0,69 €/KG","img":"https://fd15-photos.leclercdrive.fr/image.ashx?id=2115890&use=l&cat=p&typeid=i","cat":284352},{"id":177211,"n":"Crème glacée L'Angélys Stracciatella - 500g","p":7.79,"u":"15,58 €/KG","img":"https://fd15-photos.leclercdrive.fr/image.ashx?id=2963580&use=l&cat=p&typeid=i","cat":284263},{"id":177212,"n":"Sorbet Plein Fruit L'Angélys Pêche de Vigne - 500g","p":8.99,"u":"17,98 €/KG","img":"https://fd15-photos.leclercdrive.fr/image.ashx?id=2963634&use=l&cat=p&typeid=i","cat":284263},{"id":177214,"n":"Sorbet Plein Fruit L'Angélys Banane - 500g","p":8.99,"u":"17,98 €/KG","img":"https://fd15-photos.leclercdrive.fr/image.ashx?id=2963601&use=l&cat=p&typeid=i","cat":284263},{"id":177215,"n":"Sorbet Plein Fruit L'Angélys Cassis - 500g","p":8.39,"u":"16,78 €/KG","img":"https://fd15-photos.leclercdrive.fr/image.ashx?id=2963604&use=l&cat=p&typeid=i","cat":284263},{"id":177216,"n":"Bière blanche sans alcool 1664 0,0° - 6x25cl","p":8.2,"u":"5,47 €/L","img":"https://fd15-photos.leclercdrive.fr/image.ashx?id=2907890&use=l&cat=p&typeid=i","cat":334877},{"id":177217,"n":"Sorbet Plein Fruit L'Angélys Citron vert - 500g","p":6.85,"u":"13,70 €/KG","img":"https://fd15-photos.leclercdrive.fr/image.ashx?id=2963607&use=l&cat=p&typeid=i","cat":284263},{"id":177218,"n":"Lessive tri-doses couleurs Epsil - x20 capsules","p":8.19,"u":"0,41 €/P","img":"https://fd15-photos.leclercdrive.fr/image.ashx?id=2450113&use=l&cat=p&typeid=i","cat":284641},{"id":177219,"n":"Sorbet Plein Fruit L'Angélys Fraise - 500g","p":8.25,"u":"16,50 €/KG","img":"https://fd15-photos.leclercdrive.fr/image.ashx?id=2963610&use=l&cat=p&typeid=i","cat":284263},{"id":177221,"n":"Cônes Extrême Nestlé Sorbets Citrons x6 - 426g","p":5.25,"u":"12,32 €/KG","img":"https://fd15-photos.leclercdrive.fr/image.ashx?id=2346320&use=l&cat=p&typeid=i","cat":284264},{"id":177233,"n":"Sorbet Plein Fruit L'Angélys Fruit de la passion - 500g","p":8.99,"u":"17,98 €/KG","img":"https://fd15-photos.leclercdrive.fr/image.ashx?id=2963613&use=l&cat=p&typeid=i","cat":284263},{"id":177234,"n":"Sorbet Plein Fruit L'Angélys Mangue - 500g","p":7.39,"u":"14,78 €/KG","img":"https://fd15-photos.leclercdrive.fr/image.ashx?id=2963616&use=l&cat=p&typeid=i","cat":284263},{"id":177237,"n":"Sorbet Plein Fruit L'Angélys Poire - 500g","p":7.75,"u":"15,50 €/KG","img":"https://fd15-photos.leclercdrive.fr/image.ashx?id=2963637&use=l&cat=p&typeid=i","cat":284263},{"id":177238,"n":"Sorbet Plein Fruit L'Angélys Noix de coco - 500g","p":6.49,"u":"12,98 €/KG","img":"https://fd15-photos.leclercdrive.fr/image.ashx?id=2963640&use=l&cat=p&typeid=i","cat":284263},{"id":177257,"n":"Yaourt à la Grecque Nat&Vie Mangue Passion - 4x115g","p":4.35,"u":"9,46 €/KG","img":"https://fd15-photos.leclercdrive.fr/image.ashx?id=2901485&use=l&cat=p&typeid=i","cat":316071},{"id":177260,"n":"Bâtonnets Manger Main Bio Yooji Haricots Pois Semoule 225g","p":4.95,"u":"22,00 €/KG","img":"https://fd15-photos.leclercdrive.fr/image.ashx?id=2529039&use=l&cat=p&typeid=i","cat":290631},{"id":177275,"n":"La Bûche de Chèvre Soignon Nature - 150g","p":3.45,"u":"23,00 €/KG","img":"https://fd15-photos.leclercdrive.fr/image.ashx?id=2995322&use=l&cat=p&typeid=i","cat":314031},{"id":177276,"n":"La bûche de Chèvre Soignon Cendrée - 150g","p":3.39,"u":"22,60 €/KG","img":"https://fd15-photos.leclercdrive.fr/image.ashx?id=2995319&use=l&cat=p&typeid=i","cat":314031},{"id":177319,"n":"Boulgour Tipiak 450g","p":3.35,"u":"7,44 €/KG","img":"https://fd15-photos.leclercdrive.fr/image.ashx?id=2766445&use=l&cat=p&typeid=i","cat":284429},{"id":177407,"n":"AOP Corse blanc Terres Ocrees  Corse  - 75cl","p":8.27,"u":"11,03 €/L","img":"https://fd15-photos.leclercdrive.fr/image.ashx?id=2702189&use=l&cat=p&typeid=i","cat":289557},{"id":177618,"n":"Pulpe de tomate Rochefontaine - Lot 3x400g","p":5.78,"u":"4,82 €/KG","img":"https://fd15-photos.leclercdrive.fr/image.ashx?id=2307823&use=l&cat=p&typeid=i","cat":288384},{"id":177650,"n":"Jambon Le Fumé Fleury Michon Sans nitrite x4 - 140g","p":4.99,"u":"35,64 €/KG","img":"https://fd15-photos.leclercdrive.fr/image.ashx?id=2923948&use=l&cat=p&typeid=i","cat":316009},{"id":177670,"n":"Crème fraîche entière Yoplait 30%MG - 450g","p":3.35,"u":"7,44 €/KG","img":"https://fd15-photos.leclercdrive.fr/image.ashx?id=2811044&use=l&cat=p&typeid=i","cat":284381},{"id":177676,"n":"Skyr Yoplait  Nature 0%MG - 8x100G","p":6.29,"u":"7,86 €/KG","img":"https://fd15-photos.leclercdrive.fr/image.ashx?id=2884450&use=l&cat=p&typeid=i","cat":315000},{"id":177677,"n":"Skyr Yoplait  Lit Fruits Rouges 0%MG - 8x100G","p":6.19,"u":"7,74 €/KG","img":"https://fd15-photos.leclercdrive.fr/image.ashx?id=2884453&use=l&cat=p&typeid=i","cat":315000},{"id":177698,"n":"Knacki Original Herta Sans nitrite x4 - 140g","p":2.35,"u":"16,79 €/KG","img":"https://fd15-photos.leclercdrive.fr/image.ashx?id=2309423&use=l&cat=p&typeid=i","cat":316012},{"id":177704,"n":"Knacki Original Herta 100% Porc - 210g","p":2.79,"u":"13,29 €/KG","img":"https://fd15-photos.leclercdrive.fr/image.ashx?id=2309417&use=l&cat=p&typeid=i","cat":316012},{"id":177709,"n":"Chou-fleur Florette 180g","p":4.15,"u":"23,06 €/KG","img":"https://fd15-photos.leclercdrive.fr/image.ashx?id=2786486&use=l&cat=p&typeid=i","cat":284352},{"id":177721,"n":"Crème Visage Nuit Nivea Anti-taches Luminous - 50ml","p":35.95,"u":"719,00 €/L","img":"https://fd15-photos.leclercdrive.fr/image.ashx?id=3000345&use=l&cat=p&typeid=i","cat":325345},{"id":177787,"n":"Boisson riz Bio Bjorg Sans sucre - 1L","p":3.03,"u":"3,03 €/L","img":"https://fd15-photos.leclercdrive.fr/image.ashx?id=2864471&use=l&cat=p&typeid=i","cat":316067},{"id":177849,"n":"Lessive Sanytol désinfectante fraicheur florale - 1,70L","p":15.7,"u":"9,24 €/L","img":"https://fd15-photos.leclercdrive.fr/image.ashx?id=2902978&use=l&cat=p&typeid=i","cat":284640},{"id":177919,"n":"Yaourt à boire Actimel Fraise Banane - 8x100g","p":5.24,"u":"6,55 €/KG","img":"https://fd15-photos.leclercdrive.fr/image.ashx?id=2939193&use=l&cat=p&typeid=i","cat":284415},{"id":177941,"n":"Courgettes Bio Bio Village Filet - 750g","p":5.99,"u":"7,99 €/KG","img":"https://fd15-photos.leclercdrive.fr/image.ashx?id=2625698&use=l&cat=p&typeid=i","cat":284352},{"id":178074,"n":"Aubergine Bio Bio Village x2","p":8.65,"u":"4,33 €/P","img":"https://fd15-photos.leclercdrive.fr/image.ashx?id=2928333&use=l&cat=p&typeid=i","cat":284352},{"id":178110,"n":"Pizza Dr.Oetker Ristorante Thon - 355g","p":5.25,"u":"14,79 €/KG","img":"https://fd15-photos.leclercdrive.fr/image.ashx?id=2993056&use=l&cat=p&typeid=i","cat":284256},{"id":178111,"n":"Pizza Dr.Oetker Ristorante 4 fromages - 340g","p":5.25,"u":"15,44 €/KG","img":"https://fd15-photos.leclercdrive.fr/image.ashx?id=2993050&use=l&cat=p&typeid=i","cat":284256},{"id":178112,"n":"Pizza Dr.Oetker Ristorante Mozzarella - 335g","p":5.45,"u":"16,27 €/KG","img":"https://fd15-photos.leclercdrive.fr/image.ashx?id=2993062&use=l&cat=p&typeid=i","cat":284256},{"id":178113,"n":"Pizza Dr.Oetker Ristorante  Vegetale aux légumes - 385g","p":3.99,"u":"10,36 €/KG","img":"https://fd15-photos.leclercdrive.fr/image.ashx?id=2993068&use=l&cat=p&typeid=i","cat":284256},{"id":178114,"n":"Pizza Ristorante Dr Oetker Royale - 350g","p":3.99,"u":"11,40 €/KG","img":"https://fd15-photos.leclercdrive.fr/image.ashx?id=2993044&use=l&cat=p&typeid=i","cat":284256},{"id":178126,"n":"Sablé salé Michel et Augustin Chorizo - 90g","p":3.4,"u":"37,78 €/KG","img":"https://fd15-photos.leclercdrive.fr/image.ashx?id=2315419&use=l&cat=p&typeid=i","cat":297000},{"id":178127,"n":"Sablé salé Michel et Augustin Coppa corse - 90g","p":5.15,"u":"57,22 €/KG","img":"https://fd15-photos.leclercdrive.fr/image.ashx?id=2315422&use=l&cat=p&typeid=i","cat":297000},{"id":178147,"n":"Céréales Trésor Kellogg's Chocolat noisettes - 620g","p":6.9,"u":"11,13 €/KG","img":"https://fd15-photos.leclercdrive.fr/image.ashx?id=2598331&use=l&cat=p&typeid=i","cat":309513},{"id":178161,"n":"Pizza Dr.Oetker Ristorante Jambon salami champignons 345g","p":5.25,"u":"15,22 €/KG","img":"https://fd15-photos.leclercdrive.fr/image.ashx?id=2993059&use=l&cat=p&typeid=i","cat":284256},{"id":178165,"n":"Crème glacée Nuii  Cookies & Cream - x4 - 268g","p":5.89,"u":"21,98 €/KG","img":"https://fd15-photos.leclercdrive.fr/image.ashx?id=2506816&use=l&cat=p&typeid=i","cat":284265},{"id":178186,"n":"Compotes Andros Poire williams 750g","p":5.85,"u":"7,80 €/KG","img":"https://fd15-photos.leclercdrive.fr/image.ashx?id=2313750&use=l&cat=p&typeid=i","cat":284508},{"id":178189,"n":"Compote Andros Pomme golden ssa 640g","p":3.08,"u":"4,81 €/KG","img":"https://fd15-photos.leclercdrive.fr/image.ashx?id=2395023&use=l&cat=p&typeid=i","cat":284508},{"id":178251,"n":"Brocoli Eco+ 400g","p":2.49,"u":"6,23 €/KG","img":"https://fd15-photos.leclercdrive.fr/image.ashx?id=2953398&use=l&cat=p&typeid=i","cat":284352},{"id":178253,"n":"Yaourt aux fruits Eco+ Panaché - 12x125g","p":3.89,"u":"2,59 €/KG","img":"https://fd15-photos.leclercdrive.fr/image.ashx?id=2849635&use=l&cat=p&typeid=i","cat":284410},{"id":178266,"n":"Gel Douche Lait Cottage Le Caramel - 250 ml","p":2.67,"u":"10,68 €/L","img":"https://fd15-photos.leclercdrive.fr/image.ashx?id=2314936&use=l&cat=p&typeid=i","cat":284594},{"id":178267,"n":"Gel Douche Lait Cottage Fleur d'oranger - 250 ml","p":2.86,"u":"11,44 €/L","img":"https://fd15-photos.leclercdrive.fr/image.ashx?id=2315934&use=l&cat=p&typeid=i","cat":284594},{"id":178295,"n":"Fromage Flamengo Les Croisés - 300g","p":5.86,"u":"19,53 €/KG","img":"https://fd15-photos.leclercdrive.fr/image.ashx?id=2313611&use=l&cat=p&typeid=i","cat":329184},{"id":178350,"n":"Légumes pour pot-au-feu Notre Jardin - 1kg","p":2.69,"u":"2,69 €/KG","img":"https://fd15-photos.leclercdrive.fr/image.ashx?id=2900190&use=l&cat=p&typeid=i","cat":319823},{"id":178351,"n":"Poêlée à la Mexicaine Notre Jardin - 1kg","p":4.75,"u":"4,75 €/KG","img":"https://fd15-photos.leclercdrive.fr/image.ashx?id=2771375&use=l&cat=p&typeid=i","cat":319823},{"id":178355,"n":"Hachis Parmentier Fleury Michon à l'Emmental - 300g","p":4.25,"u":"14,17 €/KG","img":"https://fd15-photos.leclercdrive.fr/image.ashx?id=3003248&use=l&cat=p&typeid=i","cat":333665},{"id":178359,"n":"Skyr 0%mg  Les 2 Vaches Vanille Bio - 480g","p":7.89,"u":"16,44 €/KG","img":"https://fd15-photos.leclercdrive.fr/image.ashx?id=2787296&use=l&cat=p&typeid=i","cat":315000},{"id":178385,"n":"Margarine Proactive Tartine Doux - 450g","p":4.44,"u":"9,87 €/KG","img":"https://fd15-photos.leclercdrive.fr/image.ashx?id=2352032&use=l&cat=p&typeid=i","cat":315229},{"id":178505,"n":"Sauce antillaise 170g","p":3.0,"u":"17,65 €/KG","img":"https://fd15-photos.leclercdrive.fr/image.ashx?id=2317849&use=l&cat=p&typeid=i","cat":318430},{"id":178507,"n":"Sauce chien 180g","p":4.45,"u":"24,72 €/KG","img":"https://fd15-photos.leclercdrive.fr/image.ashx?id=2317858&use=l&cat=p&typeid=i","cat":287599},{"id":178512,"n":"Sauce curry coco 200g","p":5.75,"u":"28,75 €/KG","img":"https://fd15-photos.leclercdrive.fr/image.ashx?id=2480851&use=l&cat=p&typeid=i","cat":287599},{"id":178515,"n":"Blanc manger coco 85g","p":3.9,"u":"45,88 €/KG","img":"https://fd15-photos.leclercdrive.fr/image.ashx?id=2480863&use=l&cat=p&typeid=i","cat":284505},{"id":178523,"n":"Thon au naturel Pompon Rouge 112g","p":3.51,"u":"31,34 €/KG","img":"https://fd15-photos.leclercdrive.fr/image.ashx?id=2317390&use=l&cat=p&typeid=i","cat":303867},{"id":178539,"n":"Gel Lavant Bébé Mots d'Enfants 2en1 Bio 750ml","p":4.09,"u":"5,45 €/L","img":"https://fd15-photos.leclercdrive.fr/image.ashx?id=3014305&use=l&cat=p&typeid=i","cat":284740},{"id":178553,"n":"Eau Cologne Eco + Lavande 1L","p":3.99,"u":"3,99 €/L","img":"https://fd15-photos.leclercdrive.fr/image.ashx?id=2690859&use=l&cat=p&typeid=i","cat":291525},{"id":178564,"n":"Farine de riz complet Bio Bio Village - 500g","p":3.89,"u":"7,78 €/KG","img":"https://fd15-photos.leclercdrive.fr/image.ashx?id=2801798&use=l&cat=p&typeid=i","cat":288382},{"id":178567,"n":"Shampoing Douche Eco + Marine 300ml","p":1.31,"u":"4,37 €/L","img":"https://fd15-photos.leclercdrive.fr/image.ashx?id=2779181&use=l&cat=p&typeid=i","cat":284594},{"id":178571,"n":"Désodorisant Eco + Marine 300ml","p":1.2,"u":"4,00 €/L","img":"https://fd15-photos.leclercdrive.fr/image.ashx?id=2607897&use=l&cat=p&typeid=i","cat":311626},{"id":178573,"n":"Crème Lavante Manava  Velours Amande 1L","p":4.09,"u":"4,09 €/L","img":"https://fd15-photos.leclercdrive.fr/image.ashx?id=2935546&use=l&cat=p&typeid=i","cat":284597},{"id":178608,"n":"L'Onctueux Café Rians 2x94g","p":3.99,"u":"21,22 €/KG","img":"https://fd15-photos.leclercdrive.fr/image.ashx?id=2467207&use=l&cat=p&typeid=i","cat":285041},{"id":178625,"n":"Recharge gel douche Sanex Zéro% Tous types de peaux - 500ml","p":4.52,"u":"9,04 €/L","img":"https://fd15-photos.leclercdrive.fr/image.ashx?id=2859986&use=l&cat=p&typeid=i","cat":284594},{"id":178645,"n":"Culotte Feel Natural Menstruelles noires T40/42","p":19.48,"u":"6,49 €/P","img":"https://fd15-photos.leclercdrive.fr/image.ashx?id=2795237&use=l&cat=p&typeid=i","cat":291524},{"id":178656,"n":"Drap housse Mots d'Enfants Panda blanc x2 - 60x120cm","p":14.9,"u":"7,45 €/P","img":"https://fd15-photos.leclercdrive.fr/image.ashx?id=2691839&use=l&cat=p&typeid=i","cat":299760},{"id":178729,"n":"Liniment Mots d'enfants Bio - 500g","p":7.7,"u":"15,40 €/L","img":"https://fd15-photos.leclercdrive.fr/image.ashx?id=2536742&use=l&cat=p&typeid=i","cat":284741},{"id":178791,"n":"Huile d'olive Terra Delyssa Bio - 75cl","p":10.27,"u":"13,69 €/L","img":"https://fd15-photos.leclercdrive.fr/image.ashx?id=2736847&use=l&cat=p&typeid=i","cat":284453},{"id":178812,"n":"Compote Andros Pomme Abricot - 8x100g","p":3.89,"u":"4,86 €/KG","img":"https://fd15-photos.leclercdrive.fr/image.ashx?id=2320657&use=l&cat=p&typeid=i","cat":284416},{"id":178813,"n":"Compote Andros Pomme Fraise - 8x100g","p":3.8,"u":"4,75 €/KG","img":"https://fd15-photos.leclercdrive.fr/image.ashx?id=2320660&use=l&cat=p&typeid=i","cat":284416},{"id":178844,"n":"Tampon Tampax Compak Avec applicateur - Super - x24","p":6.71,"u":"0,28 €/P","img":"https://fd15-photos.leclercdrive.fr/image.ashx?id=2850246&use=l&cat=p&typeid=i","cat":284626},{"id":178845,"n":"Tampons Tampax Compak  Avec applicateur - Super+ - x22","p":6.71,"u":"0,31 €/P","img":"https://fd15-photos.leclercdrive.fr/image.ashx?id=2850405&use=l&cat=p&typeid=i","cat":284626},{"id":178872,"n":"Spray hydratant FPS 50+ Lovea Monoï de Tahiti - 150ml","p":18.3,"u":"122,00 €/L","img":"https://fd15-photos.leclercdrive.fr/image.ashx?id=2666980&use=l&cat=p&typeid=i","cat":325355},{"id":178888,"n":"Soin jour anti-âge Nivea FPS15 Peaux matures et sèches - 50ml","p":20.3,"u":"406,00 €/L","img":"https://fd15-photos.leclercdrive.fr/image.ashx?id=2321532&use=l&cat=p&typeid=i","cat":325345},{"id":178891,"n":"Soin nuit anti-âge Nivea  Peaux matures et sèches - 50ml","p":19.53,"u":"390,60 €/L","img":"https://fd15-photos.leclercdrive.fr/image.ashx?id=2321535&use=l&cat=p&typeid=i","cat":325345},{"id":178951,"n":"Sacs poubelle Handy Bag   Ultra résistant 50L - x10","p":3.49,"u":"0,35 €/P","img":"https://fd15-photos.leclercdrive.fr/image.ashx?id=2918970&use=l&cat=p&typeid=i","cat":285168},{"id":178954,"n":"Mouchoirs Family Kleenex® Boîte x128","p":3.59,"u":"0,03 €/P","img":"https://fd15-photos.leclercdrive.fr/image.ashx?id=3009017&use=l&cat=p&typeid=i","cat":284638},{"id":178977,"n":"Bûche de Chèvre Soignon  120g","p":2.59,"u":"21,58 €/KG","img":"https://fd15-photos.leclercdrive.fr/image.ashx?id=2676717&use=l&cat=p&typeid=i","cat":314031},{"id":178979,"n":"Beurre Bridel Demi-sel - 60% MG - 250g","p":3.06,"u":"12,24 €/KG","img":"https://fd15-photos.leclercdrive.fr/image.ashx?id=2658665&use=l&cat=p&typeid=i","cat":284379},{"id":179001,"n":"Préservatifs Durex Nude Sans  Latex Sensation Peau à Peau x20","p":19.7,"u":"0,99 €/P","img":"https://fd15-photos.leclercdrive.fr/image.ashx?id=2730448&use=l&cat=p&typeid=i","cat":284631},{"id":179002,"n":"Préservatifs Durex Confort Essential Confiance x24","p":11.08,"u":"0,46 €/P","img":"https://fd15-photos.leclercdrive.fr/image.ashx?id=2962029&use=l&cat=p&typeid=i","cat":284631},{"id":179012,"n":"Beurre gastronomique Président Demi-sel - 80% MG - 125g","p":2.16,"u":"17,28 €/KG","img":"https://fd15-photos.leclercdrive.fr/image.ashx?id=2653489&use=l&cat=p&typeid=i","cat":284379},{"id":179020,"n":"Brosse à Dents Signal Protection Intégrale Medium x4","p":2.89,"u":"0,72 €/P","img":"https://fd15-photos.leclercdrive.fr/image.ashx?id=2773913&use=l&cat=p&typeid=i","cat":284614},{"id":179021,"n":"Brosse à dents Signal  Souple x4","p":2.89,"u":"0,72 €/P","img":"https://fd15-photos.leclercdrive.fr/image.ashx?id=2660314&use=l&cat=p&typeid=i","cat":284614},{"id":179025,"n":"Sacs poubelle 30L Handy Bag Ultra résistant - x20","p":2.95,"u":"0,15 €/P","img":"https://fd15-photos.leclercdrive.fr/image.ashx?id=2603800&use=l&cat=p&typeid=i","cat":285168},{"id":179027,"n":"Sacs poubelle 30L Handy Bag Ultra résistant - x15","p":3.29,"u":"0,22 €/P","img":"https://fd15-photos.leclercdrive.fr/image.ashx?id=2992278&use=l&cat=p&typeid=i","cat":285168},{"id":179029,"n":"Sacs poubelle 30L Handy Bag Dévor odeur Ultra Résistant-x12","p":3.49,"img":"https://fd15-photos.leclercdrive.fr/image.ashx?id=2906724&use=l&cat=p&typeid=i","cat":285168},{"id":179030,"n":"Sacs poubelle 30L Handy Bag Ultra résistant - x15","p":3.11,"u":"0,21 €/P","img":"https://fd15-photos.leclercdrive.fr/image.ashx?id=2633145&use=l&cat=p&typeid=i","cat":285168},{"id":179031,"n":"Gel douche Sanex zéro 0% Peaux normales - 475ml","p":5.43,"u":"11,43 €/L","img":"https://fd15-photos.leclercdrive.fr/image.ashx?id=2648851&use=l&cat=p&typeid=i","cat":284594},{"id":179032,"n":"Sac poubelle 50L Handy Bag Fixation élastique x10","p":4.19,"u":"0,08 €/L","img":"https://fd15-photos.leclercdrive.fr/image.ashx?id=2906721&use=l&cat=p&typeid=i","cat":285168},{"id":179039,"n":"Film fraîcheur Albal 30m","p":3.09,"img":"https://fd15-photos.leclercdrive.fr/image.ashx?id=2929056&use=l&cat=p&typeid=i","cat":334134},{"id":179056,"n":"Dentifrice Signal Integral 8  Fraîcheur et détox -75ml","p":2.89,"u":"38,53 €/L","img":"https://fd15-photos.leclercdrive.fr/image.ashx?id=2960228&use=l&cat=p&typeid=i","cat":284612},{"id":179075,"n":"Smoothie Yellow True Fruits 75cl","p":5.34,"u":"7,12 €/L","img":"https://fd15-photos.leclercdrive.fr/image.ashx?id=2871082&use=l&cat=p&typeid=i","cat":285435},{"id":179076,"n":"Smoothie Pink True Fruits 75cl","p":4.99,"u":"6,65 €/L","img":"https://fd15-photos.leclercdrive.fr/image.ashx?id=2871085&use=l&cat=p&typeid=i","cat":285435},{"id":179081,"n":"Le Maïs Bonduelle 3x285g","p":4.6,"u":"5,38 €/KG","img":"https://fd15-photos.leclercdrive.fr/image.ashx?id=2746202&use=l&cat=p&typeid=i","cat":312611},{"id":179087,"n":"Liquide Vaisselle Paic Citron - 750ml","p":3.35,"u":"4,47 €/L","img":"https://fd15-photos.leclercdrive.fr/image.ashx?id=2322835&use=l&cat=p&typeid=i","cat":284655},{"id":179088,"n":"Liquide Vaisselle Paic Citron Vert - 750ml","p":3.65,"u":"4,87 €/L","img":"https://fd15-photos.leclercdrive.fr/image.ashx?id=2322838&use=l&cat=p&typeid=i","cat":284655},{"id":179109,"n":"Cookie quinoa Bio Village Bio - 175g","p":3.19,"u":"18,23 €/KG","img":"https://fd15-photos.leclercdrive.fr/image.ashx?id=2322947&use=l&cat=p&typeid=i","cat":325066},{"id":179263,"n":"Sérum de nuit L'Oréal Paris Age Perfect anti-âge - 30ml","p":34.1,"img":"https://fd15-photos.leclercdrive.fr/image.ashx?id=2867536&use=l&cat=p&typeid=i","cat":325345},{"id":179300,"n":"Lait bébé Candia Baby 4ème âge - 6x1L","p":20.95,"u":"3,49 €/L","img":"https://fd15-photos.leclercdrive.fr/image.ashx?id=2963358&use=l&cat=p&typeid=i","cat":284728},{"id":179301,"n":"Eau Micellaire Garnier Peaux Sèches, Sensibles - 400ml","p":6.8,"u":"17,00 €/L","img":"https://fd15-photos.leclercdrive.fr/image.ashx?id=2323637&use=l&cat=p&typeid=i","cat":284603},{"id":179303,"n":"Gel douche 3en1 Ushuaïa Agrumes - 300ml","p":3.13,"u":"10,43 €/L","img":"https://fd15-photos.leclercdrive.fr/image.ashx?id=2446986&use=l&cat=p&typeid=i","cat":284594},{"id":179379,"n":"Capsules de café Arabica x40 - 280g","p":8.05,"u":"38,70 €/KG","img":"https://fd15-photos.leclercdrive.fr/image.ashx?id=2690985&use=l&cat=p&typeid=i","cat":284749},{"id":179384,"n":"Pâte à tartiner Eco+ 750g - aux noissettes","p":4.55,"u":"6,07 €/KG","img":"https://fd15-photos.leclercdrive.fr/image.ashx?id=2841148&use=l&cat=p&typeid=i","cat":284481},{"id":179405,"n":"Nems cocktail à la crevette Et sauce nuoc mam - 180g","p":4.75,"u":"26,39 €/KG","img":"https://fd15-photos.leclercdrive.fr/image.ashx?id=2130337&use=l&cat=p&typeid=i","cat":333673},{"id":179409,"n":"Sacs poubelle 20/30L Handy Bag Poubelle haute - x15","p":4.19,"u":"0,28 €/P","img":"https://fd15-photos.leclercdrive.fr/image.ashx?id=2617066&use=l&cat=p&typeid=i","cat":285168},{"id":179411,"n":"Sac congélation Ultra-Zip Petit modèle - 20 sacs","p":2.68,"u":"0,13 €/P","img":"https://fd15-photos.leclercdrive.fr/image.ashx?id=2929071&use=l&cat=p&typeid=i","cat":334134},{"id":179413,"n":"Piles Alcalines Energizer Max 9V - pack de 2","p":6.99,"img":"https://fd15-photos.leclercdrive.fr/image.ashx?id=2850713&use=l&cat=p&typeid=i","cat":300572},{"id":179415,"n":"Pile Alcalines Energizer Max Plus AA/LR6 - x4","p":5.99,"img":"https://fd15-photos.leclercdrive.fr/image.ashx?id=2393365&use=l&cat=p&typeid=i","cat":300572},{"id":179418,"n":"Pile Alcalines Energizer Max AAA/LR03 - x6","p":5.99,"img":"https://fd15-photos.leclercdrive.fr/image.ashx?id=2850722&use=l&cat=p&typeid=i","cat":300572},{"id":179422,"n":"Spray désodorisant Airwick Neutralisateur Coton - 237ml","p":5.34,"u":"22,53 €/L","img":"https://fd15-photos.leclercdrive.fr/image.ashx?id=2792822&use=l&cat=p&typeid=i","cat":311626},{"id":179432,"n":"Brioches Pitch Fraise x8 - 300g","p":4.29,"u":"14,30 €/KG","img":"https://fd15-photos.leclercdrive.fr/image.ashx?id=2452116&use=l&cat=p&typeid=i","cat":293505},{"id":179433,"n":"Brioche Pitch Chocolat au lait x8 - 300g","p":4.31,"u":"14,37 €/KG","img":"https://fd15-photos.leclercdrive.fr/image.ashx?id=2452113&use=l&cat=p&typeid=i","cat":293505},{"id":179439,"n":"Brioches Pitch Choco barre noir x8-  300g","p":4.99,"u":"16,63 €/KG","img":"https://fd15-photos.leclercdrive.fr/image.ashx?id=2452101&use=l&cat=p&typeid=i","cat":293505},{"id":179443,"n":"Brioches Pitch Crousti x8 - 300g","p":3.99,"u":"13,30 €/KG","img":"https://fd15-photos.leclercdrive.fr/image.ashx?id=2454109&use=l&cat=p&typeid=i","cat":293505},{"id":179522,"n":"Huile d'olive Tramier savoureuse - 1L","p":20.74,"u":"20,74 €/L","img":"https://fd15-photos.leclercdrive.fr/image.ashx?id=2834050&use=l&cat=p&typeid=i","cat":284453},{"id":179652,"n":"Champagne Nicolas Feuillatte Demi-sec 12%vol - 75cl","p":32.75,"u":"43,67 €/L","img":"https://fd15-photos.leclercdrive.fr/image.ashx?id=2504797&use=l&cat=p&typeid=i","cat":284542},{"id":179669,"n":"Liquide vaisselle Paic Citron - 1,5L","p":5.9,"u":"3,93 €/L","img":"https://fd15-photos.leclercdrive.fr/image.ashx?id=2328673&use=l&cat=p&typeid=i","cat":284655},{"id":179673,"n":"Blocs WC Ball Syphon Tropical - x2","p":3.96,"u":"1,98 €/P","img":"https://fd15-photos.leclercdrive.fr/image.ashx?id=2925723&use=l&cat=p&typeid=i","cat":284662},{"id":179734,"n":"Huile Isio 4 Lesieur 50cl","p":3.02,"u":"6,04 €/L","img":"https://fd15-photos.leclercdrive.fr/image.ashx?id=2916027&use=l&cat=p&typeid=i","cat":284453},{"id":179789,"n":"Plaisir Caramel et Beurre salé Recette Lenôtre - 410g","p":12.69,"u":"30,95 €/KG","img":"https://fd15-photos.leclercdrive.fr/image.ashx?id=2807753&use=l&cat=p&typeid=i","cat":284267},{"id":179854,"n":"Crème glacée Häagen-Dazs  Vanille cookies  - 386 g","p":7.2,"u":"18,65 €/KG","img":"https://fd15-photos.leclercdrive.fr/image.ashx?id=2893450&use=l&cat=p&typeid=i","cat":284725},{"id":179858,"n":"Mini bâtonnets Trium  Rocher Coco x4 - 202g","p":4.45,"u":"22,03 €/KG","img":"https://fd15-photos.leclercdrive.fr/image.ashx?id=2376103&use=l&cat=p&typeid=i","cat":284265},{"id":179859,"n":"Mini bâtonnets Trium  Rocher Chocolat x4 - 204g","p":4.45,"u":"21,81 €/KG","img":"https://fd15-photos.leclercdrive.fr/image.ashx?id=2911711&use=l&cat=p&typeid=i","cat":284265},{"id":179860,"n":"Glaces Kinder Bueno noisettes chocolat lait x4 248g","p":7.6,"u":"30,65 €/KG","img":"https://fd15-photos.leclercdrive.fr/image.ashx?id=2759068&use=l&cat=p&typeid=i","cat":284264},{"id":179881,"n":"Crème glacée Ben & Jerry's Cookie Vermont-Ster - 324g","p":6.89,"u":"21,27 €/KG","img":"https://fd15-photos.leclercdrive.fr/image.ashx?id=2793044&use=l&cat=p&typeid=i","cat":284725},{"id":179892,"n":"Glace à l'eau Max Buzz l'éclair citron ananas fruits x6 -342g","p":5.56,"u":"16,26 €/KG","img":"https://fd15-photos.leclercdrive.fr/image.ashx?id=2651257&use=l&cat=p&typeid=i","cat":285250},{"id":179897,"n":"Couronne de crevettes Delpierre MSC Sauce Asiatique - 130g","p":11.5,"u":"88,46 €/KG","img":"https://fd15-photos.leclercdrive.fr/image.ashx?id=2772017&use=l&cat=p&typeid=i","cat":284343},{"id":179939,"n":"Bâtonnets Trium vanille choco blanc fruits rouges x4 - 274g","p":3.75,"u":"13,69 €/KG","img":"https://fd15-photos.leclercdrive.fr/image.ashx?id=2758312&use=l&cat=p&typeid=i","cat":284265},{"id":179951,"n":"Ravioles Bio Village bio - 240g","p":4.37,"u":"18,21 €/KG","img":"https://fd15-photos.leclercdrive.fr/image.ashx?id=2346101&use=l&cat=p&typeid=i","cat":333682},{"id":179967,"n":"Beurre de cacahuete Jardin Bio Bio - Creamy - 500g","p":10.0,"u":"20,00 €/KG","img":"https://fd15-photos.leclercdrive.fr/image.ashx?id=2926503&use=l&cat=p&typeid=i","cat":284481},{"id":179973,"n":"Rosso  14,4% - 1L","p":5.95,"u":"5,95 €/L","img":"https://fd15-photos.leclercdrive.fr/image.ashx?id=2675747&use=l&cat=p&typeid=i","cat":284913},{"id":179979,"n":"AOC Crémant d'Alsace brut 75cl","p":9.65,"u":"12,87 €/L","img":"https://fd15-photos.leclercdrive.fr/image.ashx?id=2750129&use=l&cat=p&typeid=i","cat":284545},{"id":179995,"n":"IGP Pays d'Oc Blanc Les Ormes De Cambras 12.5% vol - 75cl","p":6.49,"u":"8,65 €/L","img":"https://fd15-photos.leclercdrive.fr/image.ashx?id=2445127&use=l&cat=p&typeid=i","cat":289557},{"id":179996,"n":"Boisson arômatisée à base de Vin désacoolisé - 75cl","p":4.25,"u":"5,67 €/L","img":"https://fd15-photos.leclercdrive.fr/image.ashx?id=2329368&use=l&cat=p&typeid=i","cat":284549},{"id":179997,"n":"Vin rosé  Festalie 75cl - sans alcool","p":4.19,"u":"5,59 €/L","img":"https://fd15-photos.leclercdrive.fr/image.ashx?id=2781188&use=l&cat=p&typeid=i","cat":289558},{"id":180012,"n":"Vin rouge sans alcool - 75cl","p":3.75,"u":"5,00 €/L","img":"https://fd15-photos.leclercdrive.fr/image.ashx?id=2329446&use=l&cat=p&typeid=i","cat":289556},{"id":180025,"n":"Pâte à tartiner Nutella 350g","p":4.09,"u":"11,69 €/KG","img":"https://fd15-photos.leclercdrive.fr/image.ashx?id=2496974&use=l&cat=p&typeid=i","cat":284481},{"id":180028,"n":"Biscottes blé complet Girard 100 tranches 750g","p":5.77,"u":"7,69 €/KG","img":"https://fd15-photos.leclercdrive.fr/image.ashx?id=2530890&use=l&cat=p&typeid=i","cat":284479},{"id":180029,"n":"Sucre gélifiant Daddy  spécial gelée - 1kg","p":3.5,"u":"3,50 €/KG","img":"https://fd15-photos.leclercdrive.fr/image.ashx?id=2975861&use=l&cat=p&typeid=i","cat":284502},{"id":180032,"n":"Biscottes sans sel Girard 100 tranches 750g","p":5.87,"u":"7,83 €/KG","img":"https://fd15-photos.leclercdrive.fr/image.ashx?id=2530893&use=l&cat=p&typeid=i","cat":284479},{"id":180033,"n":"Madeleines aux œufs Big'in Paquet de 250g","p":2.4,"u":"9,60 €/KG","img":"https://fd15-photos.leclercdrive.fr/image.ashx?id=2690499&use=l&cat=p&typeid=i","cat":284492},{"id":180034,"n":"Madeleines aux œufs Big'in Paquet de 400g","p":3.7,"u":"9,25 €/KG","img":"https://fd15-photos.leclercdrive.fr/image.ashx?id=2690502&use=l&cat=p&typeid=i","cat":284492},{"id":180038,"n":"Liquide refroidissement Tropic Auto universel bleu - 5L","p":6.79,"u":"1,36 €/L","img":"https://fd15-photos.leclercdrive.fr/image.ashx?id=2690658&use=l&cat=p&typeid=i","cat":298252},{"id":180039,"n":"AOP côte de Provence Vin rosé - 75cl","p":14.78,"u":"19,71 €/L","img":"https://fd15-photos.leclercdrive.fr/image.ashx?id=2711625&use=l&cat=p&typeid=i","cat":289558},{"id":180040,"n":"Liquide refroidissement Tropic Auto universel rose - 5L","p":17.99,"u":"3,60 €/L","img":"https://fd15-photos.leclercdrive.fr/image.ashx?id=2690667&use=l&cat=p&typeid=i","cat":298252},{"id":180041,"n":"Chips Tuiles Pringles Paprika - 175g","p":3.77,"u":"21,54 €/KG","img":"https://fd15-photos.leclercdrive.fr/image.ashx?id=2902301&use=l&cat=p&typeid=i","cat":287899},{"id":180042,"n":"Liquide refroidissement Tropic Auto universel jaune - 5L","p":17.99,"u":"3,60 €/L","img":"https://fd15-photos.leclercdrive.fr/image.ashx?id=2690670&use=l&cat=p&typeid=i","cat":298252},{"id":180044,"n":"Filtres à café brun Melitta FSC 1x4 - 80 filtres","p":2.9,"u":"19,73 €/KG","img":"https://fd15-photos.leclercdrive.fr/image.ashx?id=2908276&use=l&cat=p&typeid=i","cat":284751},{"id":180045,"n":"Lessive liquide Tropic Force Classique - 3L","p":8.45,"u":"2,82 €/L","img":"https://fd15-photos.leclercdrive.fr/image.ashx?id=2690712&use=l&cat=p&typeid=i","cat":284640},{"id":180048,"n":"Lessive liquide Tropic Force Vakans O Peyi - 3L","p":8.45,"u":"2,82 €/L","img":"https://fd15-photos.leclercdrive.fr/image.ashx?id=2690724&use=l&cat=p&typeid=i","cat":284640},{"id":180052,"n":"Nettoyant ménager Tropic Force Citronnelle multi-usages - 1L","p":2.3,"u":"2,30 €/L","img":"https://fd15-photos.leclercdrive.fr/image.ashx?id=2690748&use=l&cat=p&typeid=i","cat":284907},{"id":180057,"n":"Pruneaux d'Agen Mélissa 250g","p":3.99,"u":"15,96 €/KG","img":"https://fd15-photos.leclercdrive.fr/image.ashx?id=2510298&use=l&cat=p&typeid=i","cat":284357},{"id":180063,"n":"Pruneaux d'Agen Mélissa Dénoyautés - 250g","p":4.8,"u":"19,20 €/KG","img":"https://fd15-photos.leclercdrive.fr/image.ashx?id=2510295&use=l&cat=p&typeid=i","cat":284357},{"id":180064,"n":"Pruneaux d'Agen Mélissa Dénoyautés - 500g","p":9.4,"u":"18,80 €/KG","img":"https://fd15-photos.leclercdrive.fr/image.ashx?id=2510286&use=l&cat=p&typeid=i","cat":284357},{"id":180065,"n":"Rillettes de thon Petit Navire 125g","p":2.99,"u":"23,92 €/KG","img":"https://fd15-photos.leclercdrive.fr/image.ashx?id=2533388&use=l&cat=p&typeid=i","cat":303867},{"id":180066,"n":"Cidre brut Eco+ 4% - 75cl","p":2.19,"u":"2,92 €/L","img":"https://fd15-photos.leclercdrive.fr/image.ashx?id=2903920&use=l&cat=p&typeid=i","cat":334880},{"id":180068,"n":"Raisins secs sultanines Mélissa 250g","p":3.05,"u":"12,20 €/KG","img":"https://fd15-photos.leclercdrive.fr/image.ashx?id=2510283&use=l&cat=p&typeid=i","cat":284357},{"id":180069,"n":"Rillettes au saumon  Petit Navire - 125g","p":2.9,"u":"23,20 €/KG","img":"https://fd15-photos.leclercdrive.fr/image.ashx?id=2533391&use=l&cat=p&typeid=i","cat":305147},{"id":180073,"n":"Raisins secs sultanines Mélissa 125g","p":1.99,"u":"15,92 €/KG","img":"https://fd15-photos.leclercdrive.fr/image.ashx?id=2510292&use=l&cat=p&typeid=i","cat":284357},{"id":180078,"n":"Maïs à éclater Mélissa 250g","p":2.45,"u":"9,80 €/KG","img":"https://fd15-photos.leclercdrive.fr/image.ashx?id=2510280&use=l&cat=p&typeid=i","cat":284357},{"id":180079,"n":"Biscuits chocolats Kinder Duo Chocolat blanc et lait - 150g","p":4.75,"u":"31,67 €/KG","img":"https://fd15-photos.leclercdrive.fr/image.ashx?id=2959127&use=l&cat=p&typeid=i","cat":284488},{"id":180081,"n":"Moulin 3 poivres Sainte Lucie - 44g","p":4.4,"u":"100,00 €/KG","img":"https://fd15-photos.leclercdrive.fr/image.ashx?id=2774457&use=l&cat=p&typeid=i","cat":284457},{"id":180083,"n":"Pastis Eco+ 40% - 1L","p":20.95,"u":"20,95 €/L","img":"https://fd15-photos.leclercdrive.fr/image.ashx?id=2637823&use=l&cat=p&typeid=i","cat":284548},{"id":180089,"n":"Saucisses barbecue Comia  330g","p":5.55,"u":"16,82 €/KG","img":"https://fd15-photos.leclercdrive.fr/image.ashx?id=2435107&use=l&cat=p&typeid=i","cat":284334},{"id":180093,"n":"Saucisses barbecue Comia Plateau de 660g","p":9.2,"u":"13,94 €/KG","img":"https://fd15-photos.leclercdrive.fr/image.ashx?id=2435129&use=l&cat=p&typeid=i","cat":284334},{"id":180094,"n":"Saucisses chipolatas Comia 330g","p":4.99,"u":"15,12 €/KG","img":"https://fd15-photos.leclercdrive.fr/image.ashx?id=2435132&use=l&cat=p&typeid=i","cat":284334},{"id":180095,"n":"Saucisses créoles Comia 330g","p":5.15,"u":"15,61 €/KG","img":"https://fd15-photos.leclercdrive.fr/image.ashx?id=2690784&use=l&cat=p&typeid=i","cat":284334},{"id":180097,"n":"Miel Madinina Bouteille de 1,3kg","p":17.7,"u":"13,62 €/KG","img":"https://fd15-photos.leclercdrive.fr/image.ashx?id=2691006&use=l&cat=p&typeid=i","cat":287643},{"id":180100,"n":"Madeleines pur beurre Big'in 10 paquets individuels - 225g","p":4.65,"u":"20,67 €/KG","img":"https://fd15-photos.leclercdrive.fr/image.ashx?id=2329681&use=l&cat=p&typeid=i","cat":284492},{"id":180101,"n":"Madeleines péyi Big'in Paquet de 250g","p":2.7,"u":"10,80 €/KG","img":"https://fd15-photos.leclercdrive.fr/image.ashx?id=2329684&use=l&cat=p&typeid=i","cat":284492},{"id":180102,"n":"Madeleinettes péyi Big'in Paquet de 80g","p":0.9,"u":"11,25 €/KG","img":"https://fd15-photos.leclercdrive.fr/image.ashx?id=2329687&use=l&cat=p&typeid=i","cat":284492},{"id":180103,"n":"Assaisonnement barbecue Sainte Lucie viande rouge - 90g","p":4.27,"u":"47,44 €/KG","img":"https://fd15-photos.leclercdrive.fr/image.ashx?id=2774439&use=l&cat=p&typeid=i","cat":298297},{"id":180106,"n":"Maxi pain burger Big'in Complet x4 - 320g","p":2.82,"u":"8,81 €/KG","img":"https://fd15-photos.leclercdrive.fr/image.ashx?id=2329693&use=l&cat=p&typeid=i","cat":325067},{"id":180115,"n":"Maïs d'aucy  Bio - 285g","p":2.99,"u":"10,49 €/KG","img":"https://fd15-photos.leclercdrive.fr/image.ashx?id=2329732&use=l&cat=p&typeid=i","cat":312611},{"id":180118,"n":"Mais d'aucy  Bio - 2x140g","p":3.42,"u":"12,21 €/KG","img":"https://fd15-photos.leclercdrive.fr/image.ashx?id=2651825&use=l&cat=p&typeid=i","cat":312611},{"id":180121,"n":"Riz curry et poulet individuel William Saurin - 300g","p":6.79,"u":"22,63 €/KG","img":"https://fd15-photos.leclercdrive.fr/image.ashx?id=2335184&use=l&cat=p&typeid=i","cat":284953},{"id":180123,"n":"Gélules minceur Vitavea  Expert graisses sucres x20 -10g","p":7.3,"u":"0,18 €/P","img":"https://fd15-photos.leclercdrive.fr/image.ashx?id=2651122&use=l&cat=p&typeid=i","cat":284632},{"id":180128,"n":"Infusion à froid Tisea  Fruits rouges - 33g","p":2.89,"u":"87,58 €/KG","img":"https://fd15-photos.leclercdrive.fr/image.ashx?id=2897838&use=l&cat=p&typeid=i","cat":293234},{"id":180150,"n":"Crème de coco - brique de 400ml","p":5.19,"u":"12,98 €/L","img":"https://fd15-photos.leclercdrive.fr/image.ashx?id=2906901&use=l&cat=p&typeid=i","cat":288992},{"id":180152,"n":"Foie de morue Connétable MSC nature au citron - 121g","p":3.95,"u":"32,64 €/KG","img":"https://fd15-photos.leclercdrive.fr/image.ashx?id=2330311&use=l&cat=p&typeid=i","cat":305147},{"id":180157,"n":"Gelée de Groseilles Bonne Maman - 370g","p":3.28,"u":"8,86 €/KG","img":"https://fd15-photos.leclercdrive.fr/image.ashx?id=2482975&use=l&cat=p&typeid=i","cat":284480},{"id":180167,"n":"Complément alimentaire Juvamine magnésium marin + vit B6 x30","p":6.75,"img":"https://fd15-photos.leclercdrive.fr/image.ashx?id=2745643&use=l&cat=p&typeid=i","cat":313217},{"id":180171,"n":"Olives Tramier apéro  farcies Poivron - 130g","p":4.69,"u":"36,08 €/KG","img":"https://fd15-photos.leclercdrive.fr/image.ashx?id=2648899&use=l&cat=p&typeid=i","cat":284450},{"id":180173,"n":"Pâté de foie Hénaff supérieur  sel de Guérande - 3x78g","p":3.99,"u":"17,05 €/KG","img":"https://fd15-photos.leclercdrive.fr/image.ashx?id=2582132&use=l&cat=p&typeid=i","cat":305149},{"id":180175,"n":"Friandises chien Pedigree Rodeo poulet bacon x7 - 123g","p":3.2,"u":"26,02 €/KG","img":"https://fd15-photos.leclercdrive.fr/image.ashx?id=2937941&use=l&cat=p&typeid=i","cat":294527},{"id":180176,"n":"Pollen en pelotes Lune de Miel - 250g","p":13.15,"u":"52,60 €/KG","img":"https://fd15-photos.leclercdrive.fr/image.ashx?id=2877724&use=l&cat=p&typeid=i","cat":287643},{"id":180179,"n":"Sauce tomate aux champignons  Panzani Bolets et cèpes - 210g","p":1.66,"u":"7,90 €/KG","img":"https://fd15-photos.leclercdrive.fr/image.ashx?id=2880676&use=l&cat=p&typeid=i","cat":299047},{"id":180181,"n":"Sardines à l'huile d'olive Connétable - 135g","p":3.59,"u":"26,59 €/KG","img":"https://fd15-photos.leclercdrive.fr/image.ashx?id=2762115&use=l&cat=p&typeid=i","cat":305146},{"id":180182,"n":"Sardines Connétable huile  d'olive piment de Cayenne -135g","p":3.49,"u":"25,85 €/KG","img":"https://fd15-photos.leclercdrive.fr/image.ashx?id=2902714&use=l&cat=p&typeid=i","cat":305146},{"id":180183,"n":"Sardines Connétable sauce aux   tomates séchées - 135g","p":3.49,"u":"25,85 €/KG","img":"https://fd15-photos.leclercdrive.fr/image.ashx?id=2902717&use=l&cat=p&typeid=i","cat":305146},{"id":180187,"n":"Sauce Pesto Tomates Basilic Panzani - 200G","p":2.49,"u":"12,45 €/KG","img":"https://fd15-photos.leclercdrive.fr/image.ashx?id=2977930&use=l&cat=p&typeid=i","cat":287599},{"id":180189,"n":"Saucisses de Toulouse lentilles La Belle Chaurienne -750g","p":8.99,"u":"11,99 €/KG","img":"https://fd15-photos.leclercdrive.fr/image.ashx?id=2540253&use=l&cat=p&typeid=i","cat":284441},{"id":180191,"n":"Sucre gélifiant Béghin Say spécial gelée - 1kg","p":3.89,"u":"3,89 €/KG","img":"https://fd15-photos.leclercdrive.fr/image.ashx?id=2653441&use=l&cat=p&typeid=i","cat":284502},{"id":180194,"n":"Tartinades de thon Petit Navire Tomates séchées thym - 125G","p":2.89,"u":"23,12 €/KG","img":"https://fd15-photos.leclercdrive.fr/image.ashx?id=2522566&use=l&cat=p&typeid=i","cat":303867},{"id":180196,"n":"Brioches Pitch  Pomme poire - x8 - 300g","p":3.39,"u":"11,30 €/KG","img":"https://fd15-photos.leclercdrive.fr/image.ashx?id=2454100&use=l&cat=p&typeid=i","cat":293505},{"id":180197,"n":"Langue Pik Haribo Sachet bonbons acidulés - 180g","p":2.09,"u":"11,61 €/KG","img":"https://fd15-photos.leclercdrive.fr/image.ashx?id=2984949&use=l&cat=p&typeid=i","cat":304250},{"id":180199,"n":"Pandawaï Pik Haribo Sachet bonbons acidulés - 200g","p":2.49,"u":"12,45 €/KG","img":"https://fd15-photos.leclercdrive.fr/image.ashx?id=2806120&use=l&cat=p&typeid=i","cat":304250},{"id":180202,"n":"Purée de tomate Panzani Tomacouli ail & herbes - 500g","p":2.14,"u":"4,28 €/KG","img":"https://fd15-photos.leclercdrive.fr/image.ashx?id=2890610&use=l&cat=p&typeid=i","cat":288384},{"id":180218,"n":"Pâté de campagne Hénaff sel de Guérande - 3x78g","p":3.8,"u":"16,24 €/KG","img":"https://fd15-photos.leclercdrive.fr/image.ashx?id=2663878&use=l&cat=p&typeid=i","cat":305149},{"id":180229,"n":"Miettes de crabe Eco+ - 121g","p":2.55,"u":"21,07 €/KG","img":"https://fd15-photos.leclercdrive.fr/image.ashx?id=2690910&use=l&cat=p&typeid=i","cat":305147},{"id":180233,"n":"Crème de marrons vanille  Douceur du Verger - 500g","p":3.25,"u":"6,50 €/KG","img":"https://fd15-photos.leclercdrive.fr/image.ashx?id=2691471&use=l&cat=p&typeid=i","cat":284506},{"id":180240,"n":"Sucre roux de canne  Blonvilliers - 750g","p":3.3,"u":"4,40 €/KG","img":"https://fd15-photos.leclercdrive.fr/image.ashx?id=2460092&use=l&cat=p&typeid=i","cat":284502},{"id":180241,"n":"Sucre glace Saint Louis - 1kg","p":3.99,"u":"3,99 €/KG","img":"https://fd15-photos.leclercdrive.fr/image.ashx?id=2939382&use=l&cat=p&typeid=i","cat":284502},{"id":180247,"n":"Double concentré de tomates  Eco+ - 440g","p":1.8,"u":"4,09 €/KG","img":"https://fd15-photos.leclercdrive.fr/image.ashx?id=2669648&use=l&cat=p&typeid=i","cat":288384},{"id":180274,"n":"Chips Vico Poulet rôti - 125g","p":1.81,"u":"14,48 €/KG","img":"https://fd15-photos.leclercdrive.fr/image.ashx?id=2921295&use=l&cat=p&typeid=i","cat":284447},{"id":180278,"n":"Sauce tomate pour pizza Zapetti - 300g","p":1.97,"u":"6,57 €/KG","img":"https://fd15-photos.leclercdrive.fr/image.ashx?id=2579990&use=l&cat=p&typeid=i","cat":288384},{"id":180291,"n":"Complément alimentaire Juvamine Lutéine myrtille pour yeux -x40","p":6.75,"u":"0,17 €/P","img":"https://fd15-photos.leclercdrive.fr/image.ashx?id=2455918&use=l&cat=p&typeid=i","cat":284632},{"id":180297,"n":"Huile vierge Cauvin Bio noix de coco - 500ml","p":8.3,"u":"16,60 €/L","img":"https://fd15-photos.leclercdrive.fr/image.ashx?id=2483086&use=l&cat=p&typeid=i","cat":284453},{"id":180301,"n":"Complément alimentaire Juvamine Thé vert Guarana - x30","p":6.69,"u":"0,22 €/P","img":"https://fd15-photos.leclercdrive.fr/image.ashx?id=2578079&use=l&cat=p&typeid=i","cat":284632},{"id":180302,"n":"Biscuits Palmier St Michel  au beurre - 87g","p":2.08,"u":"23,91 €/KG","img":"https://fd15-photos.leclercdrive.fr/image.ashx?id=2555379&use=l&cat=p&typeid=i","cat":284487},{"id":180304,"n":"Semoule de couscous moyen Eco+ - 1kg","p":2.34,"u":"2,34 €/KG","img":"https://fd15-photos.leclercdrive.fr/image.ashx?id=2757906&use=l&cat=p&typeid=i","cat":284429},{"id":180305,"n":"Pâté de foie Eco+ x3 - 234g","p":2.3,"u":"9,83 €/KG","img":"https://fd15-photos.leclercdrive.fr/image.ashx?id=2852940&use=l&cat=p&typeid=i","cat":305149},{"id":180307,"n":"Patée pour chat Eco+ boeuf et à la carotte - 410g","p":1.4,"u":"3,41 €/KG","img":"https://fd15-photos.leclercdrive.fr/image.ashx?id=2879931&use=l&cat=p&typeid=i","cat":285601},{"id":180308,"n":"Spray Freeze Raid Essentials Anti Fourmis et Cafards - 350ml","p":7.39,"u":"21,11 €/L","img":"https://fd15-photos.leclercdrive.fr/image.ashx?id=2331020&use=l&cat=p&typeid=i","cat":298368},{"id":180309,"n":"Spray Raid Essentials Anti Moustiques 300ml","p":7.39,"u":"24,63 €/L","img":"https://fd15-photos.leclercdrive.fr/image.ashx?id=2331023&use=l&cat=p&typeid=i","cat":298368},{"id":180311,"n":"Double concentré de tomates  Eco+ - 200g","p":1.39,"u":"6,95 €/KG","img":"https://fd15-photos.leclercdrive.fr/image.ashx?id=2794820&use=l&cat=p&typeid=i","cat":288384},{"id":180313,"n":"Bouchées pour chat Eco+ Truite saumon et légumes - 410g","p":1.13,"u":"2,76 €/KG","img":"https://fd15-photos.leclercdrive.fr/image.ashx?id=2330897&use=l&cat=p&typeid=i","cat":285601},{"id":180317,"n":"Pistaches non salées Tokapi 125g","p":3.32,"u":"26,56 €/KG","img":"https://fd15-photos.leclercdrive.fr/image.ashx?id=2793302&use=l&cat=p&typeid=i","cat":284448},{"id":180321,"n":"Palmiers feuilletés Tokapi olive - 75g","p":1.92,"u":"25,60 €/KG","img":"https://fd15-photos.leclercdrive.fr/image.ashx?id=2331243&use=l&cat=p&typeid=i","cat":297000},{"id":180325,"n":"Palmiers feuilletés Tokapi  tomate épicée - 75g","p":1.99,"u":"26,53 €/KG","img":"https://fd15-photos.leclercdrive.fr/image.ashx?id=2330963&use=l&cat=p&typeid=i","cat":297000},{"id":180327,"n":"Pâtée pour chats Eco+ poisson et à la carotte - 410g","p":1.29,"u":"3,15 €/KG","img":"https://fd15-photos.leclercdrive.fr/image.ashx?id=2794175&use=l&cat=p&typeid=i","cat":285601},{"id":180333,"n":"Grignot' cacahuètes Tokapi - 140g","p":1.75,"u":"12,50 €/KG","img":"https://fd15-photos.leclercdrive.fr/image.ashx?id=2331066&use=l&cat=p&typeid=i","cat":284449},{"id":180342,"n":"Muesli avoine amande chocolat  bio Terres et Céréales - 500g","p":5.99,"u":"11,98 €/KG","img":"https://fd15-photos.leclercdrive.fr/image.ashx?id=2471877&use=l&cat=p&typeid=i","cat":309512},{"id":180347,"n":"Chips Pom'lisse nature sans sel - 125g","p":1.95,"u":"15,60 €/KG","img":"https://fd15-photos.leclercdrive.fr/image.ashx?id=2919661&use=l&cat=p&typeid=i","cat":284447},{"id":180348,"n":"Rondelles de cornichons Rustica aigres doux - 185g","p":1.59,"u":"8,59 €/KG","img":"https://fd15-photos.leclercdrive.fr/image.ashx?id=2916725&use=l&cat=p&typeid=i","cat":284458},{"id":180350,"n":"Vinaigre d'alcool Bio Village  blanc 8% Bio - 1L","p":1.38,"u":"1,38 €/L","img":"https://fd15-photos.leclercdrive.fr/image.ashx?id=2869528&use=l&cat=p&typeid=i","cat":325365},{"id":180351,"n":"Friandises chat Sheba Creamy snacks poulet - 4x12g","p":3.15,"u":"65,63 €/KG","img":"https://fd15-photos.leclercdrive.fr/image.ashx?id=2331147&use=l&cat=p&typeid=i","cat":285285},{"id":180352,"n":"Friandises chat Sheba Creamy snacks saumon - 4x12g","p":3.79,"u":"78,96 €/KG","img":"https://fd15-photos.leclercdrive.fr/image.ashx?id=2331150&use=l&cat=p&typeid=i","cat":285285},{"id":180360,"n":"Tablette de chocolat noir Lindt Sel rose de l'Himalaya - 100g","p":4.75,"u":"47,50 €/KG","img":"https://fd15-photos.leclercdrive.fr/image.ashx?id=2750393&use=l&cat=p&typeid=i","cat":284956},{"id":180366,"n":"Pâte à tartiner NRT Noisettes - 400g","p":9.25,"u":"23,13 €/KG","img":"https://fd15-photos.leclercdrive.fr/image.ashx?id=2791123&use=l&cat=p&typeid=i","cat":284481},{"id":180370,"n":"Tablette de chocolat Lindt Orange sanguine de Sicile 100g","p":4.77,"u":"47,70 €/KG","img":"https://fd15-photos.leclercdrive.fr/image.ashx?id=2689508&use=l&cat=p&typeid=i","cat":284956},{"id":180376,"n":"Chocolat au lait Bio Village Patissier Bio - 200g","p":4.59,"u":"22,95 €/KG","img":"https://fd15-photos.leclercdrive.fr/image.ashx?id=2776517&use=l&cat=p&typeid=i","cat":285562},{"id":180378,"n":"Chocolat au lait Bio Village  Noisettes Bio - 200g","p":4.83,"u":"24,15 €/KG","img":"https://fd15-photos.leclercdrive.fr/image.ashx?id=2649677&use=l&cat=p&typeid=i","cat":284497},{"id":180392,"n":"Bonbons Lutti Pokémon fizz - 180g","p":2.82,"u":"15,67 €/KG","img":"https://fd15-photos.leclercdrive.fr/image.ashx?id=2806150&use=l&cat=p&typeid=i","cat":304250},{"id":180410,"n":"Savane Brossard Pocket max pépites chocolat x7 - 210g","p":4.07,"u":"19,38 €/KG","img":"https://fd15-photos.leclercdrive.fr/image.ashx?id=2870734&use=l&cat=p&typeid=i","cat":294776},{"id":180411,"n":"Graines de folie Michel et  Augustin épices cajun - 95g","p":4.59,"u":"48,32 €/KG","img":"https://fd15-photos.leclercdrive.fr/image.ashx?id=2539938&use=l&cat=p&typeid=i","cat":284448},{"id":180413,"n":"Graines de Folie Michel et  Augustin poivre fumé oignon-95g","p":4.29,"u":"45,16 €/KG","img":"https://fd15-photos.leclercdrive.fr/image.ashx?id=2538884&use=l&cat=p&typeid=i","cat":284448},{"id":180414,"n":"Chips Tuiles Pringles Pizza - 175g","p":3.38,"u":"19,31 €/KG","img":"https://fd15-photos.leclercdrive.fr/image.ashx?id=2661748&use=l&cat=p&typeid=i","cat":287899},{"id":180418,"n":"Pois chiches Sultanines 530g","p":2.51,"u":"4,74 €/KG","img":"https://fd15-photos.leclercdrive.fr/image.ashx?id=2331363&use=l&cat=p&typeid=i","cat":312609},{"id":180421,"n":"Bûchettes de sucre Saint Louis 4g x 125 - coffret de 500g","p":4.39,"u":"8,78 €/KG","img":"https://fd15-photos.leclercdrive.fr/image.ashx?id=2331387&use=l&cat=p&typeid=i","cat":284502},{"id":180428,"n":"Céréales fourrées Bio Village Bio Chocolat noisette - 375g","p":3.7,"u":"9,87 €/KG","img":"https://fd15-photos.leclercdrive.fr/image.ashx?id=2562096&use=l&cat=p&typeid=i","cat":309513},{"id":180429,"n":"Agar Bio Village  Bio - 8g","p":3.39,"u":"423,75 €/KG","img":"https://fd15-photos.leclercdrive.fr/image.ashx?id=2343225&use=l&cat=p&typeid=i","cat":284504},{"id":180444,"n":"Isey Skyr Cheesecake Citron - 400g","p":4.29,"u":"10,73 €/KG","img":"https://fd15-photos.leclercdrive.fr/image.ashx?id=2598618&use=l&cat=p&typeid=i","cat":315000},{"id":180486,"n":"Vin mousseux Kriter brut 6x75cl","p":48.58,"u":"10,80 €/L","img":"https://fd15-photos.leclercdrive.fr/image.ashx?id=2826675&use=l&cat=p&typeid=i","cat":284544},{"id":180498,"n":"Chips ancienne nature Lay's Sel - 155g","p":2.14,"u":"13,81 €/KG","img":"https://fd15-photos.leclercdrive.fr/image.ashx?id=2996596&use=l&cat=p&typeid=i","cat":284447},{"id":180543,"n":"Blocs WC Ball Activ'Effect Floral - x1","p":3.59,"img":"https://fd15-photos.leclercdrive.fr/image.ashx?id=2683574&use=l&cat=p&typeid=i","cat":284662},{"id":180544,"n":"Serviettes hygiéniques Nana Ultra - Régulier+ - x28","p":4.27,"u":"0,15 €/P","img":"https://fd15-photos.leclercdrive.fr/image.ashx?id=2756458&use=l&cat=p&typeid=i","cat":284624},{"id":180546,"n":"Serviettes Ultra Régulier+ Nana Deo Ailettes Flux modéré - x14","p":3.54,"u":"0,25 €/P","img":"https://fd15-photos.leclercdrive.fr/image.ashx?id=2767225&use=l&cat=p&typeid=i","cat":284624},{"id":180549,"n":"Serviettes Ultra Régulier Nana Deo Ailettes Flux modéré - x28","p":4.36,"u":"0,16 €/P","img":"https://fd15-photos.leclercdrive.fr/image.ashx?id=3005299&use=l&cat=p&typeid=i","cat":284624},{"id":180550,"n":"Serviettes hygiéniques Nana Ultra - Spécial Nuit - x10","p":2.9,"u":"0,29 €/P","img":"https://fd15-photos.leclercdrive.fr/image.ashx?id=2944990&use=l&cat=p&typeid=i","cat":284624},{"id":180552,"n":"Soda à l'orange Orangina 6x25cl verre","p":7.99,"u":"5,33 €/L","img":"https://fd15-photos.leclercdrive.fr/image.ashx?id=2476431&use=l&cat=p&typeid=i","cat":284532},{"id":180553,"n":"Sirop de pêche Bio Village Bio - 50cl","p":4.52,"u":"9,04 €/L","img":"https://fd15-photos.leclercdrive.fr/image.ashx?id=2873198&use=l&cat=p&typeid=i","cat":295020},{"id":180554,"n":"Sirop de cassis Bio Village Bio - 50cl","p":4.05,"u":"8,10 €/L","img":"https://fd15-photos.leclercdrive.fr/image.ashx?id=2873201&use=l&cat=p&typeid=i","cat":295020},{"id":180556,"n":"Sirop de Citron Bio Village Bio - 50cl","p":3.55,"u":"7,10 €/L","img":"https://fd15-photos.leclercdrive.fr/image.ashx?id=2873192&use=l&cat=p&typeid=i","cat":295020},{"id":180558,"n":"Caffè latte Starbucks 220ml","p":3.41,"u":"15,50 €/L","img":"https://fd15-photos.leclercdrive.fr/image.ashx?id=2679353&use=l&cat=p&typeid=i","cat":295246},{"id":180559,"n":"Caramel  Macchiato Starbucks  220ml","p":3.49,"u":"15,86 €/L","img":"https://fd15-photos.leclercdrive.fr/image.ashx?id=2334004&use=l&cat=p&typeid=i","cat":295246},{"id":180561,"n":"Cappuccino Starbucks 220ml","p":2.95,"u":"13,41 €/L","img":"https://fd15-photos.leclercdrive.fr/image.ashx?id=2472009&use=l&cat=p&typeid=i","cat":295246},{"id":180562,"n":"Noisette Macchiato Starbucks 220ml","p":3.55,"u":"16,14 €/L","img":"https://fd15-photos.leclercdrive.fr/image.ashx?id=2659160&use=l&cat=p&typeid=i","cat":295246},{"id":180772,"n":"Chips à l'ancienne Lay's Nature - 295g +10% offert","p":3.59,"u":"11,08 €/KG","img":"https://fd15-photos.leclercdrive.fr/image.ashx?id=2996599&use=l&cat=p&typeid=i","cat":284447},{"id":181159,"n":"Patafix blanc 100 past Uhu BTS licence Looney Tunes","p":2.85,"img":"https://fd15-photos.leclercdrive.fr/image.ashx?id=2537225&use=l&cat=p&typeid=i","cat":334133},{"id":181499,"n":"Cahier carte Clairefontaine corail 21x29,7 96p seyes pastel","p":3.78,"img":"https://fd15-photos.leclercdrive.fr/image.ashx?id=2357158&use=l&cat=p&typeid=i","cat":284697},{"id":181500,"n":"Cahier carte Clairefontaine azur 21x29,7 96p seyes pastel","p":3.78,"img":"https://fd15-photos.leclercdrive.fr/image.ashx?id=2357161&use=l&cat=p&typeid=i","cat":284697},{"id":181501,"n":"Cahier carte Clairefontaine vert d'eau 21x29,7 seyes pastel","p":3.78,"img":"https://fd15-photos.leclercdrive.fr/image.ashx?id=2357164&use=l&cat=p&typeid=i","cat":284697},{"id":181676,"n":"Ruban X1 Dymo Lt   12 mm x 4 m","p":8.99,"img":"https://fd15-photos.leclercdrive.fr/image.ashx?id=2877094&use=l&cat=p&typeid=i","cat":284696},{"id":181681,"n":"Roller Frixion clicker fin  Pilot + 3 Recharges","p":8.95,"img":"https://fd15-photos.leclercdrive.fr/image.ashx?id=2578025&use=l&cat=p&typeid=i","cat":284696},{"id":181682,"n":"Roller Frixion clicker fin  Pilot + 3 Recharges","p":9.05,"img":"https://fd15-photos.leclercdrive.fr/image.ashx?id=2578028&use=l&cat=p&typeid=i","cat":284696},{"id":181683,"n":"Roller Frixion ball fin  Pilot + 3 Recharges","p":6.86,"img":"https://fd15-photos.leclercdrive.fr/image.ashx?id=2578031&use=l&cat=p&typeid=i","cat":284696},{"id":181724,"n":"Chips Bret's Cheddar oignons - 125g","p":2.12,"u":"16,96 €/KG","img":"https://fd15-photos.leclercdrive.fr/image.ashx?id=2341582&use=l&cat=p&typeid=i","cat":284447},{"id":181755,"n":"Complément alimentaire  Confort Urinaire  Pépins courge","p":7.0,"u":"184,21 €/KG","img":"https://fd15-photos.leclercdrive.fr/image.ashx?id=2341489&use=l&cat=p&typeid=i","cat":313217},{"id":181756,"n":"Complément alimentaire  Jambes Légères - Vigne Cassis","p":6.79,"u":"0,23 €/P","img":"https://fd15-photos.leclercdrive.fr/image.ashx?id=2341501&use=l&cat=p&typeid=i","cat":284632},{"id":181966,"n":"Terreau Universel Beaux Jours - 50L","p":6.99,"u":"0,14 €/L","img":"https://fd15-photos.leclercdrive.fr/image.ashx?id=2648869&use=l&cat=p&typeid=i","cat":335919},{"id":182041,"n":"Biscuit Délichoc Chocolat au lait - 3x150g","p":9.45,"u":"21,00 €/KG","img":"https://fd15-photos.leclercdrive.fr/image.ashx?id=2673589&use=l&cat=p&typeid=i","cat":284488},{"id":182047,"n":"Jambon de Bayonne Saint Azay 6 tranches - 150g","p":4.29,"u":"28,60 €/KG","img":"https://fd15-photos.leclercdrive.fr/image.ashx?id=2342190&use=l&cat=p&typeid=i","cat":316007},{"id":182083,"n":"Rillettes de thon Petit Navire  Maxi format - 220g","p":5.25,"u":"23,86 €/KG","img":"https://fd15-photos.leclercdrive.fr/image.ashx?id=2519675&use=l&cat=p&typeid=i","cat":303867},{"id":182152,"n":"Emmental râpé fondant Président 350g","p":5.91,"u":"16,89 €/KG","img":"https://fd15-photos.leclercdrive.fr/image.ashx?id=2490599&use=l&cat=p&typeid=i","cat":314035},{"id":182157,"n":"Dentifrice enfants Bionaia Bio - 50ml","p":1.2,"u":"24,00 €/L","img":"https://fd15-photos.leclercdrive.fr/image.ashx?id=2498837&use=l&cat=p&typeid=i","cat":288898},{"id":182158,"n":"Galettes Normandes NRT Caramel - 100g","p":3.39,"u":"33,90 €/KG","img":"https://fd15-photos.leclercdrive.fr/image.ashx?id=2704915&use=l&cat=p&typeid=i","cat":284487},{"id":182159,"n":"Recharge gel lavant Bionaia Bio - abricot - 250ml","p":1.43,"u":"5,72 €/L","img":"https://fd15-photos.leclercdrive.fr/image.ashx?id=2935543&use=l&cat=p&typeid=i","cat":284597},{"id":182160,"n":"Maïs croquant d'Aucy 4x285g","p":6.59,"u":"5,78 €/KG","img":"https://fd15-photos.leclercdrive.fr/image.ashx?id=2478526&use=l&cat=p&typeid=i","cat":312611},{"id":182163,"n":"Chips L'Extra Craquante Vico Nature - 440g","p":4.71,"u":"10,70 €/KG","img":"https://fd15-photos.leclercdrive.fr/image.ashx?id=2578166&use=l&cat=p&typeid=i","cat":284447},{"id":182180,"n":"Sirop de Grenadine Bio Village Bio - 50cl","p":4.99,"u":"9,98 €/L","img":"https://fd15-photos.leclercdrive.fr/image.ashx?id=2873186&use=l&cat=p&typeid=i","cat":295020},{"id":182181,"n":"Sirop de Menthe Bio Village Bio - 50cl","p":4.49,"u":"8,98 €/L","img":"https://fd15-photos.leclercdrive.fr/image.ashx?id=2873189&use=l&cat=p&typeid=i","cat":295020},{"id":182211,"n":"Huile de tournesol lesieur 2L","p":7.27,"u":"3,64 €/L","img":"https://fd15-photos.leclercdrive.fr/image.ashx?id=2916842&use=l&cat=p&typeid=i","cat":284453},{"id":182212,"n":"Semoule moyenne panzani 500g","p":2.2,"u":"4,40 €/KG","img":"https://fd15-photos.leclercdrive.fr/image.ashx?id=2745562&use=l&cat=p&typeid=i","cat":284429},{"id":182213,"n":"Pâtes spaghetti lustucru longues 250g","p":1.46,"u":"5,84 €/KG","img":"https://fd15-photos.leclercdrive.fr/image.ashx?id=2605719&use=l&cat=p&typeid=i","cat":284427},{"id":182218,"n":"Chips paysanne nature Lay's Sel - 155g","p":1.94,"u":"12,52 €/KG","img":"https://fd15-photos.leclercdrive.fr/image.ashx?id=2818602&use=l&cat=p&typeid=i","cat":284447},{"id":182241,"n":"Vin de Tunisie Beni M'Tir Sidi Brahim - Rouge 12% vol - 75cl","p":5.65,"u":"7,53 €/L","img":"https://fd15-photos.leclercdrive.fr/image.ashx?id=2344543&use=l&cat=p&typeid=i","cat":289556},{"id":182259,"n":"Chips ancienne nature Lay's Sel format familial - 295g","p":4.41,"u":"14,95 €/KG","img":"https://fd15-photos.leclercdrive.fr/image.ashx?id=2999243&use=l&cat=p&typeid=i","cat":284447},{"id":182260,"n":"Chips paysanne nature Lay's Sel format familial - 295g","p":3.72,"u":"12,61 €/KG","img":"https://fd15-photos.leclercdrive.fr/image.ashx?id=2848716&use=l&cat=p&typeid=i","cat":284447},{"id":182261,"n":"Lay's  Nature - 6x28g","p":3.09,"u":"18,39 €/KG","img":"https://fd15-photos.leclercdrive.fr/image.ashx?id=2996605&use=l&cat=p&typeid=i","cat":284447},{"id":182266,"n":"Shampooing sec Batiste Original - 200ml","p":5.98,"u":"29,90 €/L","img":"https://fd15-photos.leclercdrive.fr/image.ashx?id=2344046&use=l&cat=p&typeid=i","cat":289143},{"id":182267,"n":"Shampooing sec Batiste Blush - 200ml","p":5.59,"u":"27,95 €/L","img":"https://fd15-photos.leclercdrive.fr/image.ashx?id=2630454&use=l&cat=p&typeid=i","cat":289143},{"id":182315,"n":"Rillettes de thon Petit Navire Olives vertes - 125g","p":2.99,"u":"23,92 €/KG","img":"https://fd15-photos.leclercdrive.fr/image.ashx?id=2523924&use=l&cat=p&typeid=i","cat":303867},{"id":182322,"n":"Chips paysanne nature Lay's Sel - 6x28g","p":3.13,"u":"18,63 €/KG","img":"https://fd15-photos.leclercdrive.fr/image.ashx?id=2818611&use=l&cat=p&typeid=i","cat":284447},{"id":182340,"n":"Lait en poudre Guigoz Optipro 2ème âge - 6-12 mois - 830g","p":18.95,"u":"22,83 €/KG","img":"https://fd15-photos.leclercdrive.fr/image.ashx?id=2737747&use=l&cat=p&typeid=i","cat":284727},{"id":182342,"n":"Lait bébé en poudre Guigoz Gest 2ème âge - 6-12 mois - 830g","p":19.4,"u":"23,37 €/KG","img":"https://fd15-photos.leclercdrive.fr/image.ashx?id=2469478&use=l&cat=p&typeid=i","cat":284727},{"id":182345,"n":"Margarine Fruit d'Or Oméga 3&6 Sel de mer - 450g","p":3.25,"u":"7,22 €/KG","img":"https://fd15-photos.leclercdrive.fr/image.ashx?id=2347407&use=l&cat=p&typeid=i","cat":315229},{"id":182364,"n":"Jambon sec Saint Azay Label Rouge - 6 tranches - 100g","p":5.14,"u":"51,40 €/KG","img":"https://fd15-photos.leclercdrive.fr/image.ashx?id=2345845&use=l&cat=p&typeid=i","cat":316007},{"id":182365,"n":"Jambon de Bayonne Saint Azay 4 tranches - 100g","p":3.79,"u":"37,90 €/KG","img":"https://fd15-photos.leclercdrive.fr/image.ashx?id=2345848&use=l&cat=p&typeid=i","cat":316007},{"id":182371,"n":"Mayonnaise bio Bio Village 238g","p":3.65,"u":"15,34 €/KG","img":"https://fd15-photos.leclercdrive.fr/image.ashx?id=2664872&use=l&cat=p&typeid=i","cat":298295},{"id":182373,"n":"Skyr Siggi's  Mangue Passion - 2x140g","p":3.3,"u":"11,79 €/KG","img":"https://fd15-photos.leclercdrive.fr/image.ashx?id=2792027&use=l&cat=p&typeid=i","cat":315000},{"id":182465,"n":"Bière sans alcool Tourtel Twist Ananas 0,0° - 6x27,5cl","p":7.85,"u":"4,76 €/L","img":"https://fd15-photos.leclercdrive.fr/image.ashx?id=2684925&use=l&cat=p&typeid=i","cat":334877},{"id":182480,"n":"Lait bébé en poudre Guigoz Gest 1er âge - 0-6 mois - 830g","p":19.35,"u":"23,31 €/KG","img":"https://fd15-photos.leclercdrive.fr/image.ashx?id=2895047&use=l&cat=p&typeid=i","cat":284726},{"id":182490,"n":"Lait bébé Guigoz Pelargon Poudre- 2e âge- 6-12 mois -780g","p":20.8,"u":"26,67 €/KG","img":"https://fd15-photos.leclercdrive.fr/image.ashx?id=2347386&use=l&cat=p&typeid=i","cat":284727},{"id":182500,"n":"Complément alimentaire Brûle Graisse x46 Gélules","p":7.4,"u":"0,16 €/P","img":"https://fd15-photos.leclercdrive.fr/image.ashx?id=2860241&use=l&cat=p&typeid=i","cat":284632},{"id":182501,"n":"Complément alimentaire Levure de Bière x60","p":7.8,"u":"0,13 €/P","img":"https://fd15-photos.leclercdrive.fr/image.ashx?id=2860244&use=l&cat=p&typeid=i","cat":313217},{"id":182519,"n":"Croquettes petit chien Ultima  Adulte bœuf - 1,35kg","p":9.54,"u":"7,07 €/KG","img":"https://fd15-photos.leclercdrive.fr/image.ashx?id=2921909&use=l&cat=p&typeid=i","cat":294526},{"id":182542,"n":"Céréales Oreo 350g","p":6.32,"u":"18,06 €/KG","img":"https://fd15-photos.leclercdrive.fr/image.ashx?id=2764583&use=l&cat=p&typeid=i","cat":309513},{"id":182597,"n":"Huile de Tournesol 1L","p":1.8,"u":"1,80 €/L","img":"https://fd15-photos.leclercdrive.fr/image.ashx?id=2374486&use=l&cat=p&typeid=i","cat":284453},{"id":182615,"n":"AOP Languedoc Château Negly Ecume blanc - 75cl","p":18.75,"u":"25,00 €/L","img":"https://fd15-photos.leclercdrive.fr/image.ashx?id=2360821&use=l&cat=p&typeid=i","cat":289557},{"id":182692,"n":"Nappage Caramel Vahiné 200g","p":2.25,"u":"11,25 €/KG","img":"https://fd15-photos.leclercdrive.fr/image.ashx?id=2833336&use=l&cat=p&typeid=i","cat":284504},{"id":182791,"n":"Croquettes chiens adultes Poulet - 7kg","p":41.08,"u":"5,87 €/KG","img":"https://fd15-photos.leclercdrive.fr/image.ashx?id=2894968&use=l&cat=p&typeid=i","cat":294526},{"id":182799,"n":"Cumin Moulu Ducros 40g","p":2.5,"u":"62,50 €/KG","img":"https://fd15-photos.leclercdrive.fr/image.ashx?id=2983222&use=l&cat=p&typeid=i","cat":298297},{"id":182808,"n":"Croquettes chiens Ultima Mini Senior Agevital - 1.35kg","p":10.65,"u":"7,89 €/KG","img":"https://fd15-photos.leclercdrive.fr/image.ashx?id=2921918&use=l&cat=p&typeid=i","cat":294526},{"id":182855,"n":"Saucisse de Strasbourg  Tradilège x10 - 350g","p":2.85,"u":"8,14 €/KG","img":"https://fd15-photos.leclercdrive.fr/image.ashx?id=2349382&use=l&cat=p&typeid=i","cat":316012},{"id":182856,"n":"Saucisse de Strasbourg Tradilège x6 - 210g","p":2.59,"u":"12,33 €/KG","img":"https://fd15-photos.leclercdrive.fr/image.ashx?id=2349379&use=l&cat=p&typeid=i","cat":316012},{"id":182888,"n":"Lait bébé poudre Guigoz Optipro 1er âge - 0-6mois - 830g","p":16.6,"u":"20,00 €/KG","img":"https://fd15-photos.leclercdrive.fr/image.ashx?id=2806423&use=l&cat=p&typeid=i","cat":284726},{"id":182895,"n":"Badiane Sainte Lucie 15g","p":4.4,"u":"293,33 €/KG","img":"https://fd15-photos.leclercdrive.fr/image.ashx?id=2349782&use=l&cat=p&typeid=i","cat":298297},{"id":182908,"n":"Sauge Sainte Lucie feuilles coupées - 15g","p":2.1,"u":"140,00 €/KG","img":"https://fd15-photos.leclercdrive.fr/image.ashx?id=2349779&use=l&cat=p&typeid=i","cat":298297},{"id":182928,"n":"Papier cuisson Alfapac 15 feuilles","p":2.99,"img":"https://fd15-photos.leclercdrive.fr/image.ashx?id=2887740&use=l&cat=p&typeid=i","cat":334134},{"id":182938,"n":"Sauce crudités Caesar Amora 380ml","p":3.75,"u":"9,87 €/L","img":"https://fd15-photos.leclercdrive.fr/image.ashx?id=2655223&use=l&cat=p&typeid=i","cat":284456},{"id":182939,"n":"Chips Tuiles Pringles Barbecue - 175g","p":3.87,"u":"22,11 €/KG","img":"https://fd15-photos.leclercdrive.fr/image.ashx?id=2662502&use=l&cat=p&typeid=i","cat":287899},{"id":182963,"n":"Glace Trium Vanille - x4 - 294g","p":3.65,"u":"12,41 €/KG","img":"https://fd15-photos.leclercdrive.fr/image.ashx?id=2911714&use=l&cat=p&typeid=i","cat":284265},{"id":182966,"n":"Mini bâtonnets Trium Vanille Caramel beurre salé x8 - 294g","p":4.19,"u":"14,25 €/KG","img":"https://fd15-photos.leclercdrive.fr/image.ashx?id=2791347&use=l&cat=p&typeid=i","cat":284265},{"id":183104,"n":"Nutella Biscuit pâte à tartiner Cacao Noisettes - 207g","p":4.65,"u":"22,46 €/KG","img":"https://fd15-photos.leclercdrive.fr/image.ashx?id=2834035&use=l&cat=p&typeid=i","cat":284488},{"id":183125,"n":"AOP Sauternes vin blanc Château Jeannonier - 50cl","p":14.24,"u":"28,48 €/L","img":"https://fd15-photos.leclercdrive.fr/image.ashx?id=2352777&use=l&cat=p&typeid=i","cat":289557},{"id":183129,"n":"Epinards Légumes Findus branches à la crème - 480g","p":3.57,"u":"7,44 €/KG","img":"https://fd15-photos.leclercdrive.fr/image.ashx?id=2937349&use=l&cat=p&typeid=i","cat":319805},{"id":183130,"n":"Epinards hachés Findus À la crème fraîche - 900g","p":5.6,"u":"6,22 €/KG","img":"https://fd15-photos.leclercdrive.fr/image.ashx?id=2904245&use=l&cat=p&typeid=i","cat":319805},{"id":183138,"n":"Brownie Familial Brossard Chocolat Noisette - 285g","p":4.71,"u":"16,53 €/KG","img":"https://fd15-photos.leclercdrive.fr/image.ashx?id=2977495&use=l&cat=p&typeid=i","cat":294776},{"id":183139,"n":"Mini cakes aux fruits Brossard 10x30g","p":4.95,"u":"16,50 €/KG","img":"https://fd15-photos.leclercdrive.fr/image.ashx?id=2976827&use=l&cat=p&typeid=i","cat":284493},{"id":183159,"n":"Pizza Ristorante Dr.Oetker Bolognaise - 375g","p":5.85,"u":"15,60 €/KG","img":"https://fd15-photos.leclercdrive.fr/image.ashx?id=2993071&use=l&cat=p&typeid=i","cat":284256},{"id":183172,"n":"Emietté de thon Petit Navire Vinaigre balsamique - 110g","p":3.11,"u":"28,27 €/KG","img":"https://fd15-photos.leclercdrive.fr/image.ashx?id=2682860&use=l&cat=p&typeid=i","cat":303867},{"id":183205,"n":"Pile bouton Lithium Varta CR2032 - x2","p":3.89,"u":"1,95 €/P","img":"https://fd15-photos.leclercdrive.fr/image.ashx?id=2575822&use=l&cat=p&typeid=i","cat":300572},{"id":183287,"n":"Boites dose poudre de lait Tigex","p":9.9,"img":"https://fd15-photos.leclercdrive.fr/image.ashx?id=2354794&use=l&cat=p&typeid=i","cat":289435},{"id":183288,"n":"Biberon col large Serenity+ Nuk + verre 240ml - 0 à 6 mois","p":9.9,"img":"https://fd15-photos.leclercdrive.fr/image.ashx?id=2354791&use=l&cat=p&typeid=i","cat":284742},{"id":183289,"n":"Biberon col large Serenity+ Nuk 0-6 mois - 300ml","p":9.9,"img":"https://fd15-photos.leclercdrive.fr/image.ashx?id=2400154&use=l&cat=p&typeid=i","cat":284742},{"id":183290,"n":"Biberon col large Serenity+ Nuk 6-18 mois - 360ml","p":9.9,"img":"https://fd15-photos.leclercdrive.fr/image.ashx?id=2355554&use=l&cat=p&typeid=i","cat":284742},{"id":183314,"n":"Sucettes Classic silicone Nuk 18-36 mois Fille - x2","p":6.9,"img":"https://fd15-photos.leclercdrive.fr/image.ashx?id=2680978&use=l&cat=p&typeid=i","cat":284743},{"id":183381,"n":"Tranches Cheddar Violife - 200g","p":3.45,"u":"17,25 €/KG","img":"https://fd15-photos.leclercdrive.fr/image.ashx?id=2603477&use=l&cat=p&typeid=i","cat":316070},{"id":183386,"n":"Lotus Biscoff Glace Bâtonnets Chocolat blanc 284g (4x90ml)","p":5.56,"u":"19,58 €/KG","img":"https://fd15-photos.leclercdrive.fr/image.ashx?id=2682334&use=l&cat=p&typeid=i","cat":284265},{"id":183391,"n":"Fraisoo' bool 200g","p":1.99,"u":"9,95 €/KG","img":"https://fd15-photos.leclercdrive.fr/image.ashx?id=2454172&use=l&cat=p&typeid=i","cat":304250},{"id":183395,"n":"Huile d'olive Puget 75cl","p":15.89,"u":"21,19 €/L","img":"https://fd15-photos.leclercdrive.fr/image.ashx?id=2460925&use=l&cat=p&typeid=i","cat":284453},{"id":183414,"n":"Croquettes Ultima Light Petit chien - 1,35kg","p":10.65,"u":"7,89 €/KG","img":"https://fd15-photos.leclercdrive.fr/image.ashx?id=2921912&use=l&cat=p&typeid=i","cat":294526},{"id":183418,"n":"AOP Bourgogne Pinot Noir Rouge Domaine de Rochebin - 75cl","p":17.89,"u":"23,85 €/L","img":"https://fd15-photos.leclercdrive.fr/image.ashx?id=2390047&use=l&cat=p&typeid=i","cat":289556},{"id":183495,"n":"Fruit Shoot Tropical Teisseire 4x20cl","p":2.89,"u":"3,61 €/L","img":"https://fd15-photos.leclercdrive.fr/image.ashx?id=2923630&use=l&cat=p&typeid=i","cat":295018},{"id":183496,"n":"Brocolis fleurette Notre Jardin 900g","p":2.59,"u":"2,88 €/KG","img":"https://fd15-photos.leclercdrive.fr/image.ashx?id=2873168&use=l&cat=p&typeid=i","cat":319805},{"id":183520,"n":"Déodorant Spray Rexona Anti- Transpirant 72H Invisible 200ml","p":5.45,"u":"27,25 €/L","img":"https://fd15-photos.leclercdrive.fr/image.ashx?id=2850306&use=l&cat=p&typeid=i","cat":284595},{"id":183523,"n":"Rexona Déodorant Femme Spray   72H Musc 200ml","p":5.45,"u":"27,25 €/L","img":"https://fd15-photos.leclercdrive.fr/image.ashx?id=2850312&use=l&cat=p&typeid=i","cat":284595},{"id":183526,"n":"Rexona Déodorant Femme Spray Anti-Transpirant 72H","p":5.45,"u":"27,25 €/L","img":"https://fd15-photos.leclercdrive.fr/image.ashx?id=2850309&use=l&cat=p&typeid=i","cat":284595},{"id":183686,"n":"Baguette Leclerc","p":0.5,"img":"https://fd15-photos.leclercdrive.fr/image.ashx?id=2357758&use=l&cat=p&typeid=i","cat":284359},{"id":183688,"n":"Baguette Rustique 200g","p":1.79,"img":"https://fd15-photos.leclercdrive.fr/image.ashx?id=2357773&use=l&cat=p&typeid=i","cat":284359},{"id":183689,"n":"Baguette au son 272g","p":1.4,"img":"https://fd15-photos.leclercdrive.fr/image.ashx?id=2357770&use=l&cat=p&typeid=i","cat":284359},{"id":183698,"n":"Baguette bouts pointus  Levain 196g","p":1.32,"img":"https://fd15-photos.leclercdrive.fr/image.ashx?id=2357794&use=l&cat=p&typeid=i","cat":284359},{"id":183700,"n":"Baguette campagne 250g","p":1.2,"img":"https://fd15-photos.leclercdrive.fr/image.ashx?id=2357791&use=l&cat=p&typeid=i","cat":284359},{"id":183704,"n":"Baguette complète 272g","p":1.58,"img":"https://fd15-photos.leclercdrive.fr/image.ashx?id=2357731&use=l&cat=p&typeid=i","cat":284359},{"id":183706,"n":"Baguette locale 250g","p":0.84,"img":"https://fd15-photos.leclercdrive.fr/image.ashx?id=2357767&use=l&cat=p&typeid=i","cat":284359},{"id":183707,"n":"Baguette multicéréales 272g","p":2.15,"img":"https://fd15-photos.leclercdrive.fr/image.ashx?id=2357782&use=l&cat=p&typeid=i","cat":284359},{"id":183708,"n":"Baguette polka 250g","p":0.95,"img":"https://fd15-photos.leclercdrive.fr/image.ashx?id=2357755&use=l&cat=p&typeid=i","cat":284359},{"id":183736,"n":"Baguette sans sel  280g","p":0.85,"img":"https://fd15-photos.leclercdrive.fr/image.ashx?id=2357764&use=l&cat=p&typeid=i","cat":284359},{"id":183738,"n":"Baguette viennoise 216g","p":1.6,"img":"https://fd15-photos.leclercdrive.fr/image.ashx?id=2357761&use=l&cat=p&typeid=i","cat":284359},{"id":183761,"n":"Batard au son 320g","p":1.95,"img":"https://fd15-photos.leclercdrive.fr/image.ashx?id=2357779&use=l&cat=p&typeid=i","cat":284359},{"id":183762,"n":"Batard aux oignons 320g","p":2.15,"img":"https://fd15-photos.leclercdrive.fr/image.ashx?id=2357788&use=l&cat=p&typeid=i","cat":284359},{"id":183764,"n":"Batard campagne  320g","p":2.1,"img":"https://fd15-photos.leclercdrive.fr/image.ashx?id=2357785&use=l&cat=p&typeid=i","cat":284359},{"id":183768,"n":"Batard campagne noix 320g","p":1.85,"img":"https://fd15-photos.leclercdrive.fr/image.ashx?id=2357734&use=l&cat=p&typeid=i","cat":284359},{"id":183770,"n":"Batard complet 320g","p":1.9,"img":"https://fd15-photos.leclercdrive.fr/image.ashx?id=2357776&use=l&cat=p&typeid=i","cat":284359},{"id":183772,"n":"Batard complet raisins 320g","p":2.08,"img":"https://fd15-photos.leclercdrive.fr/image.ashx?id=2357737&use=l&cat=p&typeid=i","cat":284359},{"id":183779,"n":"Batard seigle 300g","p":1.69,"img":"https://fd15-photos.leclercdrive.fr/image.ashx?id=2357740&use=l&cat=p&typeid=i","cat":284359},{"id":183781,"n":"Batard seigle raisin 300g","p":2.3,"img":"https://fd15-photos.leclercdrive.fr/image.ashx?id=2357752&use=l&cat=p&typeid=i","cat":284359},{"id":183840,"n":"Curcuma moulu Ducros 45g","p":1.99,"u":"44,22 €/KG","img":"https://fd15-photos.leclercdrive.fr/image.ashx?id=2486644&use=l&cat=p&typeid=i","cat":298297},{"id":183846,"n":"Gel WC Canard Vague Océane - 750ml","p":4.18,"u":"5,57 €/L","img":"https://fd15-photos.leclercdrive.fr/image.ashx?id=2746310&use=l&cat=p&typeid=i","cat":284662},{"id":183848,"n":"Dissolvant Maybelline New York Express sans acétone - 125ml","p":5.95,"u":"47,60 €/L","img":"https://fd15-photos.leclercdrive.fr/image.ashx?id=2358123&use=l&cat=p&typeid=i","cat":325347},{"id":183849,"n":"Déodorant L'Arbre Vert Argan   Hamamélis - 50ml","p":4.29,"u":"85,80 €/L","img":"https://fd15-photos.leclercdrive.fr/image.ashx?id=2862491&use=l&cat=p&typeid=i","cat":284595},{"id":183854,"n":"Déodorant Rexona Men anti transpirant Cobalt Dry - 200ml","p":5.8,"u":"29,00 €/L","img":"https://fd15-photos.leclercdrive.fr/image.ashx?id=2858711&use=l&cat=p&typeid=i","cat":284618},{"id":183857,"n":"Gel Douche Le Petit Marseillais  Lait d'amande douce - 650ml","p":6.59,"u":"10,14 €/L","img":"https://fd15-photos.leclercdrive.fr/image.ashx?id=2684197&use=l&cat=p&typeid=i","cat":284594},{"id":183858,"n":"Coeur de Liégeois Mamie Nova Cappuccino x2 - 240g","p":2.49,"u":"10,38 €/KG","img":"https://fd15-photos.leclercdrive.fr/image.ashx?id=2909026&use=l&cat=p&typeid=i","cat":285042},{"id":183860,"n":"Gel Douche Le Petit Marseillais  Eco recharge vanille - 1L","p":8.87,"u":"8,87 €/L","img":"https://fd15-photos.leclercdrive.fr/image.ashx?id=2544882&use=l&cat=p&typeid=i","cat":284594},{"id":183862,"n":"Bloc WC Bref Brilliant Gel Toilettes propres - 42g x1","p":3.4,"u":"80,95 €/KG","img":"https://fd15-photos.leclercdrive.fr/image.ashx?id=2976782&use=l&cat=p&typeid=i","cat":284662},{"id":183866,"n":"Dentifrice blancheur Colgate Max white one - 75ml","p":3.3,"u":"44,00 €/L","img":"https://fd15-photos.leclercdrive.fr/image.ashx?id=2767255&use=l&cat=p&typeid=i","cat":284612},{"id":183873,"n":"Détachant poudre Vanish  Stop Odeurs - 470g","p":8.2,"u":"17,45 €/KG","img":"https://fd15-photos.leclercdrive.fr/image.ashx?id=2679936&use=l&cat=p&typeid=i","cat":284651},{"id":183877,"n":"Désodorisant diffuseur Airwick  Electrique Vanille - 19ml","p":5.76,"u":"303,16 €/L","img":"https://fd15-photos.leclercdrive.fr/image.ashx?id=2768237&use=l&cat=p&typeid=i","cat":311629},{"id":183907,"n":"Dentifrice blancheur Colgate Max white optic - 75ml","p":2.69,"u":"35,87 €/L","img":"https://fd15-photos.leclercdrive.fr/image.ashx?id=2738395&use=l&cat=p&typeid=i","cat":284612},{"id":183910,"n":"Perles de Cire Chaude Expert  Veet A la Cire d'abeille 250ml","p":11.63,"u":"50,57 €/KG","img":"https://fd15-photos.leclercdrive.fr/image.ashx?id=2960678&use=l&cat=p&typeid=i","cat":325351},{"id":183915,"n":"Shampooing Nat&Nove Bio Nutrition cheveux secs - 250 ml","p":7.25,"u":"29,00 €/L","img":"https://fd15-photos.leclercdrive.fr/image.ashx?id=2583153&use=l&cat=p&typeid=i","cat":284606},{"id":183917,"n":"Huile Miraculeuse Expert Veet Pré et Post Epilation 100ml","p":15.59,"u":"155,90 €/L","img":"https://fd15-photos.leclercdrive.fr/image.ashx?id=2828547&use=l&cat=p&typeid=i","cat":325351},{"id":183918,"n":"Linguine Alpina Savoie Collection 1844 - 500g","p":2.3,"u":"4,60 €/KG","img":"https://fd15-photos.leclercdrive.fr/image.ashx?id=2358159&use=l&cat=p&typeid=i","cat":284427},{"id":183935,"n":"Fond de Teint L'Oréal Paris Infaillible 24H 130 Beige Peau","p":20.1,"img":"https://fd15-photos.leclercdrive.fr/image.ashx?id=2358183&use=l&cat=p&typeid=i","cat":287029},{"id":183937,"n":"Sachets armoire Soupline Grand  air - x3","p":3.79,"u":"1,26 €/P","img":"https://fd15-photos.leclercdrive.fr/image.ashx?id=2944470&use=l&cat=p&typeid=i","cat":325302},{"id":184000,"n":"Déodorant L'Arbre Vert Fleurs de cerisiers, Hamamélis - 50ml","p":6.09,"u":"121,80 €/L","img":"https://fd15-photos.leclercdrive.fr/image.ashx?id=2865824&use=l&cat=p&typeid=i","cat":284595},{"id":184005,"n":"Gel Douche Le Petit Marseillais  Fleur d'oranger - 650ml","p":6.27,"u":"9,65 €/L","img":"https://fd15-photos.leclercdrive.fr/image.ashx?id=2684533&use=l&cat=p&typeid=i","cat":284594},{"id":184007,"n":"Eco-recharge douche Le Petit Marseillais Lait -1L","p":7.89,"u":"7,89 €/L","img":"https://fd15-photos.leclercdrive.fr/image.ashx?id=2358426&use=l&cat=p&typeid=i","cat":284594},{"id":184008,"n":"Gel Douche Le Petit Marseillais  Recharge fleur d'oranger - 1L","p":8.14,"u":"8,14 €/L","img":"https://fd15-photos.leclercdrive.fr/image.ashx?id=2792750&use=l&cat=p&typeid=i","cat":284594},{"id":184009,"n":"Gel WC Canard Forêt Aquatique - 750ml","p":4.18,"u":"5,57 €/L","img":"https://fd15-photos.leclercdrive.fr/image.ashx?id=2746313&use=l&cat=p&typeid=i","cat":284662},{"id":184080,"n":"Tablette choco noir Philippines L'Origine du goût - 85g","p":5.36,"u":"63,06 €/KG","img":"https://fd15-photos.leclercdrive.fr/image.ashx?id=2372217&use=l&cat=p&typeid=i","cat":284956},{"id":184081,"n":"Tablette chocolat noir Tanzanie L'Origine du goût - 85g","p":5.97,"u":"70,24 €/KG","img":"https://fd15-photos.leclercdrive.fr/image.ashx?id=2372220&use=l&cat=p&typeid=i","cat":284956},{"id":184082,"n":"Tablette choco noir Rép. Dominicaine Origine du goût-85g","p":5.97,"u":"70,24 €/KG","img":"https://fd15-photos.leclercdrive.fr/image.ashx?id=2372226&use=l&cat=p&typeid=i","cat":284956},{"id":184086,"n":"Graines de pavot bio Happy Bio - 250g","p":4.69,"u":"18,76 €/KG","img":"https://fd15-photos.leclercdrive.fr/image.ashx?id=2971002&use=l&cat=p&typeid=i","cat":284503},{"id":184096,"n":"Barre de céréales Trésor Stix Chocolat noisettes - 5x20,5g","p":2.95,"u":"28,92 €/KG","img":"https://fd15-photos.leclercdrive.fr/image.ashx?id=2358647&use=l&cat=p&typeid=i","cat":284488},{"id":184136,"n":"Filets maquereaux Petit Navire Huile olive vierge extra - 90g","p":2.8,"u":"31,11 €/KG","img":"https://fd15-photos.leclercdrive.fr/image.ashx?id=2881281&use=l&cat=p&typeid=i","cat":303868},{"id":184137,"n":"Café dosettes Tassimo Espresso Classique x21","p":9.45,"u":"75,00 €/KG","img":"https://fd15-photos.leclercdrive.fr/image.ashx?id=2360239&use=l&cat=p&typeid=i","cat":293240},{"id":184140,"n":"Café dosettes Tassimo Café Long Classique x21","p":8.35,"u":"59,22 €/KG","img":"https://fd15-photos.leclercdrive.fr/image.ashx?id=2360242&use=l&cat=p&typeid=i","cat":293240},{"id":184142,"n":"Desserts Lactés P'TIT BRASSE Fruits rouges 6M+ - 4x90g","p":2.84,"u":"7,89 €/KG","img":"https://fd15-photos.leclercdrive.fr/image.ashx?id=2599943&use=l&cat=p&typeid=i","cat":312392},{"id":184145,"n":"Galettes bretonnes sarrasin NRT 100g","p":3.49,"u":"34,90 €/KG","img":"https://fd15-photos.leclercdrive.fr/image.ashx?id=2622356&use=l&cat=p&typeid=i","cat":284487},{"id":184148,"n":"Biscuits croquants Délichoc Chocolat au lait - 150g","p":3.15,"u":"21,00 €/KG","img":"https://fd15-photos.leclercdrive.fr/image.ashx?id=2867365&use=l&cat=p&typeid=i","cat":284488},{"id":184188,"n":"Couette unie Tissaïa Basics Blanc - 200x200cm","p":29.9,"img":"https://fd15-photos.leclercdrive.fr/image.ashx?id=2361137&use=l&cat=p&typeid=i","cat":288835},{"id":184195,"n":"Complément alimentaire sommeil Mélatonine Valériane - x30","p":7.45,"u":"0,25 €/P","img":"https://fd15-photos.leclercdrive.fr/image.ashx?id=2369466&use=l&cat=p&typeid=i","cat":313217},{"id":184196,"n":"Complément alimentaire Vitea stress Magnésium marin - x40","p":7.65,"u":"0,19 €/P","img":"https://fd15-photos.leclercdrive.fr/image.ashx?id=2369469&use=l&cat=p&typeid=i","cat":284632},{"id":184198,"n":"Complément alimentaire Vitea Multi'Vit énergie - x30","p":6.4,"u":"0,21 €/P","img":"https://fd15-photos.leclercdrive.fr/image.ashx?id=2369472&use=l&cat=p&typeid=i","cat":284632},{"id":184201,"n":"Comprimé effervescent Vitea Magnésium vitamines B+ - x24","p":5.9,"u":"0,25 €/P","img":"https://fd15-photos.leclercdrive.fr/image.ashx?id=2802410&use=l&cat=p&typeid=i","cat":313217},{"id":184206,"n":"Mayonnaise Rustica au citron - 235g","p":2.29,"u":"9,74 €/KG","img":"https://fd15-photos.leclercdrive.fr/image.ashx?id=2509116&use=l&cat=p&typeid=i","cat":298295},{"id":184207,"n":"Lait de suite Hipp Biologique  Bio 600g - 10 mois à 3 ans","p":19.7,"u":"32,83 €/KG","img":"https://fd15-photos.leclercdrive.fr/image.ashx?id=2926825&use=l&cat=p&typeid=i","cat":290219},{"id":184208,"n":"Echalote Ducros  1ère Saveur - 10g","p":3.0,"u":"300,00 €/KG","img":"https://fd15-photos.leclercdrive.fr/image.ashx?id=2490506&use=l&cat=p&typeid=i","cat":298297},{"id":184218,"n":"Le Râpé Moelleux Fleury Michon MSC - 170g","p":3.9,"u":"22,94 €/KG","img":"https://fd15-photos.leclercdrive.fr/image.ashx?id=2954836&use=l&cat=p&typeid=i","cat":285189},{"id":184238,"n":"Ampoule Philips 15.4W - E14 - T22 CL OV 2PF/10","p":3.99,"img":"https://fd15-photos.leclercdrive.fr/image.ashx?id=2839493&use=l&cat=p&typeid=i","cat":300573},{"id":184347,"n":"Bière blonde Queue de Charrue Triple - 9%vol - 33cl","p":3.19,"u":"9,67 €/L","img":"https://fd15-photos.leclercdrive.fr/image.ashx?id=2363117&use=l&cat=p&typeid=i","cat":334872},{"id":184351,"n":"Oignons frits Kühne Goût Bacon - 100g","p":2.57,"u":"25,70 €/KG","img":"https://fd15-photos.leclercdrive.fr/image.ashx?id=2868897&use=l&cat=p&typeid=i","cat":298297},{"id":184353,"n":"Soda Coca-Cola Vanille Canette - Pack 6x33CL","p":8.66,"u":"4,37 €/L","img":"https://fd15-photos.leclercdrive.fr/image.ashx?id=2997238&use=l&cat=p&typeid=i","cat":284530},{"id":184354,"n":"Boisson energisante Monster juiced Monarch 50cl","p":2.6,"u":"5,20 €/L","img":"https://fd15-photos.leclercdrive.fr/image.ashx?id=2759041&use=l&cat=p&typeid=i","cat":284533},{"id":184355,"n":"Boisson énergisante Red Bull  Goût Fruit du Dragon, 250ml","p":2.15,"u":"8,60 €/L","img":"https://fd15-photos.leclercdrive.fr/image.ashx?id=3011992&use=l&cat=p&typeid=i","cat":284533},{"id":184358,"n":"Caprisun Jungle Poche - 10x20cl","p":5.2,"u":"2,60 €/L","img":"https://fd15-photos.leclercdrive.fr/image.ashx?id=2363053&use=l&cat=p&typeid=i","cat":284524},{"id":184393,"n":"Gousses de vanille Vahiné En poudre sucrées - 8g","p":6.55,"u":"818,75 €/KG","img":"https://fd15-photos.leclercdrive.fr/image.ashx?id=2490587&use=l&cat=p&typeid=i","cat":284504},{"id":184398,"n":"Complément alimentaire Vitavea Brûle graisse jour/nuit x30","p":8.25,"u":"0,28 €/P","img":"https://fd15-photos.leclercdrive.fr/image.ashx?id=2756293&use=l&cat=p&typeid=i","cat":313217},{"id":184402,"n":"Lait 1 Hipp Biologique Bio essentia 600g-de 0 à 6 mois","p":21.2,"u":"35,33 €/KG","img":"https://fd15-photos.leclercdrive.fr/image.ashx?id=2926819&use=l&cat=p&typeid=i","cat":284726},{"id":184403,"n":"Lait 2 Hipp Biologique Bio essentia 600g - dès 6 mois","p":15.96,"u":"26,60 €/KG","img":"https://fd15-photos.leclercdrive.fr/image.ashx?id=2926822&use=l&cat=p&typeid=i","cat":284727},{"id":184406,"n":"Romarin de Provence Ducros - 18g","p":2.8,"u":"155,56 €/KG","img":"https://fd15-photos.leclercdrive.fr/image.ashx?id=2486614&use=l&cat=p&typeid=i","cat":298297},{"id":184411,"n":"Croquettes chiens Ultima mini stérilisé poulet - 1,35kg","p":10.64,"u":"7,88 €/KG","img":"https://fd15-photos.leclercdrive.fr/image.ashx?id=2902184&use=l&cat=p&typeid=i","cat":294526},{"id":184420,"n":"Sirop de citron Eco+ - 1L","p":2.95,"u":"2,95 €/L","img":"https://fd15-photos.leclercdrive.fr/image.ashx?id=2901416&use=l&cat=p&typeid=i","cat":295020},{"id":184426,"n":"Bière Desperados Virgin fresh berries - 00%vol - 3x33cl","p":6.65,"u":"6,72 €/L","img":"https://fd15-photos.leclercdrive.fr/image.ashx?id=2935927&use=l&cat=p&typeid=i","cat":334877},{"id":184431,"n":"Boisson aux fruits Oasis Saveur Pomme Poire - 2L","p":3.8,"u":"1,90 €/L","img":"https://fd15-photos.leclercdrive.fr/image.ashx?id=3014455&use=l&cat=p&typeid=i","cat":295018},{"id":184432,"n":"Boisson orange brick Eco+ - 6x20cl","p":2.45,"u":"2,04 €/L","img":"https://fd15-photos.leclercdrive.fr/image.ashx?id=2863096&use=l&cat=p&typeid=i","cat":284521},{"id":184444,"n":"Monbazillac blanc moelleux 2018 Château Pion - 75cl","p":10.85,"u":"14,47 €/L","img":"https://fd15-photos.leclercdrive.fr/image.ashx?id=2877970&use=l&cat=p&typeid=i","cat":289557},{"id":184490,"n":"Sardine Parmentier  Sauce Arrabiata - 135g","p":2.45,"u":"18,15 €/KG","img":"https://fd15-photos.leclercdrive.fr/image.ashx?id=2961840&use=l&cat=p&typeid=i","cat":305146},{"id":184537,"n":"Émincés de saumon fumé MSC Sauvage Ronde des mers - 100g","p":8.39,"u":"83,90 €/KG","img":"https://fd15-photos.leclercdrive.fr/image.ashx?id=2362417&use=l&cat=p&typeid=i","cat":285188},{"id":184540,"n":"Fromage Fouetté Nature à tartiner Les Croisés - 150g","p":2.25,"u":"15,00 €/KG","img":"https://fd15-photos.leclercdrive.fr/image.ashx?id=2662634&use=l&cat=p&typeid=i","cat":314029},{"id":184548,"n":"Dessert Liégeois Délisse Café noisette - 4x100g","p":1.89,"u":"4,73 €/KG","img":"https://fd15-photos.leclercdrive.fr/image.ashx?id=2602370&use=l&cat=p&typeid=i","cat":285042},{"id":184551,"n":"Lessive en poudre Xeor fraîcheur x50 - 2.5kg","p":10.19,"u":"4,08 €/KG","img":"https://fd15-photos.leclercdrive.fr/image.ashx?id=2450101&use=l&cat=p&typeid=i","cat":284642},{"id":184553,"n":"Blocs WC Syphon fraîcheur marine x2 - 110g","p":3.85,"u":"35,00 €/KG","img":"https://fd15-photos.leclercdrive.fr/image.ashx?id=2670359&use=l&cat=p&typeid=i","cat":284662},{"id":184555,"n":"Blocs WC Syphon fraîcheur pin - x2","p":3.07,"u":"1,54 €/P","img":"https://fd15-photos.leclercdrive.fr/image.ashx?id=2670362&use=l&cat=p&typeid=i","cat":284662},{"id":184559,"n":"Liquide vaisselle Paic Eucalyptus - 750ml","p":3.85,"u":"5,13 €/L","img":"https://fd15-photos.leclercdrive.fr/image.ashx?id=2363243&use=l&cat=p&typeid=i","cat":284655},{"id":184561,"n":"Glaces Kinder Bueno x4 noisettes chocolat blanc - 248g","p":7.6,"u":"30,65 €/KG","img":"https://fd15-photos.leclercdrive.fr/image.ashx?id=2759071&use=l&cat=p&typeid=i","cat":284264},{"id":184564,"n":"Muesli floconneux Bio village Fruits rouges Bio - 500g","p":5.49,"u":"10,98 €/KG","img":"https://fd15-photos.leclercdrive.fr/image.ashx?id=2894752&use=l&cat=p&typeid=i","cat":309512},{"id":184566,"n":"Boisson végétale Bio Village Noisette bio - 1l","p":3.45,"u":"3,45 €/L","img":"https://fd15-photos.leclercdrive.fr/image.ashx?id=2362504&use=l&cat=p&typeid=i","cat":316067},{"id":184568,"n":"Muesli croustillant Bio village Bio Chocolat quinoa - 500g","p":4.35,"u":"8,70 €/KG","img":"https://fd15-photos.leclercdrive.fr/image.ashx?id=2720196&use=l&cat=p&typeid=i","cat":309512},{"id":184569,"n":"Muesli croustillant Bio Village Bio Chocolat - 500g","p":3.75,"u":"7,50 €/KG","img":"https://fd15-photos.leclercdrive.fr/image.ashx?id=2559984&use=l&cat=p&typeid=i","cat":309512},{"id":184570,"n":"Muesli croustillant Bio village 3 noix Bio - 500g","p":5.89,"u":"11,78 €/KG","img":"https://fd15-photos.leclercdrive.fr/image.ashx?id=2591488&use=l&cat=p&typeid=i","cat":309512},{"id":184571,"n":"Sauce barbecue Amora 285g","p":2.4,"u":"8,42 €/KG","img":"https://fd15-photos.leclercdrive.fr/image.ashx?id=3004447&use=l&cat=p&typeid=i","cat":318431},{"id":184572,"n":"Huile Oméga 3 Tramier  3 Huiles de graines 1l","p":5.95,"u":"5,95 €/L","img":"https://fd15-photos.leclercdrive.fr/image.ashx?id=2901154&use=l&cat=p&typeid=i","cat":284453},{"id":184614,"n":"Batard multicéréales 320g","p":2.1,"u":"6,56 €/KG","img":"https://fd15-photos.leclercdrive.fr/image.ashx?id=2363500&use=l&cat=p&typeid=i","cat":284359},{"id":184734,"n":"Riz au lait de Brebis nature Le Petit Basque - 2x140g","p":3.35,"u":"11,96 €/KG","img":"https://fd15-photos.leclercdrive.fr/image.ashx?id=2364881&use=l&cat=p&typeid=i","cat":314998},{"id":184735,"n":"Crème au chocolat Le Petit Basque - 2x100g","p":2.85,"u":"14,25 €/KG","img":"https://fd15-photos.leclercdrive.fr/image.ashx?id=2364884&use=l&cat=p&typeid=i","cat":285041},{"id":184828,"n":"Persillade Ducros Première saveur 19g","p":5.95,"u":"313,16 €/KG","img":"https://fd15-photos.leclercdrive.fr/image.ashx?id=2559502&use=l&cat=p&typeid=i","cat":298297},{"id":184829,"n":"Fines herbes Ducros Première saveur - 16g","p":5.6,"u":"350,00 €/KG","img":"https://fd15-photos.leclercdrive.fr/image.ashx?id=2486626&use=l&cat=p&typeid=i","cat":298297},{"id":184830,"n":"Persillade provençale Ducros Première saveur 19g","p":6.05,"u":"318,42 €/KG","img":"https://fd15-photos.leclercdrive.fr/image.ashx?id=2486629&use=l&cat=p&typeid=i","cat":298297},{"id":184831,"n":"Ail semoule Ducros 140g","p":3.4,"u":"24,29 €/KG","img":"https://fd15-photos.leclercdrive.fr/image.ashx?id=2559511&use=l&cat=p&typeid=i","cat":298297},{"id":184834,"n":"Macédoine fruits confits Vahiné 150g","p":3.4,"u":"22,67 €/KG","img":"https://fd15-photos.leclercdrive.fr/image.ashx?id=2490569&use=l&cat=p&typeid=i","cat":284504},{"id":184837,"n":"Compotes Pom'Potes Gourdes  Pomme Banane - 4x90g","p":2.7,"u":"7,50 €/KG","img":"https://fd15-photos.leclercdrive.fr/image.ashx?id=2978637&use=l&cat=p&typeid=i","cat":284508},{"id":184880,"n":"Cahier Esquisse 96 pages Bleu - 24x32cm","p":2.3,"img":"https://fd15-photos.leclercdrive.fr/image.ashx?id=2544762&use=l&cat=p&typeid=i","cat":284697},{"id":184918,"n":"Haricots verts Bonduelle Extra croquants - 3x440g","p":7.5,"u":"5,68 €/KG","img":"https://fd15-photos.leclercdrive.fr/image.ashx?id=2858440&use=l&cat=p&typeid=i","cat":312606},{"id":184926,"n":"Sugo alla bolognese 340g","p":2.99,"u":"8,79 €/KG","img":"https://fd15-photos.leclercdrive.fr/image.ashx?id=2840022&use=l&cat=p&typeid=i","cat":287599},{"id":184927,"n":"Sugo alle olive 340g","p":1.99,"u":"5,85 €/KG","img":"https://fd15-photos.leclercdrive.fr/image.ashx?id=2840028&use=l&cat=p&typeid=i","cat":288384},{"id":184928,"n":"Sauce Tradizioni d'Italia Arrabbiata - 340g","p":1.89,"u":"5,56 €/KG","img":"https://fd15-photos.leclercdrive.fr/image.ashx?id=2840031&use=l&cat=p&typeid=i","cat":288384},{"id":184959,"n":"Moules du Pacifique ASC Costa 800g","p":13.1,"u":"16,38 €/KG","img":"https://fd15-photos.leclercdrive.fr/image.ashx?id=2741135&use=l&cat=p&typeid=i","cat":319787},{"id":184966,"n":"Cônes pâtissiers 3 Toques x12","p":3.79,"u":"25,27 €/KG","img":"https://fd15-photos.leclercdrive.fr/image.ashx?id=2375160&use=l&cat=p&typeid=i","cat":284487},{"id":184982,"n":"Eau de Javel La Croix Désinfectant Original 3x250ml","p":3.1,"u":"4,13 €/L","img":"https://fd15-photos.leclercdrive.fr/image.ashx?id=2738386&use=l&cat=p&typeid=i","cat":284661},{"id":184997,"n":"Infusion bio Elephant Detox - x20","p":4.95,"u":"145,59 €/KG","img":"https://fd15-photos.leclercdrive.fr/image.ashx?id=2507566&use=l&cat=p&typeid=i","cat":293234},{"id":184999,"n":"Infusion bio Elephant Relax - x20","p":4.85,"u":"186,54 €/KG","img":"https://fd15-photos.leclercdrive.fr/image.ashx?id=2507572&use=l&cat=p&typeid=i","cat":293234},{"id":185000,"n":"Infusion Bio Eléphant Menthe Thym - x20 sachets","p":4.95,"u":"190,38 €/KG","img":"https://fd15-photos.leclercdrive.fr/image.ashx?id=2507563&use=l&cat=p&typeid=i","cat":293234},{"id":185003,"n":"Infusion Eléphant Douce Nuit x20- 32g","p":4.85,"u":"151,56 €/KG","img":"https://fd15-photos.leclercdrive.fr/image.ashx?id=2507569&use=l&cat=p&typeid=i","cat":293234},{"id":185004,"n":"Infusion Bio Elephant Verveine - x20 sachets","p":4.95,"u":"190,38 €/KG","img":"https://fd15-photos.leclercdrive.fr/image.ashx?id=2520755&use=l&cat=p&typeid=i","cat":293234},{"id":185186,"n":"Gaufrettes Mini Kinder Bueno  Chocolat au lait - 108g","p":3.9,"u":"36,11 €/KG","img":"https://fd15-photos.leclercdrive.fr/image.ashx?id=2680395&use=l&cat=p&typeid=i","cat":284498},{"id":185264,"n":"Piles Energizer AA - x10","p":10.9,"u":"1,09 €/P","img":"https://fd15-photos.leclercdrive.fr/image.ashx?id=2850719&use=l&cat=p&typeid=i","cat":300572},{"id":185274,"n":"Chips Tuiles Pringles Bacon - 175g","p":3.77,"u":"21,54 €/KG","img":"https://fd15-photos.leclercdrive.fr/image.ashx?id=2661754&use=l&cat=p&typeid=i","cat":287899},{"id":185282,"n":"Nouilles Ramen Tanoshi Japon Nature Bio - 340g","p":4.49,"u":"13,21 €/KG","img":"https://fd15-photos.leclercdrive.fr/image.ashx?id=2906241&use=l&cat=p&typeid=i","cat":288992},{"id":185309,"n":"AOP Champagne rosé Tradition Charles de Cazanove - 75cl","p":39.95,"u":"53,27 €/L","img":"https://fd15-photos.leclercdrive.fr/image.ashx?id=2373947&use=l&cat=p&typeid=i","cat":284542},{"id":185443,"n":"Thé vert citron Yate x25 - 37,5g","p":1.59,"u":"41,84 €/KG","img":"https://fd15-photos.leclercdrive.fr/image.ashx?id=2646008&use=l&cat=p&typeid=i","cat":293233},{"id":185508,"n":"Biscuits fourrés BN  Vanille - 285g","p":3.1,"u":"10,88 €/KG","img":"https://fd15-photos.leclercdrive.fr/image.ashx?id=2475005&use=l&cat=p&typeid=i","cat":284488},{"id":185510,"n":"AOP Fitou rouge  Château de Cascastel - 75cl","p":11.73,"u":"15,64 €/L","img":"https://fd15-photos.leclercdrive.fr/image.ashx?id=2896633&use=l&cat=p&typeid=i","cat":289556},{"id":185520,"n":"Panini XXL La Boulangère x2 - 260g","p":2.49,"u":"9,58 €/KG","img":"https://fd15-photos.leclercdrive.fr/image.ashx?id=2639011&use=l&cat=p&typeid=i","cat":284985},{"id":185533,"n":"Melange Maitre Prunille Anti-stress - 180g","p":5.31,"u":"29,50 €/KG","img":"https://fd15-photos.leclercdrive.fr/image.ashx?id=2374914&use=l&cat=p&typeid=i","cat":284448},{"id":185634,"n":"Pain Bruschetta Florelli à l'huile d'olive - 400g","p":4.17,"u":"10,43 €/KG","img":"https://fd15-photos.leclercdrive.fr/image.ashx?id=3012206&use=l&cat=p&typeid=i","cat":289010},{"id":185768,"n":"Riz forestière individuel William Saurin - 300g","p":6.29,"u":"20,97 €/KG","img":"https://fd15-photos.leclercdrive.fr/image.ashx?id=2528726&use=l&cat=p&typeid=i","cat":284953},{"id":185789,"n":"Myrtilles Panier du Primeur 125g","p":4.99,"u":"39,92 €/KG","img":"https://fd15-photos.leclercdrive.fr/image.ashx?id=2375773&use=l&cat=p&typeid=i","cat":284356},{"id":185831,"n":"Préparation Gâteau alsa Moelleux Marbré - 435g","p":4.45,"u":"10,23 €/KG","img":"https://fd15-photos.leclercdrive.fr/image.ashx?id=2996428&use=l&cat=p&typeid=i","cat":284505},{"id":185835,"n":"Amandes grillées salées Tokapi 150g","p":3.29,"u":"21,93 €/KG","img":"https://fd15-photos.leclercdrive.fr/image.ashx?id=2793308&use=l&cat=p&typeid=i","cat":284448},{"id":185840,"n":"RECH SPRAY AUTO BIEN AIR AGRUMES 250ML","p":3.65,"u":"14,60 €/L","img":"https://fd15-photos.leclercdrive.fr/image.ashx?id=2531104&use=l&cat=p&typeid=i","cat":311629},{"id":185841,"n":"Cornichons extra fins Rustica 6 aromates - 550g","p":3.75,"u":"6,82 €/KG","img":"https://fd15-photos.leclercdrive.fr/image.ashx?id=2916728&use=l&cat=p&typeid=i","cat":284458},{"id":185842,"n":"Soufflés Snack's Tokapi  Cacahuète - 160g","p":1.45,"u":"9,06 €/KG","img":"https://fd15-photos.leclercdrive.fr/image.ashx?id=2864942&use=l&cat=p&typeid=i","cat":284449},{"id":185865,"n":"Oeufs frais plein air Bio Tout Frais Tout Français - x10","p":5.15,"u":"0,52 €/P","img":"https://fd15-photos.leclercdrive.fr/image.ashx?id=2487959&use=l&cat=p&typeid=i","cat":284378},{"id":185953,"n":"Protège-document Esquisse Gris - A4 - 60 vues","p":2.84,"img":"https://fd15-photos.leclercdrive.fr/image.ashx?id=2366667&use=l&cat=p&typeid=i","cat":284745},{"id":185999,"n":"Boisson végétale Bio Village Riz nature bio - 1l","p":2.05,"u":"2,05 €/L","img":"https://fd15-photos.leclercdrive.fr/image.ashx?id=2601016&use=l&cat=p&typeid=i","cat":316067},{"id":186002,"n":"Porto blanc Dorrao 18%vol - 75cl","p":12.59,"u":"16,79 €/L","img":"https://fd15-photos.leclercdrive.fr/image.ashx?id=2901488&use=l&cat=p&typeid=i","cat":284913},{"id":186043,"n":"Lardons Nature Herta  Sans nitrite - 2x75g","p":3.25,"u":"21,67 €/KG","img":"https://fd15-photos.leclercdrive.fr/image.ashx?id=2785802&use=l&cat=p&typeid=i","cat":316011},{"id":186051,"n":"Gel WC Désinfectant Canard Action Intense Marine - 750ml","p":3.4,"u":"4,53 €/L","img":"https://fd15-photos.leclercdrive.fr/image.ashx?id=2929473&use=l&cat=p&typeid=i","cat":284662},{"id":186055,"n":"Boisson énergisante Red Bull Goût Pastèque, 250ml","p":2.1,"u":"8,40 €/L","img":"https://fd15-photos.leclercdrive.fr/image.ashx?id=2471655&use=l&cat=p&typeid=i","cat":284533},{"id":186056,"n":"Boisson énergisante Red Bull Goût Coco-Acaï, 250ml","p":2.1,"u":"8,40 €/L","img":"https://fd15-photos.leclercdrive.fr/image.ashx?id=2471658&use=l&cat=p&typeid=i","cat":284533},{"id":186108,"n":"Savon solide Bio Mots d'enfants 100g","p":2.0,"u":"20,00 €/KG","img":"https://fd15-photos.leclercdrive.fr/image.ashx?id=3015126&use=l&cat=p&typeid=i","cat":284740},{"id":186202,"n":"Mozzarella Les Croisés Tranchettes - 200g","p":2.62,"u":"13,10 €/KG","img":"https://fd15-photos.leclercdrive.fr/image.ashx?id=2383094&use=l&cat=p&typeid=i","cat":314026},{"id":186227,"n":"Vinaigre de cidre Bio Ponti 500ml","p":1.74,"u":"3,48 €/L","img":"https://fd15-photos.leclercdrive.fr/image.ashx?id=2384496&use=l&cat=p&typeid=i","cat":298543},{"id":186258,"n":"Lessive Capsules Tout-en-1 Skip Fraîcheur Intense x26 Capsules","p":22.15,"u":"40,20 €/KG","img":"https://fd15-photos.leclercdrive.fr/image.ashx?id=2978934&use=l&cat=p&typeid=i","cat":284641},{"id":186260,"n":"Lessive Capsules Skip Tout-en-1 Active Clean x26","p":22.15,"u":"40,20 €/KG","img":"https://fd15-photos.leclercdrive.fr/image.ashx?id=2940651&use=l&cat=p&typeid=i","cat":284641},{"id":186263,"n":"Lessive Capsules Tout-en-1 Skip Fraîcheur Intense 38 Lavages","p":30.5,"u":"37,84 €/KG","img":"https://fd15-photos.leclercdrive.fr/image.ashx?id=2929236&use=l&cat=p&typeid=i","cat":284641},{"id":186265,"n":"Lingettes bébé Harmonie Aqua Pampers - 48 lingettes","p":3.71,"u":"0,08 €/P","img":"https://fd15-photos.leclercdrive.fr/image.ashx?id=2805903&use=l&cat=p&typeid=i","cat":284738},{"id":186288,"n":"Maïs sans résidu de pesticide  Bonduelle - 3x140g","p":3.1,"u":"7,38 €/KG","img":"https://fd15-photos.leclercdrive.fr/image.ashx?id=2760835&use=l&cat=p&typeid=i","cat":312611},{"id":186293,"n":"Répare crevaison Tech9 400ml","p":5.3,"u":"13,25 €/L","img":"https://fd15-photos.leclercdrive.fr/image.ashx?id=2527337&use=l&cat=p&typeid=i","cat":298252},{"id":186296,"n":"Lessive Capsules Skip Tout-en-1 Active Clean x38","p":30.5,"u":"37,84 €/KG","img":"https://fd15-photos.leclercdrive.fr/image.ashx?id=2757114&use=l&cat=p&typeid=i","cat":284641},{"id":186297,"n":"Lessive Capsules Tout-en-1 Skip Peaux Sensibles & Bébé x38","p":30.5,"u":"37,84 €/KG","img":"https://fd15-photos.leclercdrive.fr/image.ashx?id=2757111&use=l&cat=p&typeid=i","cat":284641},{"id":186308,"n":"Masque 2 en 1 Energie Fruit Sans silicone - 300ml","p":9.95,"u":"33,17 €/L","img":"https://fd15-photos.leclercdrive.fr/image.ashx?id=2795875&use=l&cat=p&typeid=i","cat":284608},{"id":186310,"n":"Gel WC Désinfectant Canard Action Intense Fresh - 750ml","p":2.99,"u":"3,99 €/L","img":"https://fd15-photos.leclercdrive.fr/image.ashx?id=2488013&use=l&cat=p&typeid=i","cat":284662},{"id":186313,"n":"Demi-poires au sirop Del Monte 825g","p":4.38,"u":"5,31 €/KG","img":"https://fd15-photos.leclercdrive.fr/image.ashx?id=2805087&use=l&cat=p&typeid=i","cat":284507},{"id":186314,"n":"Brosse à dent enfant Dentamyl Bambou - x1","p":2.85,"img":"https://fd15-photos.leclercdrive.fr/image.ashx?id=2384710&use=l&cat=p&typeid=i","cat":288897},{"id":186317,"n":"Demi-abricot au sirop Del Monte 420g","p":3.09,"u":"7,36 €/KG","img":"https://fd15-photos.leclercdrive.fr/image.ashx?id=2803526&use=l&cat=p&typeid=i","cat":284507},{"id":186322,"n":"Lingettes pour bébé Pampers Harmonie Aqua - 3x48","p":10.5,"u":"0,07 €/P","img":"https://fd15-photos.leclercdrive.fr/image.ashx?id=2903809&use=l&cat=p&typeid=i","cat":284738},{"id":186323,"n":"Sous-vêtements de nuit Ninjamas Fille 8-12 ans - x9","p":11.94,"u":"1,33 €/P","img":"https://fd15-photos.leclercdrive.fr/image.ashx?id=2479541&use=l&cat=p&typeid=i","cat":290633},{"id":186459,"n":"Pâtes Tortiglioni Panzani 500g","p":1.79,"u":"3,58 €/KG","img":"https://fd15-photos.leclercdrive.fr/image.ashx?id=2902951&use=l&cat=p&typeid=i","cat":284427},{"id":186461,"n":"Ail lyophilisé Ducros 19g","p":3.45,"u":"181,58 €/KG","img":"https://fd15-photos.leclercdrive.fr/image.ashx?id=2486617&use=l&cat=p&typeid=i","cat":298297},{"id":186468,"n":"Pulpe de tomates Cirio 680g","p":2.64,"u":"3,88 €/KG","img":"https://fd15-photos.leclercdrive.fr/image.ashx?id=2857830&use=l&cat=p&typeid=i","cat":288384},{"id":186470,"n":"Sauce tomates cuisinées Mutti 400g","p":2.66,"u":"6,65 €/KG","img":"https://fd15-photos.leclercdrive.fr/image.ashx?id=2854774&use=l&cat=p&typeid=i","cat":288384},{"id":186493,"n":"Pain  432g","p":1.09,"u":"2,52 €/KG","img":"https://fd15-photos.leclercdrive.fr/image.ashx?id=2387292&use=l&cat=p&typeid=i","cat":284359},{"id":186494,"n":"Petits pains opéra x10 - 300g","p":3.75,"u":"12,50 €/KG","img":"https://fd15-photos.leclercdrive.fr/image.ashx?id=2387295&use=l&cat=p&typeid=i","cat":284359},{"id":186495,"n":"Capsules café L'Or Espresso Chocolat x10","p":5.69,"u":"109,42 €/KG","img":"https://fd15-photos.leclercdrive.fr/image.ashx?id=2387043&use=l&cat=p&typeid=i","cat":284749},{"id":186496,"n":"Capsules café L'Or Espresso Saveur Vanille x10","p":5.69,"u":"109,42 €/KG","img":"https://fd15-photos.leclercdrive.fr/image.ashx?id=2387046&use=l&cat=p&typeid=i","cat":293241},{"id":186497,"n":"Capsules café L'Or Espresso Saveur Caramel x10","p":5.69,"u":"109,42 €/KG","img":"https://fd15-photos.leclercdrive.fr/image.ashx?id=2387049&use=l&cat=p&typeid=i","cat":293241},{"id":186548,"n":"Bougie Floral 30h Bien Air","p":2.79,"img":"https://fd15-photos.leclercdrive.fr/image.ashx?id=2939091&use=l&cat=p&typeid=i","cat":284666},{"id":186566,"n":"Smoothie Purple True Fruits - 75cl","p":6.3,"u":"8,40 €/L","img":"https://fd15-photos.leclercdrive.fr/image.ashx?id=3008996&use=l&cat=p&typeid=i","cat":285435},{"id":186568,"n":"Smoothie Green True Fruits - 75cl","p":6.3,"u":"8,40 €/L","img":"https://fd15-photos.leclercdrive.fr/image.ashx?id=3008999&use=l&cat=p&typeid=i","cat":285435},{"id":186569,"n":"Calamars Romana MSC Escal - 700g","p":15.65,"u":"22,36 €/KG","img":"https://fd15-photos.leclercdrive.fr/image.ashx?id=2833447&use=l&cat=p&typeid=i","cat":319788},{"id":186652,"n":"Boisson végétale soja Alpro  macchiato - 1L","p":3.38,"u":"3,38 €/L","img":"https://fd15-photos.leclercdrive.fr/image.ashx?id=2981665&use=l&cat=p&typeid=i","cat":316067},{"id":186653,"n":"Boisson végétale soja Alpro  banane - 1 L","p":3.38,"u":"3,38 €/L","img":"https://fd15-photos.leclercdrive.fr/image.ashx?id=2981668&use=l&cat=p&typeid=i","cat":316067},{"id":186657,"n":"Crème dessert Delisse Chocolat - 6x125g","p":2.49,"u":"3,32 €/KG","img":"https://fd15-photos.leclercdrive.fr/image.ashx?id=2441492&use=l&cat=p&typeid=i","cat":285041},{"id":186659,"n":"Crème dessert Delisse Vanille - 6x125g","p":2.39,"u":"3,19 €/KG","img":"https://fd15-photos.leclercdrive.fr/image.ashx?id=2441498&use=l&cat=p&typeid=i","cat":285041},{"id":186660,"n":"Dessert végétal soja Alpro  Citron et Citron Vert - 500g","p":3.21,"u":"6,42 €/KG","img":"https://fd15-photos.leclercdrive.fr/image.ashx?id=2977678&use=l&cat=p&typeid=i","cat":316071},{"id":186661,"n":"Crème dessert Delisse Caramel - 6x125g","p":2.55,"u":"3,40 €/KG","img":"https://fd15-photos.leclercdrive.fr/image.ashx?id=2441504&use=l&cat=p&typeid=i","cat":285041},{"id":186683,"n":"Shampooing Fructis Garnier Hair Food Pastèque - 350ml","p":6.25,"u":"17,86 €/L","img":"https://fd15-photos.leclercdrive.fr/image.ashx?id=2388039&use=l&cat=p&typeid=i","cat":284606},{"id":186688,"n":"Déodorant stick Homme Mennen Sans Alcool Anti-Traces - 60ml","p":5.99,"u":"99,83 €/L","img":"https://fd15-photos.leclercdrive.fr/image.ashx?id=2869110&use=l&cat=p&typeid=i","cat":284618},{"id":186706,"n":"Sucre en Poudre Bec Verseur Beghin Say - 500g","p":2.66,"u":"5,32 €/KG","img":"https://fd15-photos.leclercdrive.fr/image.ashx?id=2593962&use=l&cat=p&typeid=i","cat":284502},{"id":186710,"n":"Boisson Végétale Alpro Avoine - 1L","p":3.48,"u":"3,48 €/L","img":"https://fd15-photos.leclercdrive.fr/image.ashx?id=2790264&use=l&cat=p&typeid=i","cat":316067},{"id":186711,"n":"Boisson Végétale Alpro Soja Nature Protéiné - 1L","p":3.38,"u":"0,85 €/L","img":"https://fd15-photos.leclercdrive.fr/image.ashx?id=2981674&use=l&cat=p&typeid=i","cat":316067},{"id":186828,"n":"Taie d'oreiller Tissaïa Vert sauge 70x50cm coton bio","p":7.9,"img":"https://fd15-photos.leclercdrive.fr/image.ashx?id=2395300&use=l&cat=p&typeid=i","cat":286694},{"id":186830,"n":"Taie d'oreiller Tissaïa Vert sauge 63x63cm coton bio","p":6.9,"img":"https://fd15-photos.leclercdrive.fr/image.ashx?id=2395297&use=l&cat=p&typeid=i","cat":286694},{"id":186831,"n":"Drap housse Tissaïa Vert sauge 160x200cm coton bio","p":21.9,"img":"https://fd15-photos.leclercdrive.fr/image.ashx?id=2395294&use=l&cat=p&typeid=i","cat":286694},{"id":186835,"n":"Drap housse Tissaïa Vert sauge 90x190cm coton bio","p":15.9,"img":"https://fd15-photos.leclercdrive.fr/image.ashx?id=2395288&use=l&cat=p&typeid=i","cat":286694},{"id":186840,"n":"AOP Cahors La Part des Biches Vin rouge - 75cl","p":9.69,"u":"12,92 €/L","img":"https://fd15-photos.leclercdrive.fr/image.ashx?id=2390338&use=l&cat=p&typeid=i","cat":289556},{"id":186853,"n":"Lessive Capsules Tout-en-1 Skip Touche de Cajoline 24 Lavages","p":22.15,"u":"43,52 €/KG","img":"https://fd15-photos.leclercdrive.fr/image.ashx?id=2956688&use=l&cat=p&typeid=i","cat":284641},{"id":186857,"n":"Lessive Capsules Skip Tout-en-1 Cajoline 36 Lavages","p":30.5,"u":"39,97 €/KG","img":"https://fd15-photos.leclercdrive.fr/image.ashx?id=2929239&use=l&cat=p&typeid=i","cat":284641},{"id":186870,"n":"Préparation pour moelleux Tablier Blanc citron - 435g","p":2.45,"u":"5,63 €/KG","img":"https://fd15-photos.leclercdrive.fr/image.ashx?id=2487497&use=l&cat=p&typeid=i","cat":284504},{"id":186920,"n":"Tuiles Monster Munch Crazy Original - 150g","p":2.99,"u":"19,93 €/KG","img":"https://fd15-photos.leclercdrive.fr/image.ashx?id=2921735&use=l&cat=p&typeid=i","cat":287899},{"id":186923,"n":"Tuiles Monster Munch  Crazy crème oignon - 150g","p":2.99,"u":"19,93 €/KG","img":"https://fd15-photos.leclercdrive.fr/image.ashx?id=2916881&use=l&cat=p&typeid=i","cat":287899},{"id":186924,"n":"Kit de démarrage balai Swiffer Système anti poussière","p":22.3,"img":"https://fd15-photos.leclercdrive.fr/image.ashx?id=2692746&use=l&cat=p&typeid=i","cat":325364},{"id":186926,"n":"Tuiles Monster Munch Crazy paprika - 150g","p":2.99,"u":"19,93 €/KG","img":"https://fd15-photos.leclercdrive.fr/image.ashx?id=2955339&use=l&cat=p&typeid=i","cat":287899},{"id":186946,"n":"Mouliné Bio Village Bio - légumes variés  - 2x30cl","p":2.99,"u":"9,97 €/L","img":"https://fd15-photos.leclercdrive.fr/image.ashx?id=2404157&use=l&cat=p&typeid=i","cat":284462},{"id":187025,"n":"Lessive Feuilles Magiques Dr Beckmann l'Eclatante x25","p":8.65,"u":"0,35 €/P","img":"https://fd15-photos.leclercdrive.fr/image.ashx?id=3011800&use=l&cat=p&typeid=i","cat":284644},{"id":187028,"n":"Crème de change bébé bio Mots d'enfants - 75ml","p":3.39,"u":"45,20 €/L","img":"https://fd15-photos.leclercdrive.fr/image.ashx?id=3014308&use=l&cat=p&typeid=i","cat":284741},{"id":187029,"n":"Coton-tiges ouatés Inell Boîte - x300 bâtonnets","p":1.35,"img":"https://fd15-photos.leclercdrive.fr/image.ashx?id=2824301&use=l&cat=p&typeid=i","cat":284636},{"id":187059,"n":"Champignon Émincé Bonduelle Sans Sulfite, Sans Additif 230g","p":2.15,"u":"9,35 €/KG","img":"https://fd15-photos.leclercdrive.fr/image.ashx?id=2913118&use=l&cat=p&typeid=i","cat":312610},{"id":187124,"n":"Petits Calissons Ballotin Noël Le Roy René - Boîte - 180g","p":9.36,"u":"52,00 €/KG","img":"https://fd15-photos.leclercdrive.fr/image.ashx?id=2424254&use=l&cat=p&typeid=i","cat":327606},{"id":187127,"n":"Petits Calissons Le Roy René Reglette Noël - 125g","p":8.69,"u":"69,52 €/KG","img":"https://fd15-photos.leclercdrive.fr/image.ashx?id=2456804&use=l&cat=p&typeid=i","cat":327606},{"id":187128,"n":"Assortiment nougats aromatisés Chabert & Guillot - 300g","p":10.5,"u":"35,00 €/KG","img":"https://fd15-photos.leclercdrive.fr/image.ashx?id=2394132&use=l&cat=p&typeid=i","cat":327605},{"id":187131,"n":"Marrons glacés Frutignac x9 - 155g","p":11.49,"u":"74,13 €/KG","img":"https://fd15-photos.leclercdrive.fr/image.ashx?id=2394243&use=l&cat=p&typeid=i","cat":327603},{"id":187151,"n":"Tasse Pat Patrouille Chase et Stella Chocolat au lait - 34g","p":6.2,"u":"182,35 €/KG","img":"https://fd15-photos.leclercdrive.fr/image.ashx?id=2964081&use=l&cat=p&typeid=i","cat":327789},{"id":187154,"n":"Tasse Frozen Anna et Elsa Chocolat au lait - 34g","p":6.2,"u":"182,35 €/KG","img":"https://fd15-photos.leclercdrive.fr/image.ashx?id=2394282&use=l&cat=p&typeid=i","cat":327789},{"id":187158,"n":"Tasse céramique Spiderman Chocolat au lait  - 34g","p":6.89,"u":"202,65 €/KG","img":"https://fd15-photos.leclercdrive.fr/image.ashx?id=2394288&use=l&cat=p&typeid=i","cat":327789},{"id":187172,"n":"Bouchées Chocolat Noël Nestlé L'Atelier Lait Noisettes - 262g","p":10.59,"u":"40,42 €/KG","img":"https://fd15-photos.leclercdrive.fr/image.ashx?id=2938244&use=l&cat=p&typeid=i","cat":327595},{"id":187173,"n":"Bouchées Chocolat Noël Nestlé L'Atelier Noir Feves Cacao 262g","p":10.59,"u":"40,42 €/KG","img":"https://fd15-photos.leclercdrive.fr/image.ashx?id=2938247&use=l&cat=p&typeid=i","cat":327595},{"id":187176,"n":"After Eight Chocolat Noël Saveur Cerise - 400g","p":8.29,"u":"20,73 €/KG","img":"https://fd15-photos.leclercdrive.fr/image.ashx?id=2394315&use=l&cat=p&typeid=i","cat":327595},{"id":187185,"n":"Foie gras de canard entier Delpeyrat - Poivre - Bocal 300g","p":32.8,"u":"109,33 €/KG","img":"https://fd15-photos.leclercdrive.fr/image.ashx?id=2569356&use=l&cat=p&typeid=i","cat":305148},{"id":187186,"n":"Foie gras de canard Delpeyrat - Armagnac Bocal 300g","p":32.8,"u":"109,33 €/KG","img":"https://fd15-photos.leclercdrive.fr/image.ashx?id=2569380&use=l&cat=p&typeid=i","cat":305148},{"id":187210,"n":"Porto Rose Dorrao 18%vol - 75cl","p":8.25,"u":"11,00 €/L","img":"https://fd15-photos.leclercdrive.fr/image.ashx?id=2869865&use=l&cat=p&typeid=i","cat":284913},{"id":187241,"n":"Savon Le Petit Marseillais  Solide amande douce - 2x100g","p":2.8,"u":"14,00 €/KG","img":"https://fd15-photos.leclercdrive.fr/image.ashx?id=2684203&use=l&cat=p&typeid=i","cat":284597},{"id":187247,"n":"Serviettes hygiéniques Always Cotton Protection Long - x9","p":3.92,"u":"0,44 €/P","img":"https://fd15-photos.leclercdrive.fr/image.ashx?id=2910225&use=l&cat=p&typeid=i","cat":284624},{"id":187271,"n":"Physyo Croquettes naturelles chats stérilisés 600gr","p":6.35,"u":"10,58 €/KG","img":"https://fd15-photos.leclercdrive.fr/image.ashx?id=2735917&use=l&cat=p&typeid=i","cat":284680},{"id":187287,"n":"Desserts Lactés P'TIT BRASSE Banane pêche 6M+ - 4x90g","p":2.99,"u":"8,31 €/KG","img":"https://fd15-photos.leclercdrive.fr/image.ashx?id=2616252&use=l&cat=p&typeid=i","cat":312392},{"id":187288,"n":"Desserts Lactés P'TIT BRASSE Poire SSA 6M+ - 4x90g","p":2.99,"u":"8,31 €/KG","img":"https://fd15-photos.leclercdrive.fr/image.ashx?id=2593050&use=l&cat=p&typeid=i","cat":312392},{"id":187330,"n":"Porto Tawny Dorrao 18°C - 75cl","p":12.79,"u":"17,05 €/L","img":"https://fd15-photos.leclercdrive.fr/image.ashx?id=2869877&use=l&cat=p&typeid=i","cat":284913},{"id":187333,"n":"Cookies fourrés Chocolat Noir Newyorkers 175g","p":3.64,"u":"20,80 €/KG","img":"https://fd15-photos.leclercdrive.fr/image.ashx?id=2567891&use=l&cat=p&typeid=i","cat":325066},{"id":187347,"n":"Bûchettes Pilpa Les délices Pistache Chocolat Café x6 348g","p":5.39,"u":"15,49 €/KG","img":"https://fd15-photos.leclercdrive.fr/image.ashx?id=2395921&use=l&cat=p&typeid=i","cat":284266},{"id":187348,"n":"Bûchettes Pilpa Les Délices Fraise Vanille Chocolat x6 354g","p":5.39,"u":"15,23 €/KG","img":"https://fd15-photos.leclercdrive.fr/image.ashx?id=2395930&use=l&cat=p&typeid=i","cat":284266},{"id":187353,"n":"Bûchettes Pilpa Les Délices Chocolat x6 - 360g","p":5.29,"u":"14,69 €/KG","img":"https://fd15-photos.leclercdrive.fr/image.ashx?id=2395924&use=l&cat=p&typeid=i","cat":284266},{"id":187355,"n":"Bûche Signature Eskiss Nougat - 487g","p":7.29,"u":"14,97 €/KG","img":"https://fd15-photos.leclercdrive.fr/image.ashx?id=2791365&use=l&cat=p&typeid=i","cat":284266},{"id":187358,"n":"Bûche Signature Eskiss Façon rocher - 501g","p":7.99,"u":"15,95 €/KG","img":"https://fd15-photos.leclercdrive.fr/image.ashx?id=2459174&use=l&cat=p&typeid=i","cat":284266},{"id":187365,"n":"Desserts Lactés P'TIT BRASSE Nature 6M+ - 4x90g","p":2.84,"u":"7,89 €/KG","img":"https://fd15-photos.leclercdrive.fr/image.ashx?id=2594223&use=l&cat=p&typeid=i","cat":312392},{"id":187383,"n":"Fromage à tartiner Madame Loïk Fouetté Ail Fines Herbes - 275g","p":5.35,"u":"19,45 €/KG","img":"https://fd15-photos.leclercdrive.fr/image.ashx?id=2774619&use=l&cat=p&typeid=i","cat":314029},{"id":187388,"n":"Assortiment chocolats Côte d'Or Collection - 345g","p":16.9,"u":"48,99 €/KG","img":"https://fd15-photos.leclercdrive.fr/image.ashx?id=2494057&use=l&cat=p&typeid=i","cat":327595},{"id":187405,"n":"Petits pois très fins Notre Jardin - 1kg","p":3.19,"img":"https://fd15-photos.leclercdrive.fr/image.ashx?id=2900166&use=l&cat=p&typeid=i","cat":319805},{"id":187410,"n":"Yaourt Délisse Fraise - 4x150g","p":3.89,"u":"6,48 €/P","img":"https://fd15-photos.leclercdrive.fr/image.ashx?id=2883029&use=l&cat=p&typeid=i","cat":314999},{"id":187448,"n":"Frites ondulées McCain Côté Burger - 650g","p":3.03,"u":"4,66 €/KG","img":"https://fd15-photos.leclercdrive.fr/image.ashx?id=2920027&use=l&cat=p&typeid=i","cat":319791},{"id":187453,"n":"Thé noir Lipton Yellow x100 sachets - 200g","p":8.69,"u":"43,45 €/KG","img":"https://fd15-photos.leclercdrive.fr/image.ashx?id=2517655&use=l&cat=p&typeid=i","cat":293233},{"id":187454,"n":"Crème dessert Sojasun Caramel pointe de sel - 4x100g","p":2.55,"u":"6,38 €/KG","img":"https://fd15-photos.leclercdrive.fr/image.ashx?id=2397349&use=l&cat=p&typeid=i","cat":316071},{"id":187460,"n":"Sous-vêtements de nuit Ninjamas Fille - T7 - x10","p":10.41,"u":"1,04 €/P","img":"https://fd15-photos.leclercdrive.fr/image.ashx?id=2507212&use=l&cat=p&typeid=i","cat":290633},{"id":187470,"n":"Brocolis surgelés Eco+ 900g","p":2.69,"u":"2,99 €/KG","img":"https://fd15-photos.leclercdrive.fr/image.ashx?id=2920906&use=l&cat=p&typeid=i","cat":319805},{"id":187483,"n":"Pâtes Côté Table  Saumon épinard - 900g","p":6.95,"u":"7,72 €/KG","img":"https://fd15-photos.leclercdrive.fr/image.ashx?id=2842031&use=l&cat=p&typeid=i","cat":284254},{"id":187489,"n":"Eclats croquants Kambly 90g","p":3.3,"u":"36,67 €/KG","img":"https://fd15-photos.leclercdrive.fr/image.ashx?id=2830933&use=l&cat=p&typeid=i","cat":297000},{"id":187496,"n":"Barre Banane Gerblé   - 150g","p":3.6,"u":"24,00 €/KG","img":"https://fd15-photos.leclercdrive.fr/image.ashx?id=2664022&use=l&cat=p&typeid=i","cat":318652},{"id":187547,"n":"Moutarde Fine & Forte AMORA Flacon Souple - 460g","p":4.15,"u":"9,02 €/KG","img":"https://fd15-photos.leclercdrive.fr/image.ashx?id=2877271&use=l&cat=p&typeid=i","cat":288850},{"id":187575,"n":"Sauce legume Panzani  400g","p":4.45,"u":"11,13 €/KG","img":"https://fd15-photos.leclercdrive.fr/image.ashx?id=2571059&use=l&cat=p&typeid=i","cat":288384},{"id":187576,"n":"Pâtes Coquillette Panzani Complètement Bon - 500G","p":2.09,"u":"4,18 €/KG","img":"https://fd15-photos.leclercdrive.fr/image.ashx?id=2902960&use=l&cat=p&typeid=i","cat":284427},{"id":187578,"n":"Pâtes Torti Panzani Complètement Bon - 500G","p":2.09,"u":"4,18 €/KG","img":"https://fd15-photos.leclercdrive.fr/image.ashx?id=2902963&use=l&cat=p&typeid=i","cat":284427},{"id":187601,"n":"Compotes Pom'Potes Gourdes  Recette Punta Cana - 4x90g","p":2.95,"u":"8,19 €/KG","img":"https://fd15-photos.leclercdrive.fr/image.ashx?id=3010909&use=l&cat=p&typeid=i","cat":284508},{"id":187613,"n":"Petits pots bébé P'TITE RECETTE Poisson provençal 12M+ - 2x200g","p":2.99,"u":"7,48 €/KG","img":"https://fd15-photos.leclercdrive.fr/image.ashx?id=2737150&use=l&cat=p&typeid=i","cat":312237},{"id":187667,"n":"Piles alcalines Energizer Max AAA/LR03 - x4","p":4.59,"img":"https://fd15-photos.leclercdrive.fr/image.ashx?id=2689076&use=l&cat=p&typeid=i","cat":300572},{"id":187671,"n":"Piles alcalines Energizer Max AA/LR6 - x4","p":4.59,"img":"https://fd15-photos.leclercdrive.fr/image.ashx?id=2689073&use=l&cat=p&typeid=i","cat":300572},{"id":187690,"n":"Fond de teint L'Oréal Paris Infaillible 140 haute couvrance","p":20.95,"img":"https://fd15-photos.leclercdrive.fr/image.ashx?id=2735365&use=l&cat=p&typeid=i","cat":287029},{"id":187701,"n":"Galettes St Michel 208g","p":3.14,"u":"15,10 €/KG","img":"https://fd15-photos.leclercdrive.fr/image.ashx?id=2936218&use=l&cat=p&typeid=i","cat":284487},{"id":187702,"n":"Biscuit petit beurre St Michel 180g","p":2.3,"u":"12,78 €/KG","img":"https://fd15-photos.leclercdrive.fr/image.ashx?id=3002051&use=l&cat=p&typeid=i","cat":284487},{"id":187705,"n":"Galettes moelleuses napées  St Michel Format familial 360g","p":6.26,"u":"17,39 €/KG","img":"https://fd15-photos.leclercdrive.fr/image.ashx?id=2949982&use=l&cat=p&typeid=i","cat":284495},{"id":187708,"n":"Petits marbrés Bonne Maman 300g","p":4.65,"u":"15,50 €/KG","img":"https://fd15-photos.leclercdrive.fr/image.ashx?id=2936212&use=l&cat=p&typeid=i","cat":294776},{"id":187712,"n":"Cake moelleux St Michel 500g","p":3.6,"u":"7,20 €/KG","img":"https://fd15-photos.leclercdrive.fr/image.ashx?id=2399508&use=l&cat=p&typeid=i","cat":284493},{"id":187808,"n":"Haricots rouges D'aucy  2x125g","p":2.82,"u":"11,28 €/KG","img":"https://fd15-photos.leclercdrive.fr/image.ashx?id=2861933&use=l&cat=p&typeid=i","cat":312606},{"id":187879,"n":"Montre-jeu Pat Patrouille Dès 3 ans","p":19.9,"img":"https://fd15-photos.leclercdrive.fr/image.ashx?id=2415144&use=l&cat=p&typeid=i","cat":334378},{"id":187924,"n":"Ciboulette Sainte Lucie Tibulaire - 10g","p":2.95,"u":"295,00 €/KG","img":"https://fd15-photos.leclercdrive.fr/image.ashx?id=2774448&use=l&cat=p&typeid=i","cat":298297},{"id":187925,"n":"Sucre vanilline Sainte Lucie 5 sachets","p":0.95,"u":"25,00 €/KG","img":"https://fd15-photos.leclercdrive.fr/image.ashx?id=2776127&use=l&cat=p&typeid=i","cat":284504},{"id":187926,"n":"Muesli Bio Village Crousti bio - Chocolat","p":3.82,"u":"7,64 €/KG","img":"https://fd15-photos.leclercdrive.fr/image.ashx?id=2598716&use=l&cat=p&typeid=i","cat":309512},{"id":187929,"n":"Nouilles Sautées Yakisoba Classique - 93g","p":2.69,"u":"28,92 €/KG","img":"https://fd15-photos.leclercdrive.fr/image.ashx?id=2536140&use=l&cat=p&typeid=i","cat":288992},{"id":187930,"n":"Nouilles Sautées Yakisoba Poulet - 93g","p":2.3,"u":"24,73 €/KG","img":"https://fd15-photos.leclercdrive.fr/image.ashx?id=2536143&use=l&cat=p&typeid=i","cat":288992},{"id":187931,"n":"Nouilles Sautées Yakisoba Curry - 93g","p":2.69,"u":"28,92 €/KG","img":"https://fd15-photos.leclercdrive.fr/image.ashx?id=2536146&use=l&cat=p&typeid=i","cat":288992},{"id":187933,"n":"Nouilles sautées Yakisoba  BBQ - 93g","p":2.69,"u":"28,92 €/KG","img":"https://fd15-photos.leclercdrive.fr/image.ashx?id=2536152&use=l&cat=p&typeid=i","cat":288992},{"id":187934,"n":"Nouilles sautées Yakisoba Pad Thai - 93g","p":2.69,"u":"28,92 €/KG","img":"https://fd15-photos.leclercdrive.fr/image.ashx?id=2536155&use=l&cat=p&typeid=i","cat":288992},{"id":187987,"n":"Déodorant stick Homme Mennen 24H Musk Sans Alcool - 60ml","p":5.99,"u":"99,83 €/L","img":"https://fd15-photos.leclercdrive.fr/image.ashx?id=2869113&use=l&cat=p&typeid=i","cat":284618},{"id":187990,"n":"Lait Corps Réparateur Mixa Peau abîmée desséchée - 300ml","p":8.6,"u":"28,67 €/L","img":"https://fd15-photos.leclercdrive.fr/image.ashx?id=2908186&use=l&cat=p&typeid=i","cat":325349},{"id":187999,"n":"Lait Corps réparateur Mixa Peaux desséchées - 300ml","p":8.25,"u":"27,50 €/L","img":"https://fd15-photos.leclercdrive.fr/image.ashx?id=2402394&use=l&cat=p&typeid=i","cat":325349},{"id":188001,"n":"Gel coiffant Vivelle DOP Fixation Extrême - 190ml","p":6.45,"u":"33,95 €/L","img":"https://fd15-photos.leclercdrive.fr/image.ashx?id=2402403&use=l&cat=p&typeid=i","cat":284609},{"id":188002,"n":"Gingembre moulu Sainte Lucie 32g","p":4.15,"u":"129,69 €/KG","img":"https://fd15-photos.leclercdrive.fr/image.ashx?id=2774373&use=l&cat=p&typeid=i","cat":298297},{"id":188005,"n":"Quatre épices Sainte Lucie  35g","p":3.39,"u":"96,86 €/KG","img":"https://fd15-photos.leclercdrive.fr/image.ashx?id=2774436&use=l&cat=p&typeid=i","cat":298297},{"id":188010,"n":"Lait corps nutritif Mixa A l'huile de karité - 250ml","p":8.6,"u":"34,40 €/L","img":"https://fd15-photos.leclercdrive.fr/image.ashx?id=2402361&use=l&cat=p&typeid=i","cat":325349},{"id":188015,"n":"Cœurs de palmier D'aucy  125g","p":6.49,"u":"29,50 €/KG","img":"https://fd15-photos.leclercdrive.fr/image.ashx?id=2401369&use=l&cat=p&typeid=i","cat":312611},{"id":188088,"n":"Sauce Tomate Bio Zapetti 300g","p":2.55,"u":"8,50 €/KG","img":"https://fd15-photos.leclercdrive.fr/image.ashx?id=2579987&use=l&cat=p&typeid=i","cat":288384},{"id":188159,"n":"Frites Cheddar Oignons McCain Street Fries - 300g","p":4.99,"u":"16,63 €/KG","img":"https://fd15-photos.leclercdrive.fr/image.ashx?id=2660284&use=l&cat=p&typeid=i","cat":319791},{"id":188271,"n":"Matière grasse doux Astra  À tartiner à cuire 70%MG - 500g","p":2.49,"u":"4,98 €/KG","img":"https://fd15-photos.leclercdrive.fr/image.ashx?id=2406301&use=l&cat=p&typeid=i","cat":315229},{"id":188294,"n":"Jambon Le Bon Paris Herta À l'étouffé x2 - 85g","p":2.05,"u":"24,12 €/KG","img":"https://fd15-photos.leclercdrive.fr/image.ashx?id=2566263&use=l&cat=p&typeid=i","cat":316009},{"id":188296,"n":"Jambon Le Bon Paris Herta À l'étouffée x6 - 255g","p":5.5,"u":"21,57 €/KG","img":"https://fd15-photos.leclercdrive.fr/image.ashx?id=2418720&use=l&cat=p&typeid=i","cat":316009},{"id":194064,"n":"Jambon Le Bon Paris Herta  sans nitrite x6 - 210g","p":6.9,"u":"32,86 €/KG","img":"https://fd15-photos.leclercdrive.fr/image.ashx?id=2731396&use=l&cat=p&typeid=i","cat":316009},{"id":194071,"n":"Jambon Le Bon Paris Herta -25% de sel x2 - 70g","p":1.99,"u":"28,43 €/KG","img":"https://fd15-photos.leclercdrive.fr/image.ashx?id=2405899&use=l&cat=p&typeid=i","cat":316009},{"id":194073,"n":"Jambon Le Bon Paris Herta -25% de sel x4 - 140g","p":3.59,"u":"25,64 €/KG","img":"https://fd15-photos.leclercdrive.fr/image.ashx?id=2995067&use=l&cat=p&typeid=i","cat":316009},{"id":194075,"n":"Jambon Le Bon Paris Herta -25%  de sel sans nitrite x4 - 140g","p":6.89,"u":"49,21 €/KG","img":"https://fd15-photos.leclercdrive.fr/image.ashx?id=2910124&use=l&cat=p&typeid=i","cat":316009},{"id":194078,"n":"Jambon Le Bon Paris Herta Fumé x4 - 140g","p":3.69,"u":"26,36 €/KG","img":"https://fd15-photos.leclercdrive.fr/image.ashx?id=2918664&use=l&cat=p&typeid=i","cat":316009},{"id":194080,"n":"Jambon Le Bon Paris Herta  broche sans nitrite x4 - 140g","p":4.65,"u":"33,21 €/KG","img":"https://fd15-photos.leclercdrive.fr/image.ashx?id=2881804&use=l&cat=p&typeid=i","cat":316009},{"id":194296,"n":"Bloc de fromage Leerdammer Le Moelleux - 250g","p":4.69,"u":"18,76 €/KG","img":"https://fd15-photos.leclercdrive.fr/image.ashx?id=2421606&use=l&cat=p&typeid=i","cat":314034},{"id":194298,"n":"Tranches de fromage Leerdammer L'Original - 16 Tranches - 400g","p":6.99,"u":"17,48 €/KG","img":"https://fd15-photos.leclercdrive.fr/image.ashx?id=2489196&use=l&cat=p&typeid=i","cat":314028},{"id":194299,"n":"Tranches de fromage Leerdammer Le Moelleux-10 Tranches-250g","p":5.39,"u":"21,56 €/KG","img":"https://fd15-photos.leclercdrive.fr/image.ashx?id=2507599&use=l&cat=p&typeid=i","cat":314028},{"id":194301,"n":"Tranches de fromage Leerdammer L'Original - 12 Tranches - 300g","p":5.19,"u":"17,30 €/KG","img":"https://fd15-photos.leclercdrive.fr/image.ashx?id=2507602&use=l&cat=p&typeid=i","cat":314028},{"id":194302,"n":"Tranches de fromage Leerdammer Le Moelleux - 6 Tranches - 150g","p":4.13,"u":"27,53 €/KG","img":"https://fd15-photos.leclercdrive.fr/image.ashx?id=2507590&use=l&cat=p&typeid=i","cat":314028},{"id":194305,"n":"Tranches de fromage Leerdammer Hamburger - 8 Tranches - 150g","p":3.99,"u":"26,60 €/P","img":"https://fd15-photos.leclercdrive.fr/image.ashx?id=2507596&use=l&cat=p&typeid=i","cat":314028},{"id":194310,"n":"Bonbons KINDER Schoko-Bons Chocolat blanc - 200G","p":5.5,"u":"27,50 €/KG","img":"https://fd15-photos.leclercdrive.fr/image.ashx?id=2406265&use=l&cat=p&typeid=i","cat":304238},{"id":194620,"n":"Trotteur d'activités évolutif Fisher-Price - Dès 6 mois","p":44.9,"img":"https://fd15-photos.leclercdrive.fr/image.ashx?id=2429203&use=l&cat=p&typeid=i","cat":334379},{"id":195790,"n":"AOP  Vin rouge Moulis en Médoc Chateau Poujeaux - 75cl","p":67.55,"u":"90,07 €/L","img":"https://fd15-photos.leclercdrive.fr/image.ashx?id=2411120&use=l&cat=p&typeid=i","cat":289556},{"id":195797,"n":"Parmentier Poulet carottes  Weight Watchers - 300g","p":4.94,"u":"16,47 €/KG","img":"https://fd15-photos.leclercdrive.fr/image.ashx?id=2546296&use=l&cat=p&typeid=i","cat":284953},{"id":195892,"n":"Mini brownie chocolat St Michel - 8x240g","p":4.23,"u":"17,63 €/KG","img":"https://fd15-photos.leclercdrive.fr/image.ashx?id=2936209&use=l&cat=p&typeid=i","cat":294776},{"id":195922,"n":"Jambon Le Bon Paris Herta sans nitrite  x4 - 140g","p":4.7,"u":"33,57 €/KG","img":"https://fd15-photos.leclercdrive.fr/image.ashx?id=2535135&use=l&cat=p&typeid=i","cat":316009},{"id":195960,"n":"Coton-tiges bébé Mots d'Enfants Bio - x60","p":0.88,"u":"0,01 €/P","img":"https://fd15-photos.leclercdrive.fr/image.ashx?id=3015129&use=l&cat=p&typeid=i","cat":284739},{"id":195981,"n":"Liquide vaisselle Excel Paic Anti-odeur actif à froid -500ml","p":3.1,"u":"6,20 €/L","img":"https://fd15-photos.leclercdrive.fr/image.ashx?id=2413176&use=l&cat=p&typeid=i","cat":284655},{"id":195983,"n":"Liquide vaisselle Excel Paic Dégraissant actif à froid 500ml","p":3.1,"u":"6,20 €/L","img":"https://fd15-photos.leclercdrive.fr/image.ashx?id=2413182&use=l&cat=p&typeid=i","cat":284655},{"id":196120,"n":"Jambon Le Bon Paris Herta Broche x4 - 140g","p":3.89,"u":"27,79 €/KG","img":"https://fd15-photos.leclercdrive.fr/image.ashx?id=3008158&use=l&cat=p&typeid=i","cat":316009},{"id":196165,"n":"Barre de céréales Nature Valley Crunchy chocolat lait X8-160g","p":4.22,"u":"26,38 €/KG","img":"https://fd15-photos.leclercdrive.fr/image.ashx?id=2754465&use=l&cat=p&typeid=i","cat":300032},{"id":196175,"n":"Capsules Starbucks by Nespresso  House Blend Int 8 - x18","p":11.2,"u":"108,74 €/KG","img":"https://fd15-photos.leclercdrive.fr/image.ashx?id=3009113&use=l&cat=p&typeid=i","cat":284749},{"id":196176,"n":"Capsules Starbucks by Nespresso  Espresso Roast Int 11 - x18","p":11.2,"u":"108,74 €/KG","img":"https://fd15-photos.leclercdrive.fr/image.ashx?id=2737144&use=l&cat=p&typeid=i","cat":284749},{"id":196241,"n":"Jambon supérieur Eco+ Sans couenne 4 tranches - 160g","p":2.69,"u":"16,81 €/KG","img":"https://fd15-photos.leclercdrive.fr/image.ashx?id=2744407&use=l&cat=p&typeid=i","cat":316009},{"id":196267,"n":"Mousse à Raser 0% Alcool Mennen Hypoallergénique - 250ml","p":5.5,"u":"22,00 €/L","img":"https://fd15-photos.leclercdrive.fr/image.ashx?id=2661736&use=l&cat=p&typeid=i","cat":284617},{"id":196271,"n":"Nettoyant Ménager Cif Crème à Récurer 750 ml","p":3.5,"u":"4,67 €/L","img":"https://fd15-photos.leclercdrive.fr/image.ashx?id=2752513&use=l&cat=p&typeid=i","cat":325357},{"id":196276,"n":"Lessive liquide Persil Bouquet de Provence - 2.57L","p":18.05,"u":"7,04 €/L","img":"https://fd15-photos.leclercdrive.fr/image.ashx?id=2417138&use=l&cat=p&typeid=i","cat":284640},{"id":196277,"n":"Lessive liquide Persil Douceur d'amande - 2.565L","p":17.89,"u":"6,97 €/L","img":"https://fd15-photos.leclercdrive.fr/image.ashx?id=2739896&use=l&cat=p&typeid=i","cat":284640},{"id":196278,"n":"Crème à récurer CIF Citron CleanBoost 101 Usages 750ml","p":4.6,"u":"6,13 €/L","img":"https://fd15-photos.leclercdrive.fr/image.ashx?id=2948540&use=l&cat=p&typeid=i","cat":325357},{"id":196319,"n":"Jambon supérieur Eco+ Avec couenne 4 tranches - 160g","p":2.9,"u":"18,13 €/KG","img":"https://fd15-photos.leclercdrive.fr/image.ashx?id=2706550&use=l&cat=p&typeid=i","cat":316009},{"id":196320,"n":"Jambon supérieur Eco+ Avec couenne 6 tranches - 240g","p":3.79,"u":"15,79 €/KG","img":"https://fd15-photos.leclercdrive.fr/image.ashx?id=2706553&use=l&cat=p&typeid=i","cat":316009},{"id":196321,"n":"Jambon supérieur Eco+ Sans couenne 6 tranches - 240g","p":4.39,"u":"18,29 €/KG","img":"https://fd15-photos.leclercdrive.fr/image.ashx?id=2706556&use=l&cat=p&typeid=i","cat":316009},{"id":196353,"n":"Chardons liqueurs  jacquot x4 - 300g","p":8.55,"u":"28,50 €/KG","img":"https://fd15-photos.leclercdrive.fr/image.ashx?id=2416685&use=l&cat=p&typeid=i","cat":327601},{"id":196374,"n":"Bueno eggs kinder Chocolat - 140g","p":5.25,"u":"37,50 €/KG","img":"https://fd15-photos.leclercdrive.fr/image.ashx?id=2764353&use=l&cat=p&typeid=i","cat":327592},{"id":196376,"n":"Mix boite sélection  Kinder Chocolat - 174g","p":9.95,"u":"57,18 €/KG","img":"https://fd15-photos.leclercdrive.fr/image.ashx?id=2799656&use=l&cat=p&typeid=i","cat":327592},{"id":196380,"n":"Pralines Raffaello Noix de coco amandes x40- 400g","p":11.39,"u":"28,48 €/KG","img":"https://fd15-photos.leclercdrive.fr/image.ashx?id=2945005&use=l&cat=p&typeid=i","cat":327595},{"id":196391,"n":"Fizzy tubo mini canes Accroches sapin - 120g","p":4.39,"u":"36,58 €/KG","img":"https://fd15-photos.leclercdrive.fr/image.ashx?id=2416748&use=l&cat=p&typeid=i","cat":327592},{"id":196423,"n":"Mini roc Côte d'Or Mix - 195g","p":7.35,"u":"37,69 €/KG","img":"https://fd15-photos.leclercdrive.fr/image.ashx?id=2427491&use=l&cat=p&typeid=i","cat":327595},{"id":196428,"n":"Coffret papier cadeaux Esquisse Motifs divers - 4 rouleaux","p":6.99,"u":"1,75 €/P","img":"https://fd15-photos.leclercdrive.fr/image.ashx?id=2419912&use=l&cat=p&typeid=i","cat":335914},{"id":196431,"n":"Beurre Nature de Breton  Demi-sel - 80% MG - 250g","p":3.89,"u":"15,56 €/KG","img":"https://fd15-photos.leclercdrive.fr/image.ashx?id=2872042&use=l&cat=p&typeid=i","cat":284379},{"id":196432,"n":"Chocolats de Noel Hamlet 250g","p":11.5,"u":"46,00 €/KG","img":"https://fd15-photos.leclercdrive.fr/image.ashx?id=2839322&use=l&cat=p&typeid=i","cat":327595},{"id":196436,"n":"Chocolat Hamlet collection Love - 250g","p":11.5,"u":"46,00 €/KG","img":"https://fd15-photos.leclercdrive.fr/image.ashx?id=2839316&use=l&cat=p&typeid=i","cat":327595},{"id":196438,"n":"Chocolat pralinés Hamlet Ballotin assortiment - 250g","p":11.5,"u":"46,00 €/KG","img":"https://fd15-photos.leclercdrive.fr/image.ashx?id=2839325&use=l&cat=p&typeid=i","cat":327595},{"id":196439,"n":"Beurre Nature de Breton Doux - 82% MG - 250g","p":3.89,"u":"15,56 €/KG","img":"https://fd15-photos.leclercdrive.fr/image.ashx?id=2872039&use=l&cat=p&typeid=i","cat":284379},{"id":196445,"n":"Assortiment chocolat Hamlet Coffret \"crocro\" - 250g","p":14.9,"pp":12.66,"u":"50,64 €/KG","img":"https://fd15-photos.leclercdrive.fr/image.ashx?id=2839313&use=l&cat=p&typeid=i","cat":327595},{"id":196449,"n":"Boite \" velours\" rouge Hamlet  250g","p":14.9,"pp":12.66,"u":"50,64 €/KG","img":"https://fd15-photos.leclercdrive.fr/image.ashx?id=2839490&use=l&cat=p&typeid=i","cat":327595},{"id":196471,"n":"Gingembrettes chocolat noir  Les Chevalier d'argouges - 160g","p":10.2,"u":"63,75 €/KG","img":"https://fd15-photos.leclercdrive.fr/image.ashx?id=2842735&use=l&cat=p&typeid=i","cat":327601},{"id":196481,"n":"Coffret festif crêpes dentelle  Gavottes - Nature - 375g","p":9.63,"u":"25,68 €/KG","img":"https://fd15-photos.leclercdrive.fr/image.ashx?id=2465538&use=l&cat=p&typeid=i","cat":284487},{"id":196488,"n":"Authentique Revillon Chocolat  Lait Voie Lactée - 360g","p":12.85,"u":"35,69 €/KG","img":"https://fd15-photos.leclercdrive.fr/image.ashx?id=2662116&use=l&cat=p&typeid=i","cat":327597},{"id":196506,"n":"Nuggets Fish & Chips Findus Extra croustillant MSC - 490g","p":6.39,"u":"13,04 €/KG","img":"https://fd15-photos.leclercdrive.fr/image.ashx?id=2650705&use=l&cat=p&typeid=i","cat":319788},{"id":196525,"n":"Guimauves au chocolat Révillon  Noir & lait  - 300g","p":11.9,"u":"39,67 €/KG","img":"https://fd15-photos.leclercdrive.fr/image.ashx?id=2662119&use=l&cat=p&typeid=i","cat":327597},{"id":196526,"n":"Papillotes Révillon Pâtes de   fruits de nos région - 370g","p":13.34,"u":"36,05 €/KG","img":"https://fd15-photos.leclercdrive.fr/image.ashx?id=2662122&use=l&cat=p&typeid=i","cat":327597},{"id":196647,"n":"Spray dégraissant Chanteclair Universel Marseille - 600ml","p":3.69,"u":"6,15 €/L","img":"https://fd15-photos.leclercdrive.fr/image.ashx?id=2419743&use=l&cat=p&typeid=i","cat":325357},{"id":196648,"n":"Spray dégraissant Chanteclair Citron - 600ml","p":3.89,"u":"6,48 €/L","img":"https://fd15-photos.leclercdrive.fr/image.ashx?id=2419746&use=l&cat=p&typeid=i","cat":325357},{"id":196649,"n":"Spray dégraissant Chanteclair Bicarbonate - 600ml","p":3.69,"u":"6,15 €/L","img":"https://fd15-photos.leclercdrive.fr/image.ashx?id=2419749&use=l&cat=p&typeid=i","cat":325357},{"id":196651,"n":"Spray dégraissant Chanteclair Antibactérien - 600ml","p":3.69,"u":"6,15 €/L","img":"https://fd15-photos.leclercdrive.fr/image.ashx?id=2419740&use=l&cat=p&typeid=i","cat":325357},{"id":196663,"n":"Boisson énergisante Monster Nitro Superdry - 50cl","p":2.15,"u":"4,30 €/L","img":"https://fd15-photos.leclercdrive.fr/image.ashx?id=2419395&use=l&cat=p&typeid=i","cat":284533},{"id":196797,"n":"Crème à récurer Cif Cleanboost - Javel - 750ml","p":5.0,"u":"6,67 €/L","img":"https://fd15-photos.leclercdrive.fr/image.ashx?id=2804592&use=l&cat=p&typeid=i","cat":325357},{"id":196798,"n":"Lait en poudre Picot  1er âge - 850g","p":22.95,"u":"27,00 €/KG","img":"https://fd15-photos.leclercdrive.fr/image.ashx?id=2925421&use=l&cat=p&typeid=i","cat":284726},{"id":196824,"n":"Palets Sainte Lucie Chocolat noir - 125g","p":4.88,"u":"39,04 €/KG","img":"https://fd15-photos.leclercdrive.fr/image.ashx?id=2421141&use=l&cat=p&typeid=i","cat":284504},{"id":196831,"n":"Mélange d'herbes Sainte Lucie Saveur du potager - 22g","p":5.45,"u":"247,73 €/KG","img":"https://fd15-photos.leclercdrive.fr/image.ashx?id=2421150&use=l&cat=p&typeid=i","cat":298297},{"id":196832,"n":"Assaisonnement  Ducros Persillade - 95g","p":4.05,"u":"42,63 €/KG","img":"https://fd15-photos.leclercdrive.fr/image.ashx?id=2421153&use=l&cat=p&typeid=i","cat":298297},{"id":196895,"n":"Soda Orangina 2L","p":3.7,"u":"1,85 €/L","img":"https://fd15-photos.leclercdrive.fr/image.ashx?id=2372514&use=l&cat=p&typeid=i","cat":284532},{"id":196896,"n":"Boisson gazeuse Schweppes Saveur Agrumes - 1,5L","p":2.7,"u":"1,80 €/L","img":"https://fd15-photos.leclercdrive.fr/image.ashx?id=2389410&use=l&cat=p&typeid=i","cat":284532},{"id":196965,"n":"Liqueur de menthe Get 27 17,9° - 70cl","p":15.25,"u":"21,79 €/L","img":"https://fd15-photos.leclercdrive.fr/image.ashx?id=2835565&use=l&cat=p&typeid=i","cat":286032},{"id":197161,"n":"Traîneau chocolat oeuf Kinder Jaune - 75g","p":4.08,"u":"54,40 €/KG","img":"https://fd15-photos.leclercdrive.fr/image.ashx?id=2426809&use=l&cat=p&typeid=i","cat":327592},{"id":197163,"n":"Traîneau chocolat œuf Kinder Blanc - 75g","p":4.08,"u":"54,40 €/KG","img":"https://fd15-photos.leclercdrive.fr/image.ashx?id=2426812&use=l&cat=p&typeid=i","cat":327592},{"id":197164,"n":"Traîneau chocolat œuf Kinder Vert - 75g","p":4.08,"u":"54,40 €/KG","img":"https://fd15-photos.leclercdrive.fr/image.ashx?id=2426815&use=l&cat=p&typeid=i","cat":327592},{"id":197351,"n":"Yaourt ferments lactiques Alsa Onctueux 4 sachets - 8g","p":5.49,"u":"686,25 €/KG","img":"https://fd15-photos.leclercdrive.fr/image.ashx?id=2999832&use=l&cat=p&typeid=i","cat":284505},{"id":197354,"n":"Préparation Moelleux Nature Alsa- 500g","p":8.55,"u":"17,10 €/KG","img":"https://fd15-photos.leclercdrive.fr/image.ashx?id=2812666&use=l&cat=p&typeid=i","cat":284505},{"id":197399,"n":"Foie de morue nature Nautilus Citron - 120g","p":3.35,"u":"27,92 €/KG","img":"https://fd15-photos.leclercdrive.fr/image.ashx?id=2759298&use=l&cat=p&typeid=i","cat":305147},{"id":197547,"n":"Bâtonnets à mâcher Dentalife ActivFresh - 115g - x7","p":3.09,"u":"26,87 €/KG","img":"https://fd15-photos.leclercdrive.fr/image.ashx?id=2902373&use=l&cat=p&typeid=i","cat":294527},{"id":197561,"n":"Bâtonnet à mâcher Dentalife ActivFresh - 115g - x5","p":3.09,"u":"26,87 €/KG","img":"https://fd15-photos.leclercdrive.fr/image.ashx?id=2427697&use=l&cat=p&typeid=i","cat":294527},{"id":197606,"n":"Lait en poudre Bio Picot 2ème age - 800g","p":21.95,"u":"27,44 €/KG","img":"https://fd15-photos.leclercdrive.fr/image.ashx?id=2427904&use=l&cat=p&typeid=i","cat":284727},{"id":197635,"n":"Ail de France Sainte Lucie 55g","p":4.99,"u":"90,73 €/KG","img":"https://fd15-photos.leclercdrive.fr/image.ashx?id=2427970&use=l&cat=p&typeid=i","cat":298297},{"id":197638,"n":"Coriandre poudre Sainte Lucie 30g","p":2.95,"u":"98,33 €/KG","img":"https://fd15-photos.leclercdrive.fr/image.ashx?id=2435186&use=l&cat=p&typeid=i","cat":298297},{"id":197759,"n":"Orangette Chevaliers D'Argouges Enrobage choco noir - 170g","p":11.9,"u":"70,00 €/KG","img":"https://fd15-photos.leclercdrive.fr/image.ashx?id=2429332&use=l&cat=p&typeid=i","cat":327601},{"id":197776,"n":"Truffes Chevaliers d'Argouges Fantaisies bio noir - 160g","p":10.25,"u":"64,06 €/KG","img":"https://fd15-photos.leclercdrive.fr/image.ashx?id=2429374&use=l&cat=p&typeid=i","cat":327600},{"id":197901,"n":"Citron jaune Rustica 500ml","p":4.39,"u":"8,78 €/L","img":"https://fd15-photos.leclercdrive.fr/image.ashx?id=2453947&use=l&cat=p&typeid=i","cat":288383},{"id":197909,"n":"Chocolat Peluche mix Kinder Léopard - 133g","p":13.99,"u":"105,19 €/KG","img":"https://fd15-photos.leclercdrive.fr/image.ashx?id=2447850&use=l&cat=p&typeid=i","cat":327789},{"id":197910,"n":"Chocolat Peluche mix Kinder Tigre - 133g","p":13.99,"u":"105,19 €/KG","img":"https://fd15-photos.leclercdrive.fr/image.ashx?id=2447853&use=l&cat=p&typeid=i","cat":327789},{"id":197930,"n":"Kiwi jaune Panier du Primeur x4","p":6.1,"u":"1,53 €/P","img":"https://fd15-photos.leclercdrive.fr/image.ashx?id=2928303&use=l&cat=p&typeid=i","cat":284356},{"id":198163,"n":"Biscuit So crack Bret's Au sel de Guérande  - 70g","p":2.35,"u":"33,57 €/KG","img":"https://fd15-photos.leclercdrive.fr/image.ashx?id=2435390&use=l&cat=p&typeid=i","cat":284449},{"id":198164,"n":"Biscuit So crack Bret's Saveur curry fruité - 70g","p":3.48,"u":"49,71 €/KG","img":"https://fd15-photos.leclercdrive.fr/image.ashx?id=2435393&use=l&cat=p&typeid=i","cat":284449},{"id":198198,"n":"Bûche pur beurre vanille 350g - Forchy","p":6.04,"u":"17,26 €/KG","img":"https://fd15-photos.leclercdrive.fr/image.ashx?id=2601524&use=l&cat=p&typeid=i","cat":293600},{"id":198214,"n":"Pepsi Max 50cl","p":1.2,"u":"2,40 €/L","img":"https://fd15-photos.leclercdrive.fr/image.ashx?id=2432722&use=l&cat=p&typeid=i","cat":284530},{"id":198222,"n":"Pepsi 50cl","p":1.35,"u":"2,70 €/L","img":"https://fd15-photos.leclercdrive.fr/image.ashx?id=2433286&use=l&cat=p&typeid=i","cat":284530},{"id":198348,"n":"Confiture Douceur du Verger Abricot intense - 320 g","p":3.05,"u":"9,53 €/KG","img":"https://fd15-photos.leclercdrive.fr/image.ashx?id=2965608&use=l&cat=p&typeid=i","cat":284480},{"id":198349,"n":"Confiture Douceur du Verger Myrtille intense - 320g","p":3.99,"u":"12,47 €/KG","img":"https://fd15-photos.leclercdrive.fr/image.ashx?id=2965611&use=l&cat=p&typeid=i","cat":284480},{"id":198355,"n":"Confiture Douceur du Verger Framboise intense - 320g","p":3.79,"u":"11,84 €/KG","img":"https://fd15-photos.leclercdrive.fr/image.ashx?id=2965614&use=l&cat=p&typeid=i","cat":284480},{"id":198356,"n":"Confiture Douceur du Verger 3 agrumes Intense - 320g","p":2.45,"u":"7,66 €/KG","img":"https://fd15-photos.leclercdrive.fr/image.ashx?id=2966376&use=l&cat=p&typeid=i","cat":284480},{"id":198357,"n":"Confiture Douceur du Verger Fruits rouges intense - 320g","p":3.29,"u":"10,28 €/KG","img":"https://fd15-photos.leclercdrive.fr/image.ashx?id=2965617&use=l&cat=p&typeid=i","cat":284480},{"id":198522,"n":"Haricots vert Bio Village Bio - 180g","p":2.35,"u":"13,06 €/KG","img":"https://fd15-photos.leclercdrive.fr/image.ashx?id=3002713&use=l&cat=p&typeid=i","cat":312606},{"id":198524,"n":"Desserts Lactés P'TIT ONCTUEUX Banane 6M+ - 4x90g","p":3.19,"u":"8,86 €/KG","img":"https://fd15-photos.leclercdrive.fr/image.ashx?id=2435710&use=l&cat=p&typeid=i","cat":312392},{"id":198532,"n":"Soupe liquide Bouteille Liebig  Mouliné légumes du potager 75cl","p":3.79,"u":"5,05 €/L","img":"https://fd15-photos.leclercdrive.fr/image.ashx?id=2435899&use=l&cat=p&typeid=i","cat":284462},{"id":198549,"n":"Lait infantile 1er age bio Picot de 0 à 6 mois - 800g","p":24.95,"u":"31,19 €/KG","img":"https://fd15-photos.leclercdrive.fr/image.ashx?id=2435926&use=l&cat=p&typeid=i","cat":284726},{"id":198558,"n":"Cranberries Sainte Lucie 125g","p":3.65,"u":"29,20 €/KG","img":"https://fd15-photos.leclercdrive.fr/image.ashx?id=2435914&use=l&cat=p&typeid=i","cat":284504},{"id":198567,"n":"Café minceur Vitavea Bio Intense - 24g","p":6.85,"u":"285,42 €/KG","img":"https://fd15-photos.leclercdrive.fr/image.ashx?id=2767156&use=l&cat=p&typeid=i","cat":284843},{"id":198582,"n":"Desserts Lactés P'TIT ONCTUEUX Mangue ananas 6M+ - 4x90g","p":3.05,"u":"8,47 €/KG","img":"https://fd15-photos.leclercdrive.fr/image.ashx?id=2435932&use=l&cat=p&typeid=i","cat":312392},{"id":198623,"n":"Capsules Nescafé Dolce Gusto  Double Espresso - x16","p":7.35,"u":"54,04 €/KG","img":"https://fd15-photos.leclercdrive.fr/image.ashx?id=2687245&use=l&cat=p&typeid=i","cat":293239},{"id":198669,"n":"Sugo al basilico  340g","p":1.89,"u":"5,56 €/KG","img":"https://fd15-photos.leclercdrive.fr/image.ashx?id=2840025&use=l&cat=p&typeid=i","cat":288384},{"id":198794,"n":"Protège-slips Doulys Ultra-mince Long - x30","p":1.79,"u":"0,06 €/P","img":"https://fd15-photos.leclercdrive.fr/image.ashx?id=2882343&use=l&cat=p&typeid=i","cat":284625},{"id":198835,"n":"Gel à raser Satin Care Gillette Nettoyant 2 en 1 - 190ML","p":18.7,"u":"98,42 €/L","img":"https://fd15-photos.leclercdrive.fr/image.ashx?id=2529132&use=l&cat=p&typeid=i","cat":325352},{"id":198838,"n":"Tartélice pomme Lotus  345g","p":6.36,"u":"18,43 €/KG","img":"https://fd15-photos.leclercdrive.fr/image.ashx?id=2439626&use=l&cat=p&typeid=i","cat":284495},{"id":198924,"n":"Gel à raser GilletteLabs Skin Care - 198ml","p":11.3,"u":"57,07 €/MT","img":"https://fd15-photos.leclercdrive.fr/image.ashx?id=2955215&use=l&cat=p&typeid=i","cat":284617},{"id":198959,"n":"Gel désodorisant Uni vert Lavande Eucalyptus","p":2.09,"img":"https://fd15-photos.leclercdrive.fr/image.ashx?id=2478934&use=l&cat=p&typeid=i","cat":311628},{"id":198968,"n":"Bloc wc javel Syphon eau bleue x2 - 100g","p":3.89,"u":"38,90 €/KG","img":"https://fd15-photos.leclercdrive.fr/image.ashx?id=2437005&use=l&cat=p&typeid=i","cat":284662},{"id":198972,"n":"Nettoyant ménager Clair Désinfectant - 5L","p":5.99,"u":"1,20 €/L","img":"https://fd15-photos.leclercdrive.fr/image.ashx?id=2437008&use=l&cat=p&typeid=i","cat":284907},{"id":198974,"n":"Perles désodorisantes Bien Air Agrumes","p":1.95,"img":"https://fd15-photos.leclercdrive.fr/image.ashx?id=2466892&use=l&cat=p&typeid=i","cat":311628},{"id":199097,"n":"Chocolat Père Noel Kinder 160g","p":9.2,"u":"57,50 €/KG","img":"https://fd15-photos.leclercdrive.fr/image.ashx?id=2764308&use=l&cat=p&typeid=i","cat":327592},{"id":199298,"n":"Bûche glacée Eskiss Façon Pêche Melba - 565g","p":4.99,"u":"8,83 €/KG","img":"https://fd15-photos.leclercdrive.fr/image.ashx?id=2791377&use=l&cat=p&typeid=i","cat":284266},{"id":199367,"n":"Pancakes Le Ster  Pépite chocolat - 280g","p":4.09,"u":"14,61 €/KG","img":"https://fd15-photos.leclercdrive.fr/image.ashx?id=2962569&use=l&cat=p&typeid=i","cat":284495},{"id":199512,"n":"Cervelas Herta Sans nitrite - 200g","p":3.65,"u":"18,25 €/KG","img":"https://fd15-photos.leclercdrive.fr/image.ashx?id=2443832&use=l&cat=p&typeid=i","cat":316012},{"id":199552,"n":"Dentifrice Elmex Anti-caries Original - 75ml","p":3.35,"u":"44,67 €/L","img":"https://fd15-photos.leclercdrive.fr/image.ashx?id=2852181&use=l&cat=p&typeid=i","cat":284612},{"id":199553,"n":"Dentifrice Elmex Sensitive Original - 75ml","p":3.59,"u":"47,87 €/L","img":"https://fd15-photos.leclercdrive.fr/image.ashx?id=2738404&use=l&cat=p&typeid=i","cat":284612},{"id":199555,"n":"Bain de bouche Elmex Sensitive Dents sensibles - 400 ml","p":5.25,"u":"13,13 €/L","img":"https://fd15-photos.leclercdrive.fr/image.ashx?id=2837232&use=l&cat=p&typeid=i","cat":284613},{"id":199579,"n":"Pâtes Fusilli Panzani 3x500g","p":4.5,"pp":3.37,"u":"2,25 €/KG","img":"https://fd15-photos.leclercdrive.fr/image.ashx?id=2877697&use=l&cat=p&typeid=i","cat":284427},{"id":199655,"n":"Bûchettes Délices Pilpa Vanille Fruits  x6 - 351g","p":5.59,"u":"15,93 €/KG","img":"https://fd15-photos.leclercdrive.fr/image.ashx?id=2444060&use=l&cat=p&typeid=i","cat":284266},{"id":199657,"n":"Jambon cru Aoste 6 tranches + 3 offertes - 150g","p":4.35,"u":"29,00 €/KG","img":"https://fd15-photos.leclercdrive.fr/image.ashx?id=2442659&use=l&cat=p&typeid=i","cat":316007},{"id":199678,"n":"Lait vitaminé Viva Candia  1% MG Méga Format - 10x1L","p":12.9,"u":"1,29 €/L","img":"https://fd15-photos.leclercdrive.fr/image.ashx?id=2442665&use=l&cat=p&typeid=i","cat":317169},{"id":200055,"n":"Chèvre crémeux Atelier Blini 140g","p":4.9,"u":"35,00 €/KG","img":"https://fd15-photos.leclercdrive.fr/image.ashx?id=3008326&use=l&cat=p&typeid=i","cat":315999},{"id":200094,"n":"Oeufs surprises Sonic x3 - 60g","p":4.09,"u":"22,72 €/KG","img":"https://fd15-photos.leclercdrive.fr/image.ashx?id=2445685&use=l&cat=p&typeid=i","cat":284958},{"id":200123,"n":"Lait de coco Suzi Wan 330ml","p":4.7,"u":"14,24 €/KG","img":"https://fd15-photos.leclercdrive.fr/image.ashx?id=2886214&use=l&cat=p&typeid=i","cat":288992},{"id":200188,"n":"Ramen Cup Oyakata Poulet Shio - 63g","p":1.79,"u":"28,41 €/KG","img":"https://fd15-photos.leclercdrive.fr/image.ashx?id=2446128&use=l&cat=p&typeid=i","cat":288992},{"id":200202,"n":"Repas bébé Blédina 15 mois carotte haricot riz bœuf 200g","p":3.5,"u":"17,50 €/KG","img":"https://fd15-photos.leclercdrive.fr/image.ashx?id=2586586&use=l&cat=p&typeid=i","cat":312238},{"id":200218,"n":"Repas bébé Blédina 15 mois carotte pâte épices poulet 200g","p":3.5,"u":"17,50 €/KG","img":"https://fd15-photos.leclercdrive.fr/image.ashx?id=2951632&use=l&cat=p&typeid=i","cat":312238},{"id":200322,"n":"Foie gras de canard à la truffe L'ODG Entier mi cuit - 150g","p":21.95,"u":"146,33 €/KG","img":"https://fd15-photos.leclercdrive.fr/image.ashx?id=2452708&use=l&cat=p&typeid=i","cat":316008},{"id":200323,"n":"Cassoulet Castelnaudary NRT 420g","p":3.7,"u":"8,81 €/KG","img":"https://fd15-photos.leclercdrive.fr/image.ashx?id=2723264&use=l&cat=p&typeid=i","cat":284440},{"id":200330,"n":"Bougies magiques Sainte Lucie x12 -1p","p":2.4,"img":"https://fd15-photos.leclercdrive.fr/image.ashx?id=2447933&use=l&cat=p&typeid=i","cat":284504},{"id":200377,"n":"Plat bébé soir Blédîner 15 mois Légumes macaroni persil - 200g","p":3.75,"u":"18,75 €/KG","img":"https://fd15-photos.leclercdrive.fr/image.ashx?id=2866292&use=l&cat=p&typeid=i","cat":312239},{"id":200378,"n":"Repas bébé Blédina 15 mois Pâtes brocolis jambon - 200g","p":3.5,"u":"17,50 €/KG","img":"https://fd15-photos.leclercdrive.fr/image.ashx?id=2975104&use=l&cat=p&typeid=i","cat":312238},{"id":200379,"n":"Cassoulet Castelnaud NRT 840g","p":6.49,"u":"7,73 €/KG","img":"https://fd15-photos.leclercdrive.fr/image.ashx?id=2723267&use=l&cat=p&typeid=i","cat":284440},{"id":200384,"n":"Grande flute Eco+ Fromage - 150g","p":2.03,"u":"13,53 €/KG","img":"https://fd15-photos.leclercdrive.fr/image.ashx?id=2681461&use=l&cat=p&typeid=i","cat":297000},{"id":200634,"n":"Trio mini foies gras de canard L'Origine du Goût Entier - 180g","p":22.9,"u":"127,22 €/KG","img":"https://fd15-photos.leclercdrive.fr/image.ashx?id=2795635&use=l&cat=p&typeid=i","cat":316008},{"id":200649,"n":"Saumon fumé d'Écosse L'Origine du Goût x2 - 70g","p":8.95,"u":"127,86 €/KG","img":"https://fd15-photos.leclercdrive.fr/image.ashx?id=2775487&use=l&cat=p&typeid=i","cat":285188},{"id":200675,"n":"Sauce sauternes Maître coq Crème & Girolles - 120g","p":7.9,"u":"65,83 €/KG","img":"https://fd15-photos.leclercdrive.fr/image.ashx?id=2452095&use=l&cat=p&typeid=i","cat":327293},{"id":200709,"n":"Soupe liquide brique Liebig  Cèpes & Bolets - 2x30cl","p":3.45,"u":"5,75 €/L","img":"https://fd15-photos.leclercdrive.fr/image.ashx?id=2472204&use=l&cat=p&typeid=i","cat":284462},{"id":200711,"n":"Soupe liquide brique Liebig  Potiron Chataîgne - 2x30cl","p":3.45,"u":"5,75 €/L","img":"https://fd15-photos.leclercdrive.fr/image.ashx?id=2693485&use=l&cat=p&typeid=i","cat":284462},{"id":200713,"n":"Biscuits BN Choco Star Chocolat au lait - 195g","p":3.95,"u":"20,26 €/KG","img":"https://fd15-photos.leclercdrive.fr/image.ashx?id=2730487&use=l&cat=p&typeid=i","cat":284488},{"id":200714,"n":"Céréales Lion Nestlé   Triple Crunchy - 550g","p":7.74,"u":"14,07 €/KG","img":"https://fd15-photos.leclercdrive.fr/image.ashx?id=2893538&use=l&cat=p&typeid=i","cat":309513},{"id":200715,"n":"Biscuits Pépito Lu pocket Chocolat au lait 230g","p":3.25,"u":"14,13 €/KG","img":"https://fd15-photos.leclercdrive.fr/image.ashx?id=2828781&use=l&cat=p&typeid=i","cat":284488},{"id":200763,"n":"Gel lavant hydratant Sanytol Aloe vera Bio - 250ml","p":3.55,"u":"14,20 €/L","img":"https://fd15-photos.leclercdrive.fr/image.ashx?id=2905273&use=l&cat=p&typeid=i","cat":284597},{"id":200774,"n":"AIRWICK Recharge Active Fresh Désodorisant Vanille - 228ml","p":6.8,"u":"29,82 €/L","img":"https://fd15-photos.leclercdrive.fr/image.ashx?id=2864675&use=l&cat=p&typeid=i","cat":311629},{"id":200781,"n":"Serviettes hygiéniques Nana Maxi régulier+ x16","p":2.77,"u":"0,17 €/P","img":"https://fd15-photos.leclercdrive.fr/image.ashx?id=2454454&use=l&cat=p&typeid=i","cat":284624},{"id":200987,"n":"Mini burger Jacquet Nature x10 - 210g","p":2.9,"u":"13,81 €/KG","img":"https://fd15-photos.leclercdrive.fr/image.ashx?id=2991873&use=l&cat=p&typeid=i","cat":325067},{"id":200994,"n":"Nouilles Soy Shrimps Nissin 63g","p":1.99,"u":"31,59 €/KG","img":"https://fd15-photos.leclercdrive.fr/image.ashx?id=2453640&use=l&cat=p&typeid=i","cat":288992},{"id":201017,"n":"Crêpes dentelles Bretagne NRT 120g","p":3.09,"u":"25,75 €/KG","img":"https://fd15-photos.leclercdrive.fr/image.ashx?id=2622359&use=l&cat=p&typeid=i","cat":284487},{"id":201081,"n":"Yaourt à la grecque Yaos  Morceaux de fraises - 4x125g","p":4.35,"u":"8,70 €/KG","img":"https://fd15-photos.leclercdrive.fr/image.ashx?id=2454772&use=l&cat=p&typeid=i","cat":284410},{"id":201107,"n":"Café dosettes Tassimo Café au Lait x21","p":7.89,"u":"32,60 €/KG","img":"https://fd15-photos.leclercdrive.fr/image.ashx?id=2457605&use=l&cat=p&typeid=i","cat":293240},{"id":201140,"n":"Yaourt à la grecque Yaos  Morceaux d'abricots - 4x125g","p":3.92,"u":"7,84 €/KG","img":"https://fd15-photos.leclercdrive.fr/image.ashx?id=2455123&use=l&cat=p&typeid=i","cat":284410},{"id":201142,"n":"Yaourt à la grecque Yaos  Morceaux de pêches - 4x125g","p":3.93,"u":"7,86 €/KG","img":"https://fd15-photos.leclercdrive.fr/image.ashx?id=2455126&use=l&cat=p&typeid=i","cat":284410},{"id":201185,"n":"Gel douche Dove Avocat & Calendula - 400ML","p":6.31,"u":"15,78 €/L","img":"https://fd15-photos.leclercdrive.fr/image.ashx?id=2456038&use=l&cat=p&typeid=i","cat":284594},{"id":201192,"n":"Boisson fermentée désalcoolisée Rouge - à base de raisin - 75cl","p":4.99,"u":"6,65 €/L","img":"https://fd15-photos.leclercdrive.fr/image.ashx?id=2477664&use=l&cat=p&typeid=i","cat":284549},{"id":201193,"n":"Boisson fermentée désalcoolisée Rosé - à base de raisin - 75cl","p":6.1,"u":"8,13 €/L","img":"https://fd15-photos.leclercdrive.fr/image.ashx?id=2477667&use=l&cat=p&typeid=i","cat":284549},{"id":201194,"n":"Boisson fermentée désalcoolisée Blanc - à base de raisin - 75cl","p":5.45,"u":"7,27 €/L","img":"https://fd15-photos.leclercdrive.fr/image.ashx?id=2477670&use=l&cat=p&typeid=i","cat":284549},{"id":201201,"n":"Cacahuetes grillés Tokapi Salées - 3x250g","p":3.89,"u":"5,19 €/KG","img":"https://fd15-photos.leclercdrive.fr/image.ashx?id=2793332&use=l&cat=p&typeid=i","cat":284448},{"id":201203,"n":"Préparation Pancakes Mapple Joe - 215g 8à10 pancakes","p":3.95,"u":"18,37 €/KG","img":"https://fd15-photos.leclercdrive.fr/image.ashx?id=2657394&use=l&cat=p&typeid=i","cat":284504},{"id":201224,"n":"Déodorant Femme Spray Rexona Anti-transpiration - 200ML","p":5.45,"u":"27,25 €/L","img":"https://fd15-photos.leclercdrive.fr/image.ashx?id=2938316&use=l&cat=p&typeid=i","cat":284595},{"id":201243,"n":"AOP Vin blanc Monbazillac 37.5cl","p":7.39,"u":"19,71 €/L","img":"https://fd15-photos.leclercdrive.fr/image.ashx?id=2756894&use=l&cat=p&typeid=i","cat":289557},{"id":201300,"n":"Fromage enfant La Vache qui rit Original 32P à tartiner - 512g","p":5.46,"u":"10,66 €/KG","img":"https://fd15-photos.leclercdrive.fr/image.ashx?id=2945448&use=l&cat=p&typeid=i","cat":314030},{"id":201357,"n":"Yaourt brebis Le Petit Basque Stracciatella - 4x100g","p":5.49,"u":"13,73 €/KG","img":"https://fd15-photos.leclercdrive.fr/image.ashx?id=2458466&use=l&cat=p&typeid=i","cat":314999},{"id":201360,"n":"AOC Buzet L'Excellence Blanc - 75cl","p":7.79,"u":"10,39 €/L","img":"https://fd15-photos.leclercdrive.fr/image.ashx?id=2833423&use=l&cat=p&typeid=i","cat":289557},{"id":201368,"n":"Pur jus de pomme Bio Village Bio - 2L","p":4.99,"u":"2,50 €/L","img":"https://fd15-photos.leclercdrive.fr/image.ashx?id=2480301&use=l&cat=p&typeid=i","cat":284522},{"id":201455,"n":"Thé vert Boost Yate x20 - 32g","p":2.6,"u":"81,25 €/KG","img":"https://fd15-photos.leclercdrive.fr/image.ashx?id=2897811&use=l&cat=p&typeid=i","cat":293233},{"id":201456,"n":"Maté Yate x20 - 30g","p":1.59,"u":"53,00 €/KG","img":"https://fd15-photos.leclercdrive.fr/image.ashx?id=2645978&use=l&cat=p&typeid=i","cat":293233},{"id":201457,"n":"Infusion détente Tisea x20","p":1.99,"u":"62,19 €/KG","img":"https://fd15-photos.leclercdrive.fr/image.ashx?id=2672948&use=l&cat=p&typeid=i","cat":293234},{"id":201458,"n":"Chips ondulées Pom' Lisse 135g","p":1.66,"u":"12,30 €/KG","img":"https://fd15-photos.leclercdrive.fr/image.ashx?id=2644695&use=l&cat=p&typeid=i","cat":284447},{"id":201459,"n":"Haricot vert Notre Jardin Beurre - 280g","p":2.59,"u":"9,25 €/KG","img":"https://fd15-photos.leclercdrive.fr/image.ashx?id=3002650&use=l&cat=p&typeid=i","cat":312606},{"id":201460,"n":"Terrine de campagne Côté Table Sel de guérande - 180g","p":1.55,"u":"8,61 €/KG","img":"https://fd15-photos.leclercdrive.fr/image.ashx?id=2460418&use=l&cat=p&typeid=i","cat":305149},{"id":201463,"n":"Capsules Nescafé Dolce Gusto  Espresso Macchiato 16 capsules","p":7.35,"u":"72,77 €/KG","img":"https://fd15-photos.leclercdrive.fr/image.ashx?id=2506855&use=l&cat=p&typeid=i","cat":293239},{"id":201528,"n":"Porto ruby Dorrao 18%vol - 75cl","p":12.09,"u":"16,12 €/L","img":"https://fd15-photos.leclercdrive.fr/image.ashx?id=2869871&use=l&cat=p&typeid=i","cat":284913},{"id":201581,"n":"Repas Plaisir Terrines Poulet Chat adulte stérilisé - 100g","p":0.89,"u":"8,90 €/KG","img":"https://fd15-photos.leclercdrive.fr/image.ashx?id=2492716&use=l&cat=p&typeid=i","cat":285286},{"id":201593,"n":"Repas Plaisir Terrine au poulet Chien Junior - 300g","p":1.79,"u":"5,97 €/KG","img":"https://fd15-photos.leclercdrive.fr/image.ashx?id=2486967&use=l&cat=p&typeid=i","cat":284673},{"id":201594,"n":"Repas Plaisir Terrines au boeuf Légumes - Chien adulte - 300g","p":1.79,"u":"5,97 €/KG","img":"https://fd15-photos.leclercdrive.fr/image.ashx?id=2853197&use=l&cat=p&typeid=i","cat":284673},{"id":201595,"n":"Repas Plaisir Terrines poulet Légumes - Chien adulte - 300g","p":1.79,"u":"5,97 €/KG","img":"https://fd15-photos.leclercdrive.fr/image.ashx?id=2853200&use=l&cat=p&typeid=i","cat":284673},{"id":201596,"n":"Repas Plaisir Terrine dinde Légumes - Chien adulte - 300g","p":1.79,"u":"5,97 €/KG","img":"https://fd15-photos.leclercdrive.fr/image.ashx?id=2492728&use=l&cat=p&typeid=i","cat":284673},{"id":201688,"n":"Beurre plaquette Eco+ Doux - 60% MG  - 200g","p":2.4,"u":"12,00 €/KG","img":"https://fd15-photos.leclercdrive.fr/image.ashx?id=2794187&use=l&cat=p&typeid=i","cat":284379},{"id":201689,"n":"Café capsules Plantation Lungo -","p":8.91,"u":"57,12 €/KG","img":"https://fd15-photos.leclercdrive.fr/image.ashx?id=2860085&use=l&cat=p&typeid=i","cat":284749},{"id":201690,"n":"Beurre plaquette Eco+ Demi-sel - 60% MG - 200g","p":2.4,"u":"12,00 €/KG","img":"https://fd15-photos.leclercdrive.fr/image.ashx?id=2794184&use=l&cat=p&typeid=i","cat":284379},{"id":201693,"n":"Frites Crousti Express Findus Micro-ondes Classique 2x100g","p":2.37,"u":"11,85 €/KG","img":"https://fd15-photos.leclercdrive.fr/image.ashx?id=2648271&use=l&cat=p&typeid=i","cat":319791},{"id":201694,"n":"Frites Crousti Express Findus Micro-ondes Quartiers - 2x100g","p":1.91,"u":"9,55 €/KG","img":"https://fd15-photos.leclercdrive.fr/image.ashx?id=2653789&use=l&cat=p&typeid=i","cat":319791},{"id":201708,"n":"Spray Solaire Garnier Hypoallergénique SPF50+ - 150ml","p":21.15,"u":"141,00 €/L","img":"https://fd15-photos.leclercdrive.fr/image.ashx?id=2572272&use=l&cat=p&typeid=i","cat":325355},{"id":201725,"n":"Lait Solaire SPF50+ Garnier Hypoallergénique - 175ml","p":20.75,"u":"118,57 €/L","img":"https://fd15-photos.leclercdrive.fr/image.ashx?id=2569728&use=l&cat=p&typeid=i","cat":325355},{"id":201726,"n":"Spray Solaire Enfants Garnier Hypoallergénique SPF50+ - 150ml","p":21.75,"u":"145,00 €/L","img":"https://fd15-photos.leclercdrive.fr/image.ashx?id=2552847&use=l&cat=p&typeid=i","cat":325355},{"id":201747,"n":"Thé vert Lipton Fleur d'oranger - x20 - 30g","p":4.79,"u":"159,67 €/KG","img":"https://fd15-photos.leclercdrive.fr/image.ashx?id=2463398&use=l&cat=p&typeid=i","cat":293233},{"id":201759,"n":"Infusion Twinings Ayurveda citron vert mangue curcuma x20","p":3.99,"u":"133,00 €/KG","img":"https://fd15-photos.leclercdrive.fr/image.ashx?id=2893051&use=l&cat=p&typeid=i","cat":293234},{"id":201772,"n":"Dentifrice Elmex Sensitive Blancheur douce - 75ml","p":3.59,"u":"47,87 €/L","img":"https://fd15-photos.leclercdrive.fr/image.ashx?id=2721187&use=l&cat=p&typeid=i","cat":284612},{"id":201774,"n":"Sous-vêtements nuit DryNites® Garçons 4-7 ans (17-30 kg) x16","p":16.45,"u":"1,03 €/P","img":"https://fd15-photos.leclercdrive.fr/image.ashx?id=2844727&use=l&cat=p&typeid=i","cat":290633},{"id":201775,"n":"Sous-vêtements nuit DryNites® Garçons 8-13 ans (30-48 kg) x13","p":16.45,"u":"1,27 €/P","img":"https://fd15-photos.leclercdrive.fr/image.ashx?id=2971314&use=l&cat=p&typeid=i","cat":290633},{"id":201776,"n":"Sous-vêtements nuit DryNites® Filles 8-13 ans (30-48 kg) x13","p":16.44,"u":"1,26 €/P","img":"https://fd15-photos.leclercdrive.fr/image.ashx?id=2844736&use=l&cat=p&typeid=i","cat":290633},{"id":201790,"n":"Sachet repas chat Purina One Chats difficiles 4x85g","p":3.7,"u":"10,88 €/KG","img":"https://fd15-photos.leclercdrive.fr/image.ashx?id=2477868&use=l&cat=p&typeid=i","cat":285286},{"id":201792,"n":"Mousseline Purina Gourmet Thon nappé de sauce - 4x57g","p":3.9,"u":"17,11 €/KG","img":"https://fd15-photos.leclercdrive.fr/image.ashx?id=2899722&use=l&cat=p&typeid=i","cat":285601},{"id":201835,"n":"Pizza Crousti Moelleuse Marie Royale - 500g","p":7.19,"u":"14,38 €/KG","img":"https://fd15-photos.leclercdrive.fr/image.ashx?id=2996704&use=l&cat=p&typeid=i","cat":284256},{"id":201836,"n":"Pizza Crousti Moelleuse Marie 4 fromages - 500g","p":7.19,"u":"14,38 €/KG","img":"https://fd15-photos.leclercdrive.fr/image.ashx?id=2996701&use=l&cat=p&typeid=i","cat":284256},{"id":201837,"n":"Protège-slips Doulys Ultra-mince normal - x45","p":1.3,"u":"0,03 €/P","img":"https://fd15-photos.leclercdrive.fr/image.ashx?id=2849590&use=l&cat=p&typeid=i","cat":284625},{"id":201839,"n":"Sauce arrabbiata Turini 420g","p":1.67,"u":"3,98 €/KG","img":"https://fd15-photos.leclercdrive.fr/image.ashx?id=2465062&use=l&cat=p&typeid=i","cat":287599},{"id":201840,"n":"Poudre chocolat Ovomaltine 350g","p":9.95,"u":"28,43 €/KG","img":"https://fd15-photos.leclercdrive.fr/image.ashx?id=2465610&use=l&cat=p&typeid=i","cat":293235},{"id":201915,"n":"Protège-slips Doulys Slip ou string - x45","p":1.85,"u":"0,04 €/P","img":"https://fd15-photos.leclercdrive.fr/image.ashx?id=2877466&use=l&cat=p&typeid=i","cat":284625},{"id":201934,"n":"Protège-slips Vania Confort Fresh - x56","p":4.23,"img":"https://fd15-photos.leclercdrive.fr/image.ashx?id=2735227&use=l&cat=p&typeid=i","cat":284625},{"id":201935,"n":"Protège-slips Confort Vania  Sans parfum - x56","p":4.01,"u":"0,07 €/P","img":"https://fd15-photos.leclercdrive.fr/image.ashx?id=2735230&use=l&cat=p&typeid=i","cat":284625},{"id":201942,"n":"Spray désinfectant Clair Multi-surfaces - 400ml","p":4.79,"u":"11,98 €/MT","img":"https://fd15-photos.leclercdrive.fr/image.ashx?id=2467682&use=l&cat=p&typeid=i","cat":325357},{"id":201945,"n":"Gel Douche Le Petit Marseillais  Lait de vanille - 250ml","p":2.53,"u":"10,12 €/L","img":"https://fd15-photos.leclercdrive.fr/image.ashx?id=2676096&use=l&cat=p&typeid=i","cat":284594},{"id":201946,"n":"Gel Douche Le Petit Marseillais Lait de vanille - 650 ml","p":6.27,"u":"9,65 €/L","img":"https://fd15-photos.leclercdrive.fr/image.ashx?id=2674794&use=l&cat=p&typeid=i","cat":284594},{"id":201947,"n":"Gel Douche Le Petit Marseillais Fleur de cerisie - 650ml","p":6.27,"u":"9,65 €/L","img":"https://fd15-photos.leclercdrive.fr/image.ashx?id=2676099&use=l&cat=p&typeid=i","cat":284594},{"id":201948,"n":"Gel Douche Le Petit Marseillais Abricot et noisette - 650ml","p":6.27,"u":"9,65 €/MT","img":"https://fd15-photos.leclercdrive.fr/image.ashx?id=2676102&use=l&cat=p&typeid=i","cat":284594},{"id":201949,"n":"Gel Douche Le Petit Marseillais Fleur d'oranger - 250ml","p":2.5,"u":"10,00 €/MT","img":"https://fd15-photos.leclercdrive.fr/image.ashx?id=2963397&use=l&cat=p&typeid=i","cat":284594},{"id":201950,"n":"Gel Douche Le Petit Marseillais Amande douce - 250ml","p":2.58,"u":"10,32 €/MT","img":"https://fd15-photos.leclercdrive.fr/image.ashx?id=2946592&use=l&cat=p&typeid=i","cat":284594},{"id":201951,"n":"Gel Douche Le Petit Marseillais Lait - 250ml","p":2.39,"u":"9,56 €/MT","img":"https://fd15-photos.leclercdrive.fr/image.ashx?id=2676108&use=l&cat=p&typeid=i","cat":284594},{"id":201952,"n":"Gel Douche Le Petit Marseillais Lait - 650ml","p":6.27,"u":"9,65 €/L","img":"https://fd15-photos.leclercdrive.fr/image.ashx?id=2676111&use=l&cat=p&typeid=i","cat":284594},{"id":201953,"n":"Gel Douche Le Petit Marseillais Pêche nectarine - 250ml","p":2.53,"u":"10,12 €/L","img":"https://fd15-photos.leclercdrive.fr/image.ashx?id=2938761&use=l&cat=p&typeid=i","cat":284594},{"id":201954,"n":"Gel Douche Le Petit Marseillais  Peche nectarine - 650ml","p":5.39,"u":"8,29 €/L","img":"https://fd15-photos.leclercdrive.fr/image.ashx?id=2676114&use=l&cat=p&typeid=i","cat":284594},{"id":201955,"n":"Gel Douche Le Petit Marseillais Olivier Tillieul - 650ml","p":5.85,"u":"9,00 €/MT","img":"https://fd15-photos.leclercdrive.fr/image.ashx?id=2676117&use=l&cat=p&typeid=i","cat":284594},{"id":201956,"n":"Gel Douche Le Petit Marseillais Verveine citron - 250ml","p":2.17,"u":"8,68 €/MT","img":"https://fd15-photos.leclercdrive.fr/image.ashx?id=2941769&use=l&cat=p&typeid=i","cat":284594},{"id":201957,"n":"Gel douche pamplemousse orange  Le Petit marseillais - 650ml","p":6.27,"u":"9,65 €/L","img":"https://fd15-photos.leclercdrive.fr/image.ashx?id=2676123&use=l&cat=p&typeid=i","cat":284594},{"id":201984,"n":"Repas Plaisir chat stérilisé Recettes viande-poisson -24x85g","p":10.69,"u":"5,24 €/KG","img":"https://fd15-photos.leclercdrive.fr/image.ashx?id=2490659&use=l&cat=p&typeid=i","cat":285286},{"id":202047,"n":"Blanc de Poulet Tradilège -25% de sel - 6 Tranches - 180g","p":3.99,"u":"22,17 €/KG","img":"https://fd15-photos.leclercdrive.fr/image.ashx?id=2943713&use=l&cat=p&typeid=i","cat":316010},{"id":202049,"n":"Crème glacée Trium Chocolat Brownie - 415g","p":5.29,"u":"12,75 €/KG","img":"https://fd15-photos.leclercdrive.fr/image.ashx?id=2469037&use=l&cat=p&typeid=i","cat":284725},{"id":202051,"n":"Crème glacée Trium Macadamia - 430g","p":5.59,"u":"13,00 €/KG","img":"https://fd15-photos.leclercdrive.fr/image.ashx?id=2469043&use=l&cat=p&typeid=i","cat":284725},{"id":202054,"n":"Pizza Eco+ 6 fromages x2 - 680g","p":6.69,"u":"9,84 €/KG","img":"https://fd15-photos.leclercdrive.fr/image.ashx?id=2756840&use=l&cat=p&typeid=i","cat":284256},{"id":202055,"n":"Crème glacée Trium Cookie Dough - 416g","p":5.09,"u":"12,24 €/KG","img":"https://fd15-photos.leclercdrive.fr/image.ashx?id=2469040&use=l&cat=p&typeid=i","cat":284725},{"id":202061,"n":"Yaourt nature Actifidus Délisse 0% MG - 8x125g","p":3.65,"u":"3,65 €/KG","img":"https://fd15-photos.leclercdrive.fr/image.ashx?id=2469082&use=l&cat=p&typeid=i","cat":284409},{"id":202064,"n":"Fromage blanc nature Délisse 500g","p":2.05,"u":"4,10 €/KG","img":"https://fd15-photos.leclercdrive.fr/image.ashx?id=3012878&use=l&cat=p&typeid=i","cat":284409},{"id":202066,"n":"Fromage blanc nature Délisse 4x100g","p":1.89,"u":"4,73 €/KG","img":"https://fd15-photos.leclercdrive.fr/image.ashx?id=3012881&use=l&cat=p&typeid=i","cat":284409},{"id":202068,"n":"Yaourt à la Grecque Délisse  450g","p":2.39,"u":"5,31 €/KG","img":"https://fd15-photos.leclercdrive.fr/image.ashx?id=2885140&use=l&cat=p&typeid=i","cat":314999},{"id":202074,"n":"Poêlée de légumes Épeautre  Notre Jardin - 750g","p":2.85,"u":"3,80 €/KG","img":"https://fd15-photos.leclercdrive.fr/image.ashx?id=2771378&use=l&cat=p&typeid=i","cat":319823},{"id":202075,"n":"Poêlée jardinière quinoa Notre Jardin - 750g","p":2.76,"u":"3,68 €/KG","img":"https://fd15-photos.leclercdrive.fr/image.ashx?id=2771381&use=l&cat=p&typeid=i","cat":319823},{"id":202077,"n":"Crème semi-épaisse Soutenons Nos Agriculteurs - 3x20cl","p":3.49,"u":"5,82 €/L","img":"https://fd15-photos.leclercdrive.fr/image.ashx?id=2469067&use=l&cat=p&typeid=i","cat":284381},{"id":202081,"n":"Pizza moelleuse Turini 3 viandes - 590g","p":5.89,"u":"9,98 €/KG","img":"https://fd15-photos.leclercdrive.fr/image.ashx?id=2816609&use=l&cat=p&typeid=i","cat":284256},{"id":202084,"n":"Saucisson sec Eco   400g","p":5.59,"u":"13,98 €/KG","img":"https://fd15-photos.leclercdrive.fr/image.ashx?id=2766166&use=l&cat=p&typeid=i","cat":316006},{"id":202402,"n":"Crumble aux pommes Equador 2x90g","p":3.49,"u":"19,39 €/KG","img":"https://fd15-photos.leclercdrive.fr/image.ashx?id=2470279&use=l&cat=p&typeid=i","cat":284419},{"id":202519,"n":"Pains aux raisins briochés  x5 - 500g","p":4.5,"u":"9,00 €/KG","img":"https://fd15-photos.leclercdrive.fr/image.ashx?id=2472038&use=l&cat=p&typeid=i","cat":284984},{"id":202544,"n":"Gel douche Le Petit Marseillais Grenade - 250ml","p":2.75,"u":"11,00 €/L","img":"https://fd15-photos.leclercdrive.fr/image.ashx?id=2685126&use=l&cat=p&typeid=i","cat":284594},{"id":202545,"n":"Gel douche Le Petit Marseillais Fleur de Tiare - 250ml","p":2.53,"u":"10,12 €/L","img":"https://fd15-photos.leclercdrive.fr/image.ashx?id=2676093&use=l&cat=p&typeid=i","cat":284594},{"id":202546,"n":"Gel douche Le Petit Marseillais Mandarine - 250ml","p":2.81,"u":"11,24 €/L","img":"https://fd15-photos.leclercdrive.fr/image.ashx?id=2684527&use=l&cat=p&typeid=i","cat":284594},{"id":202547,"n":"Gel douche Le Petit Marseillais Mangue Passion - 250ml","p":2.66,"u":"10,64 €/L","img":"https://fd15-photos.leclercdrive.fr/image.ashx?id=2685189&use=l&cat=p&typeid=i","cat":284594},{"id":202602,"n":"Eau de javel La Croix Plus Désinfectant Lavande - 1,5L","p":4.1,"u":"2,73 €/L","img":"https://fd15-photos.leclercdrive.fr/image.ashx?id=2474941&use=l&cat=p&typeid=i","cat":284661},{"id":202620,"n":"Purée de tomate Panzani Tomacouli nature bio - 265g","p":1.39,"u":"5,25 €/KG","img":"https://fd15-photos.leclercdrive.fr/image.ashx?id=2890604&use=l&cat=p&typeid=i","cat":288384},{"id":202623,"n":"Lentilles blondes Eco  500g","p":1.63,"u":"3,26 €/KG","img":"https://fd15-photos.leclercdrive.fr/image.ashx?id=2553851&use=l&cat=p&typeid=i","cat":284430},{"id":202637,"n":"Nectar Caresse Antillaise Orange gingembre 1L","p":2.65,"u":"2,65 €/L","img":"https://fd15-photos.leclercdrive.fr/image.ashx?id=2481198&use=l&cat=p&typeid=i","cat":284521},{"id":202638,"n":"Nectar Caresse Antillaise Orange gingembre 50cl","p":1.55,"u":"3,10 €/L","img":"https://fd15-photos.leclercdrive.fr/image.ashx?id=2481201&use=l&cat=p&typeid=i","cat":284521},{"id":202639,"n":"Ancelly chocolat Alsa Préparation entremets 4x40g","p":1.28,"u":"8,00 €/KG","img":"https://fd15-photos.leclercdrive.fr/image.ashx?id=2252079&use=l&cat=p&typeid=i","cat":284505},{"id":202640,"n":"Ancelly vanille Alsa Préparation entremets 4x40g","p":1.28,"u":"8,00 €/KG","img":"https://fd15-photos.leclercdrive.fr/image.ashx?id=2498044&use=l&cat=p&typeid=i","cat":284505},{"id":202643,"n":"Huile de tournesol Lesieur 1L","p":3.77,"u":"3,77 €/L","img":"https://fd15-photos.leclercdrive.fr/image.ashx?id=2477904&use=l&cat=p&typeid=i","cat":284453},{"id":202645,"n":"Bananes séchées Fariba Saveur Caraïbes - 50g","p":1.55,"u":"31,00 €/KG","img":"https://fd15-photos.leclercdrive.fr/image.ashx?id=2201366&use=l&cat=p&typeid=i","cat":284357},{"id":202646,"n":"Liquide vaisselle citron Madras 5L","p":5.99,"u":"1,20 €/L","img":"https://fd15-photos.leclercdrive.fr/image.ashx?id=2481468&use=l&cat=p&typeid=i","cat":284655},{"id":202651,"n":"IGP Côtes de Gascogne Elia Rosé - 75cl","p":6.95,"u":"9,27 €/L","img":"https://fd15-photos.leclercdrive.fr/image.ashx?id=2732779&use=l&cat=p&typeid=i","cat":289558},{"id":202821,"n":"Lait en poudre Nido Nestlé 28%mg 2,5kg","p":34.99,"u":"14,00 €/KG","img":"https://fd15-photos.leclercdrive.fr/image.ashx?id=2690328&use=l&cat=p&typeid=i","cat":299162},{"id":202824,"n":"Lait en poudre Nido Nestlé 28%mg boîte de 900g","p":13.39,"u":"14,88 €/KG","img":"https://fd15-photos.leclercdrive.fr/image.ashx?id=2690331&use=l&cat=p&typeid=i","cat":299162},{"id":202827,"n":"Fromage fondu La Vache Qui Rit  16 portions","p":3.45,"u":"13,48 €/KG","img":"https://fd15-photos.leclercdrive.fr/image.ashx?id=2690337&use=l&cat=p&typeid=i","cat":314029},{"id":202829,"n":"Fromage fondu La Vache Qui Rit  24 portions","p":4.55,"u":"11,85 €/KG","img":"https://fd15-photos.leclercdrive.fr/image.ashx?id=2690340&use=l&cat=p&typeid=i","cat":314029},{"id":202830,"n":"Fromage fondu La Vache Qui Rit  8 portions","p":1.86,"u":"10,94 €/KG","img":"https://fd15-photos.leclercdrive.fr/image.ashx?id=2690343&use=l&cat=p&typeid=i","cat":314029},{"id":202831,"n":"Fromage fondu La Vache Qui Rit  32 portions 512g","p":5.95,"u":"11,62 €/KG","img":"https://fd15-photos.leclercdrive.fr/image.ashx?id=2690346&use=l&cat=p&typeid=i","cat":314030},{"id":202832,"n":"Confiture de noix de coco Royal 320g","p":2.75,"u":"8,59 €/KG","img":"https://fd15-photos.leclercdrive.fr/image.ashx?id=2690514&use=l&cat=p&typeid=i","cat":284480},{"id":202834,"n":"Confiture extra d'ananas Royal 330g","p":3.85,"u":"11,67 €/KG","img":"https://fd15-photos.leclercdrive.fr/image.ashx?id=2690517&use=l&cat=p&typeid=i","cat":284480},{"id":202835,"n":"Confiture extra de banane Royal 330g","p":2.75,"u":"8,33 €/KG","img":"https://fd15-photos.leclercdrive.fr/image.ashx?id=2690520&use=l&cat=p&typeid=i","cat":284480},{"id":202836,"n":"Confiture goyave rose Royal 330g","p":2.4,"u":"7,27 €/KG","img":"https://fd15-photos.leclercdrive.fr/image.ashx?id=2690523&use=l&cat=p&typeid=i","cat":284480},{"id":202840,"n":"Confiture de banane Dormoy Extra 325g","p":2.6,"u":"8,00 €/KG","img":"https://fd15-photos.leclercdrive.fr/image.ashx?id=2690553&use=l&cat=p&typeid=i","cat":284480},{"id":202842,"n":"Confiture de goyave Dormoy Extra 325g","p":2.55,"u":"7,85 €/KG","img":"https://fd15-photos.leclercdrive.fr/image.ashx?id=2690556&use=l&cat=p&typeid=i","cat":284480},{"id":202848,"n":"Confiture de banane Dormoy 850 g","p":4.4,"u":"5,18 €/KG","img":"https://fd15-photos.leclercdrive.fr/image.ashx?id=2690559&use=l&cat=p&typeid=i","cat":284480},{"id":202850,"n":"Confiture de goyave Dormoy 850g","p":4.4,"u":"5,18 €/KG","img":"https://fd15-photos.leclercdrive.fr/image.ashx?id=2690562&use=l&cat=p&typeid=i","cat":284480},{"id":202853,"n":"Orangina 50cl","p":1.15,"u":"2,30 €/L","img":"https://fd15-photos.leclercdrive.fr/image.ashx?id=2478919&use=l&cat=p&typeid=i","cat":284532},{"id":202857,"n":"Couches Pampers Premium Protection - T2 - x54","p":20.92,"u":"0,39 €/P","img":"https://fd15-photos.leclercdrive.fr/image.ashx?id=2683367&use=l&cat=p&typeid=i","cat":284737},{"id":202859,"n":"Couches Pampers Premium Protection - T5 - x34","p":19.77,"u":"0,58 €/P","img":"https://fd15-photos.leclercdrive.fr/image.ashx?id=2792999&use=l&cat=p&typeid=i","cat":284737},{"id":202870,"n":"Sucrines bicolores Panier du Primeur x3","p":3.49,"u":"1,16 €/P","img":"https://fd15-photos.leclercdrive.fr/image.ashx?id=2477544&use=l&cat=p&typeid=i","cat":284352},{"id":202871,"n":"Coeur de sucrine  Panier du Primeur x6","p":4.99,"u":"1,66 €/P","img":"https://fd15-photos.leclercdrive.fr/image.ashx?id=2477547&use=l&cat=p&typeid=i","cat":284352},{"id":202873,"n":"Couches Pampers Protection Premium - T6 - x30","p":20.51,"u":"0,68 €/P","img":"https://fd15-photos.leclercdrive.fr/image.ashx?id=2812025&use=l&cat=p&typeid=i","cat":284737},{"id":202877,"n":"Couches Pampers Baby Dry Pants - T4 - x42","p":20.51,"u":"0,49 €/P","img":"https://fd15-photos.leclercdrive.fr/image.ashx?id=2692785&use=l&cat=p&typeid=i","cat":284737},{"id":202878,"n":"Couches Pampers Baby-dry Night Pants - T4 - x40","p":24.0,"u":"0,60 €/P","img":"https://fd15-photos.leclercdrive.fr/image.ashx?id=2669424&use=l&cat=p&typeid=i","cat":284737},{"id":202881,"n":"Couches Pampers Baby-Dry Night Pants - T5 -x35","p":24.0,"u":"0,69 €/P","img":"https://fd15-photos.leclercdrive.fr/image.ashx?id=2669427&use=l&cat=p&typeid=i","cat":284737},{"id":202888,"n":"Gel douche Adidas Active Start - 250ml","p":3.45,"u":"13,80 €/L","img":"https://fd15-photos.leclercdrive.fr/image.ashx?id=2990805&use=l&cat=p&typeid=i","cat":284619},{"id":202905,"n":"Bâtonnets Biscoff Lotus Chocolat blanc - 276g","p":5.5,"u":"19,93 €/KG","img":"https://fd15-photos.leclercdrive.fr/image.ashx?id=2687101&use=l&cat=p&typeid=i","cat":284265},{"id":202943,"n":"Bouquet garni pays La botte","p":2.39,"img":"https://fd15-photos.leclercdrive.fr/image.ashx?id=2363496&use=l&cat=p&typeid=i","cat":293607},{"id":202968,"n":"Fromage blanc Lindahls Protein  Fraise Citron vert - 2x160g","p":3.69,"u":"23,06 €/KG","img":"https://fd15-photos.leclercdrive.fr/image.ashx?id=2870191&use=l&cat=p&typeid=i","cat":315000},{"id":202971,"n":"Fromage blanc Lindahls Protein  Stracciatella - 2x160g","p":2.99,"u":"18,69 €/KG","img":"https://fd15-photos.leclercdrive.fr/image.ashx?id=3007957&use=l&cat=p&typeid=i","cat":314999},{"id":203036,"n":"Gel douche Mixa Bébé  Très Doux Corps Cheveux - 300ml","p":6.91,"u":"23,03 €/L","img":"https://fd15-photos.leclercdrive.fr/image.ashx?id=2479318&use=l&cat=p&typeid=i","cat":284740},{"id":203037,"n":"Shampooing Mixa Bébé  Très Doux - 300ml","p":4.85,"u":"16,17 €/L","img":"https://fd15-photos.leclercdrive.fr/image.ashx?id=2479321&use=l&cat=p&typeid=i","cat":284740},{"id":203038,"n":"Shampooing démêlant Mixa Bébé Karité - 300ml","p":4.0,"u":"13,33 €/L","img":"https://fd15-photos.leclercdrive.fr/image.ashx?id=2478640&use=l&cat=p&typeid=i","cat":284740},{"id":203041,"n":"Lait de toilette Mixa Bébé  Très Doux - 300ml","p":7.2,"u":"24,00 €/L","img":"https://fd15-photos.leclercdrive.fr/image.ashx?id=2479324&use=l&cat=p&typeid=i","cat":284741},{"id":203045,"n":"Madeleine longues  Le Ster Pépites de chocolat - 250g","p":2.49,"u":"9,96 €/KG","img":"https://fd15-photos.leclercdrive.fr/image.ashx?id=2962575&use=l&cat=p&typeid=i","cat":284492},{"id":203055,"n":"Diffuseur Automatic Spray Glade Sandalwood & Jasmine - 269 ml","p":16.65,"img":"https://fd15-photos.leclercdrive.fr/image.ashx?id=2866007&use=l&cat=p&typeid=i","cat":311629},{"id":203062,"n":"Spray désodorisant Glade  Bois de Santal & Jasmin - 269ml","p":8.2,"u":"30,48 €/L","img":"https://fd15-photos.leclercdrive.fr/image.ashx?id=2864170&use=l&cat=p&typeid=i","cat":311629},{"id":203063,"n":"Gel désodorisant Glade  Longue durée - Muguet - x1","p":3.65,"img":"https://fd15-photos.leclercdrive.fr/image.ashx?id=2479429&use=l&cat=p&typeid=i","cat":311628},{"id":203088,"n":"Pizza moelleuse Turini  Végétale - 610g","p":4.89,"u":"8,02 €/KG","img":"https://fd15-photos.leclercdrive.fr/image.ashx?id=2816612&use=l&cat=p&typeid=i","cat":284256},{"id":203089,"n":"Pizza au feu de bois Turini Chèvre et miel - 410g","p":5.09,"u":"12,41 €/KG","img":"https://fd15-photos.leclercdrive.fr/image.ashx?id=2816615&use=l&cat=p&typeid=i","cat":284256},{"id":203293,"n":"Jnet Gros Travaux 5L","p":11.55,"u":"2,31 €/L","img":"https://fd15-photos.leclercdrive.fr/image.ashx?id=2630232&use=l&cat=p&typeid=i","cat":284661},{"id":203654,"n":"Mont Pelé Refresh cocktail Tropical 6x50cl","p":6.2,"u":"2,07 €/L","img":"https://fd15-photos.leclercdrive.fr/image.ashx?id=2484711&use=l&cat=p&typeid=i","cat":284915},{"id":203655,"n":"Mont Pelé Refresh pomme poire 6x50cl","p":7.05,"u":"2,35 €/L","img":"https://fd15-photos.leclercdrive.fr/image.ashx?id=2484714&use=l&cat=p&typeid=i","cat":284522},{"id":203656,"n":"Mont Pelé Refresh fruits rouges 6x50cl","p":6.35,"u":"2,12 €/L","img":"https://fd15-photos.leclercdrive.fr/image.ashx?id=2484717&use=l&cat=p&typeid=i","cat":284915},{"id":203657,"n":"Jus Mont Pelé goyave ananas Canettes 4x50cl","p":4.7,"u":"2,35 €/L","img":"https://fd15-photos.leclercdrive.fr/image.ashx?id=2621792&use=l&cat=p&typeid=i","cat":284915},{"id":203659,"n":"Jus Mont Pelé fruits rouges 4x50cl","p":4.7,"u":"2,35 €/L","img":"https://fd15-photos.leclercdrive.fr/image.ashx?id=2771966&use=l&cat=p&typeid=i","cat":284915},{"id":203660,"n":"Jus Mont Pelé tropical 4x50cl","p":4.95,"u":"2,48 €/L","img":"https://fd15-photos.leclercdrive.fr/image.ashx?id=2621789&use=l&cat=p&typeid=i","cat":295018},{"id":203662,"n":"Soda Coca Cola  10x50cl dont 2 gratuits","p":10.15,"u":"2,03 €/L","img":"https://fd15-photos.leclercdrive.fr/image.ashx?id=2484729&use=l&cat=p&typeid=i","cat":284530},{"id":203665,"n":"Capri Sun gros volume Pack de 4x10x20cl","p":21.25,"u":"2,66 €/L","img":"https://fd15-photos.leclercdrive.fr/image.ashx?id=2484708&use=l&cat=p&typeid=i","cat":295018},{"id":203668,"n":"Capri Sun monster alarm 10x20cl","p":5.61,"u":"2,81 €/L","img":"https://fd15-photos.leclercdrive.fr/image.ashx?id=2490885&use=l&cat=p&typeid=i","cat":295018},{"id":203706,"n":"Couches-culottes Pampers Pants Taille 3 - 6kg à 11kg - x104","p":45.0,"u":"0,43 €/P","img":"https://fd15-photos.leclercdrive.fr/image.ashx?id=2624348&use=l&cat=p&typeid=i","cat":290633},{"id":203812,"n":"Recharge Savon Inéos Mains Sels Minéraux - 500ml","p":6.9,"u":"13,80 €/L","img":"https://fd15-photos.leclercdrive.fr/image.ashx?id=2630748&use=l&cat=p&typeid=i","cat":284597},{"id":203821,"n":"Boîte chien Pedigree  Cuisinés en sauce - 6x400g","p":11.69,"u":"4,87 €/KG","img":"https://fd15-photos.leclercdrive.fr/image.ashx?id=2849722&use=l&cat=p&typeid=i","cat":288578},{"id":203822,"n":"Boîte chien Pedigree Cuisinés en sauce - 4x400g","p":8.2,"u":"5,13 €/KG","img":"https://fd15-photos.leclercdrive.fr/image.ashx?id=2849719&use=l&cat=p&typeid=i","cat":288578},{"id":203826,"n":"Sachet fraicheur chat Whiskas Poissons en gelée - 12x85g","p":9.45,"u":"9,26 €/KG","img":"https://fd15-photos.leclercdrive.fr/image.ashx?id=2486910&use=l&cat=p&typeid=i","cat":285286},{"id":203828,"n":"Sachet repas chaton Whiskas Festins volaille gelée - 12x85g","p":9.45,"u":"9,26 €/KG","img":"https://fd15-photos.leclercdrive.fr/image.ashx?id=2487093&use=l&cat=p&typeid=i","cat":285286},{"id":203894,"n":"Masque Repulpant Pastèque Fructis Hair Food - 390ml","p":11.1,"u":"28,46 €/L","img":"https://fd15-photos.leclercdrive.fr/image.ashx?id=2505675&use=l&cat=p&typeid=i","cat":284608},{"id":203895,"n":"Soin démêlant Hydratant Aloe Vera - Hair Food - 350ml","p":6.15,"u":"17,57 €/L","img":"https://fd15-photos.leclercdrive.fr/image.ashx?id=2878069&use=l&cat=p&typeid=i","cat":284608},{"id":203927,"n":"Mousse à raser  Gillette Labs - 240ml","p":11.99,"u":"49,96 €/L","img":"https://fd15-photos.leclercdrive.fr/image.ashx?id=2849289&use=l&cat=p&typeid=i","cat":284617},{"id":203971,"n":"IGP Vin rouge Languedoc Les Schistes - 75cl","p":8.59,"u":"11,45 €/L","img":"https://fd15-photos.leclercdrive.fr/image.ashx?id=2904886&use=l&cat=p&typeid=i","cat":289556},{"id":204045,"n":"Carottes Bio Village Bio - En rondelles - 195g","p":2.19,"u":"11,23 €/KG","img":"https://fd15-photos.leclercdrive.fr/image.ashx?id=2487358&use=l&cat=p&typeid=i","cat":312607},{"id":204050,"n":"Haricots vert Bio Village Bio 220g","p":1.59,"u":"7,23 €/KG","img":"https://fd15-photos.leclercdrive.fr/image.ashx?id=3002716&use=l&cat=p&typeid=i","cat":312606},{"id":204054,"n":"Thon entier Pèche Océan MSC 2x70g","p":2.35,"u":"16,79 €/KG","img":"https://fd15-photos.leclercdrive.fr/image.ashx?id=2942238&use=l&cat=p&typeid=i","cat":303867},{"id":204056,"n":"Céréales Spécial K Kellogg's Fruits rouges - 450g","p":5.69,"u":"12,64 €/KG","img":"https://fd15-photos.leclercdrive.fr/image.ashx?id=2775029&use=l&cat=p&typeid=i","cat":309512},{"id":204057,"n":"Céréales Spécial K Kellogg's Chocolat noir - 500g","p":4.99,"u":"9,98 €/KG","img":"https://fd15-photos.leclercdrive.fr/image.ashx?id=2692710&use=l&cat=p&typeid=i","cat":309512},{"id":204058,"n":"Céréales Special K Kellogg's Chocolat au Lait - 500g","p":4.99,"u":"9,98 €/KG","img":"https://fd15-photos.leclercdrive.fr/image.ashx?id=2692713&use=l&cat=p&typeid=i","cat":309512},{"id":204059,"n":"Boule tomate bio Bio Village 42g","p":1.09,"u":"25,95 €/KG","img":"https://fd15-photos.leclercdrive.fr/image.ashx?id=2487380&use=l&cat=p&typeid=i","cat":284449},{"id":204061,"n":"Mais Bio Village Bio - 285g","p":1.89,"u":"6,63 €/KG","img":"https://fd15-photos.leclercdrive.fr/image.ashx?id=3002719&use=l&cat=p&typeid=i","cat":312611},{"id":204064,"n":"Haricots verts d'aucy  Bio - 2x110g","p":2.9,"u":"13,18 €/KG","img":"https://fd15-photos.leclercdrive.fr/image.ashx?id=2496995&use=l&cat=p&typeid=i","cat":312606},{"id":204065,"n":"Bouillon Knorr Saveur boeuf - 150g","p":1.79,"pp":1.43,"u":"9,53 €/KG","img":"https://fd15-photos.leclercdrive.fr/image.ashx?id=2866846&use=l&cat=p&typeid=i","cat":288379},{"id":204066,"n":"Préparation pour spritz Giffard Vol. 16% - 50cl","p":9.65,"u":"19,30 €/L","img":"https://fd15-photos.leclercdrive.fr/image.ashx?id=2491460&use=l&cat=p&typeid=i","cat":286032},{"id":204072,"n":"Compotes douceur du Verger Pomme Vanille - 4x100g","p":1.95,"u":"4,88 €/KG","img":"https://fd15-photos.leclercdrive.fr/image.ashx?id=2487401&use=l&cat=p&typeid=i","cat":284416},{"id":204073,"n":"Fromage Fouetté Ail Fines Herbe à tartiner Les Croisés - 150g","p":2.45,"u":"16,33 €/KG","img":"https://fd15-photos.leclercdrive.fr/image.ashx?id=2487398&use=l&cat=p&typeid=i","cat":314029},{"id":204118,"n":"Sirop de cassis NRT De Bourgogne - 70cl","p":4.3,"u":"6,14 €/L","img":"https://fd15-photos.leclercdrive.fr/image.ashx?id=2590514&use=l&cat=p&typeid=i","cat":295020},{"id":204131,"n":"Nettoyant four Decapfour  Express - 500ml","p":7.29,"u":"14,58 €/L","img":"https://fd15-photos.leclercdrive.fr/image.ashx?id=2489719&use=l&cat=p&typeid=i","cat":325363},{"id":204156,"n":"Gel douche L'Arbre Vert Aloé Vera bio - 250ml","p":2.72,"u":"10,88 €/L","img":"https://fd15-photos.leclercdrive.fr/image.ashx?id=2490272&use=l&cat=p&typeid=i","cat":284594},{"id":204167,"n":"Sachet chat senior Whiskas Festins volaille sauce - 12x85g","p":9.45,"u":"9,26 €/KG","img":"https://fd15-photos.leclercdrive.fr/image.ashx?id=2588999&use=l&cat=p&typeid=i","cat":285286},{"id":204169,"n":"Sachet fraicheur chat Whiskas Festins volaille gelée - 12x85g","p":9.45,"u":"9,26 €/KG","img":"https://fd15-photos.leclercdrive.fr/image.ashx?id=2490329&use=l&cat=p&typeid=i","cat":285286},{"id":204239,"n":"Recharges Venus Gillette Deluxe Smooth Swirl - x3","p":18.35,"u":"6,12 €/P","img":"https://fd15-photos.leclercdrive.fr/image.ashx?id=2536239&use=l&cat=p&typeid=i","cat":325352},{"id":204247,"n":"Protège-slip Vania Confort Multiformes - 1p","p":4.23,"img":"https://fd15-photos.leclercdrive.fr/image.ashx?id=2735224&use=l&cat=p&typeid=i","cat":284625},{"id":204251,"n":"Dentifrice Oral-B Pro-Expert Protection - 2x75ml","p":6.09,"u":"40,60 €/L","img":"https://fd15-photos.leclercdrive.fr/image.ashx?id=2846174&use=l&cat=p&typeid=i","cat":284612},{"id":204302,"n":"Shampoing nutrition Ultra Doux Lait de coco - 300ml","p":5.4,"u":"18,00 €/L","img":"https://fd15-photos.leclercdrive.fr/image.ashx?id=2492788&use=l&cat=p&typeid=i","cat":284606},{"id":204305,"n":"Shampoing nutrition Ultra Doux Argan et camélia - 300ml","p":5.4,"u":"18,00 €/L","img":"https://fd15-photos.leclercdrive.fr/image.ashx?id=2492797&use=l&cat=p&typeid=i","cat":284606},{"id":204306,"n":"Shampoing nutrition Ultra Doux Cheveu Bouclé à Frisé - 300ml","p":5.4,"u":"18,00 €/L","img":"https://fd15-photos.leclercdrive.fr/image.ashx?id=2926599&use=l&cat=p&typeid=i","cat":284606},{"id":204307,"n":"Shampoing Couleur Ultra Doux Cheveux colorés - 300ml","p":5.4,"u":"18,00 €/L","img":"https://fd15-photos.leclercdrive.fr/image.ashx?id=2492803&use=l&cat=p&typeid=i","cat":284606},{"id":204308,"n":"Shampoing Enfants Ultra Doux Abricot - 300ml","p":5.4,"u":"18,00 €/L","img":"https://fd15-photos.leclercdrive.fr/image.ashx?id=2851093&use=l&cat=p&typeid=i","cat":284606},{"id":204309,"n":"Shampoing Hydratant Ultra Doux Eau de coco & Aloe Vera - 300ml","p":5.5,"u":"18,33 €/L","img":"https://fd15-photos.leclercdrive.fr/image.ashx?id=2492809&use=l&cat=p&typeid=i","cat":284606},{"id":204311,"n":"Shampoing doux Ultra Doux Extrait de tilleul - 300ml","p":5.89,"u":"19,63 €/L","img":"https://fd15-photos.leclercdrive.fr/image.ashx?id=2492815&use=l&cat=p&typeid=i","cat":284606},{"id":204312,"n":"Shampoing Ultra Doux  Erable Huile de Ricin - 300ml","p":5.4,"u":"18,00 €/L","img":"https://fd15-photos.leclercdrive.fr/image.ashx?id=2492818&use=l&cat=p&typeid=i","cat":284606},{"id":204313,"n":"Après-shampooing karité Garnier Cheveu bouclé à Frisé - 250ml","p":4.45,"u":"17,80 €/L","img":"https://fd15-photos.leclercdrive.fr/image.ashx?id=2986651&use=l&cat=p&typeid=i","cat":284607},{"id":204314,"n":"Après-shampoing Ultra doux Cheveux fragiles - 250ml","p":4.45,"u":"17,80 €/L","img":"https://fd15-photos.leclercdrive.fr/image.ashx?id=2646569&use=l&cat=p&typeid=i","cat":284607},{"id":204315,"n":"Démêlant nourrissant Garnier Cheveu sec à très sec - 250ml","p":4.45,"u":"17,80 €/L","img":"https://fd15-photos.leclercdrive.fr/image.ashx?id=2492827&use=l&cat=p&typeid=i","cat":284607},{"id":204316,"n":"Shampoing réparateur Ultra Doux Cheveux fragiles - 300ml","p":5.4,"u":"18,00 €/L","img":"https://fd15-photos.leclercdrive.fr/image.ashx?id=2646572&use=l&cat=p&typeid=i","cat":284606},{"id":204323,"n":"Chips Vico Paprika - 125g","p":1.76,"u":"14,08 €/KG","img":"https://fd15-photos.leclercdrive.fr/image.ashx?id=2921298&use=l&cat=p&typeid=i","cat":284447},{"id":204329,"n":"Soupe liquide Liebig  Façon napolitaine - 1L","p":3.65,"u":"3,65 €/L","img":"https://fd15-photos.leclercdrive.fr/image.ashx?id=2493133&use=l&cat=p&typeid=i","cat":284462},{"id":204330,"n":"Soupe liquide brique Liebig  Poule Vermicelles - 1L","p":3.65,"u":"3,65 €/L","img":"https://fd15-photos.leclercdrive.fr/image.ashx?id=2493136&use=l&cat=p&typeid=i","cat":284462},{"id":204476,"n":"Pâtes Blé complet Barilla Linguine Integrale - 500g","p":1.91,"u":"3,82 €/KG","img":"https://fd15-photos.leclercdrive.fr/image.ashx?id=2968535&use=l&cat=p&typeid=i","cat":284427},{"id":204488,"n":"Dentifrice Aquafresh Triple Protection Blancheur - 125ml","p":2.12,"u":"16,96 €/L","img":"https://fd15-photos.leclercdrive.fr/image.ashx?id=2546755&use=l&cat=p&typeid=i","cat":284612},{"id":204620,"n":"Purée Butternut Patate douce Notre Jardin - 750g","p":2.33,"u":"3,11 €/KG","img":"https://fd15-photos.leclercdrive.fr/image.ashx?id=2856208&use=l&cat=p&typeid=i","cat":319805},{"id":204621,"n":"Purée de courgette Céleri  Brocoli Notre Jardin - 750g","p":2.33,"u":"3,11 €/KG","img":"https://fd15-photos.leclercdrive.fr/image.ashx?id=2860031&use=l&cat=p&typeid=i","cat":319805},{"id":204710,"n":"Crème solaire Mixa Protection enfant- SPF50- 175ml","p":16.05,"u":"91,71 €/L","img":"https://fd15-photos.leclercdrive.fr/image.ashx?id=2494995&use=l&cat=p&typeid=i","cat":325355},{"id":204731,"n":"Sachet fraîcheur chat Whiskas  Sélection en sauce - 12x85g","p":9.45,"u":"9,26 €/KG","img":"https://fd15-photos.leclercdrive.fr/image.ashx?id=2495764&use=l&cat=p&typeid=i","cat":285286},{"id":204734,"n":"Boîte chien Pedigree Cuisinés en sauce - 3x800g","p":12.35,"u":"5,15 €/KG","img":"https://fd15-photos.leclercdrive.fr/image.ashx?id=2849731&use=l&cat=p&typeid=i","cat":288578},{"id":204742,"n":"Sainte-Marguerite Les Croisés 200g","p":3.69,"u":"18,45 €/KG","img":"https://fd15-photos.leclercdrive.fr/image.ashx?id=2523534&use=l&cat=p&typeid=i","cat":329558},{"id":204748,"n":"Boisson énergisante Red Bull Goût Abricot-Fraise, 250ml","p":3.0,"u":"12,00 €/L","img":"https://fd15-photos.leclercdrive.fr/image.ashx?id=3011995&use=l&cat=p&typeid=i","cat":284533},{"id":204787,"n":"Grands lardons fumé Petitgas - 200g","p":3.43,"u":"17,15 €/KG","img":"https://fd15-photos.leclercdrive.fr/image.ashx?id=2504716&use=l&cat=p&typeid=i","cat":316011},{"id":204788,"n":"Gnocchi à poêler Lustucru 325g","p":2.49,"u":"7,66 €/KG","img":"https://fd15-photos.leclercdrive.fr/image.ashx?id=2975218&use=l&cat=p&typeid=i","cat":333682},{"id":204792,"n":"Girasoli Lustucru Tomate Basilic Mozzarella 250g","p":3.5,"u":"14,00 €/KG","img":"https://fd15-photos.leclercdrive.fr/image.ashx?id=2974363&use=l&cat=p&typeid=i","cat":333682},{"id":204796,"n":"Tortellini Lustucru Jambon cru - 250g","p":3.5,"u":"14,00 €/KG","img":"https://fd15-photos.leclercdrive.fr/image.ashx?id=2974360&use=l&cat=p&typeid=i","cat":333682},{"id":204871,"n":"Nectar de banane Eco+ 1L","p":2.19,"u":"2,19 €/L","img":"https://fd15-photos.leclercdrive.fr/image.ashx?id=2955611&use=l&cat=p&typeid=i","cat":284915},{"id":204944,"n":"Paëlla de volaille et moules  Eco+ - 1kg","p":5.05,"u":"5,05 €/KG","img":"https://fd15-photos.leclercdrive.fr/image.ashx?id=2496929&use=l&cat=p&typeid=i","cat":325094},{"id":204952,"n":"Thon Sauce Catalane Petit Navire - 140g","p":3.25,"u":"23,21 €/KG","img":"https://fd15-photos.leclercdrive.fr/image.ashx?id=2989072&use=l&cat=p&typeid=i","cat":303867},{"id":204954,"n":"Haché Extra Moelleux Charal Façon Bouchère 8x110g - 880g","p":13.95,"u":"15,85 €/KG","img":"https://fd15-photos.leclercdrive.fr/image.ashx?id=2731732&use=l&cat=p&typeid=i","cat":319778},{"id":204955,"n":"Hot Dog Ketchup Charal 4x125g - 500g","p":9.49,"u":"18,98 €/KG","img":"https://fd15-photos.leclercdrive.fr/image.ashx?id=2741982&use=l&cat=p&typeid=i","cat":319822},{"id":204983,"n":"Capri Sun safari fruits 10x20cl","p":5.7,"u":"2,85 €/L","img":"https://fd15-photos.leclercdrive.fr/image.ashx?id=2483427&use=l&cat=p&typeid=i","cat":295018},{"id":204997,"n":"Cornet Gaufrette 3 Toques simple x12 - 50g","p":2.13,"u":"42,60 €/KG","img":"https://fd15-photos.leclercdrive.fr/image.ashx?id=2545762&use=l&cat=p&typeid=i","cat":284487},{"id":204999,"n":"Cornet Gaufrette 3 Toques  assortis x18 - 75g","p":3.2,"u":"42,67 €/KG","img":"https://fd15-photos.leclercdrive.fr/image.ashx?id=2545765&use=l&cat=p&typeid=i","cat":284487},{"id":205009,"n":"Colin d'Alaska & riz D'Aucy Crème de St Jacques 280g","p":5.05,"u":"18,04 €/KG","img":"https://fd15-photos.leclercdrive.fr/image.ashx?id=2498221&use=l&cat=p&typeid=i","cat":284953},{"id":205011,"n":"Lasagnes au saumon d'aucy 300g","p":4.99,"u":"16,63 €/KG","img":"https://fd15-photos.leclercdrive.fr/image.ashx?id=2522539&use=l&cat=p&typeid=i","cat":284953},{"id":205099,"n":"Colle gel universelle Scotch 3x30ml","p":7.65,"u":"85,00 €/L","img":"https://fd15-photos.leclercdrive.fr/image.ashx?id=2558328&use=l&cat=p&typeid=i","cat":334133},{"id":205103,"n":"Colle extra forte Scotch 30ml","p":4.89,"u":"163,00 €/L","img":"https://fd15-photos.leclercdrive.fr/image.ashx?id=2625232&use=l&cat=p&typeid=i","cat":334133},{"id":205144,"n":"Moutarde de Dijon - Clovis 200g","p":2.69,"u":"13,45 €/KG","img":"https://fd15-photos.leclercdrive.fr/image.ashx?id=2984841&use=l&cat=p&typeid=i","cat":288850},{"id":205182,"n":"Soupe liquide brique Liebig  Poule Vermicelles - 2x30cl","p":3.45,"u":"5,75 €/KG","img":"https://fd15-photos.leclercdrive.fr/image.ashx?id=2693488&use=l&cat=p&typeid=i","cat":284462},{"id":205232,"n":"Serviettes Always Ultra Normal Plus - T1 - x14","p":3.04,"u":"0,22 €/P","img":"https://fd15-photos.leclercdrive.fr/image.ashx?id=2851321&use=l&cat=p&typeid=i","cat":284624},{"id":205233,"n":"Serviettes Always Ultra Long - T2 - x12","p":3.04,"u":"0,25 €/P","img":"https://fd15-photos.leclercdrive.fr/image.ashx?id=2851324&use=l&cat=p&typeid=i","cat":284624},{"id":205235,"n":"Serviettes Always Ultra Secure night -T4 - x9","p":3.04,"u":"0,34 €/P","img":"https://fd15-photos.leclercdrive.fr/image.ashx?id=2851330&use=l&cat=p&typeid=i","cat":284624},{"id":205236,"n":"Protège-slip Always Fresh & Protect - Normal - x30","p":2.45,"u":"0,08 €/P","img":"https://fd15-photos.leclercdrive.fr/image.ashx?id=2949070&use=l&cat=p&typeid=i","cat":284625},{"id":205237,"n":"Sérum anti-âge L'Oréal Paris Revitalift Vitamine C - 30ml","p":26.15,"u":"871,67 €/L","img":"https://fd15-photos.leclercdrive.fr/image.ashx?id=3003351&use=l&cat=p&typeid=i","cat":325345},{"id":205238,"n":"Savon Eco+ Amande douce - 150g","p":0.69,"u":"4,60 €/KG","img":"https://fd15-photos.leclercdrive.fr/image.ashx?id=2499058&use=l&cat=p&typeid=i","cat":284597},{"id":205239,"n":"Nettoyant four Decapfour Confort - 500ml","p":7.29,"u":"14,58 €/L","img":"https://fd15-photos.leclercdrive.fr/image.ashx?id=2499669&use=l&cat=p&typeid=i","cat":325363},{"id":205281,"n":"Huile d'olive vierge extra Terra Delyssa - 75cl","p":14.89,"u":"19,85 €/L","img":"https://fd15-photos.leclercdrive.fr/image.ashx?id=2679356&use=l&cat=p&typeid=i","cat":284453},{"id":205302,"n":"Gel lavant Sanytol Nourrisant Bio - 250ml","p":4.45,"u":"17,80 €/L","img":"https://fd15-photos.leclercdrive.fr/image.ashx?id=2904658&use=l&cat=p&typeid=i","cat":284597},{"id":205303,"n":"Gel lavant Sanytol Désinfectant cuisine - 250ml","p":4.2,"u":"16,80 €/L","img":"https://fd15-photos.leclercdrive.fr/image.ashx?id=2904661&use=l&cat=p&typeid=i","cat":284597},{"id":205311,"n":"Masque Remède Garnier Cheveux normaux à gras - 340ml","p":9.35,"u":"27,50 €/L","img":"https://fd15-photos.leclercdrive.fr/image.ashx?id=2500171&use=l&cat=p&typeid=i","cat":284608},{"id":205317,"n":"Après-Shampooing Garnier Cheveux normaux à gras - 200ml","p":5.15,"u":"25,75 €/L","img":"https://fd15-photos.leclercdrive.fr/image.ashx?id=2500174&use=l&cat=p&typeid=i","cat":284607},{"id":205318,"n":"Shampoing charbon Ultra Doux Equilibrant - 250ml","p":5.15,"u":"20,60 €/L","img":"https://fd15-photos.leclercdrive.fr/image.ashx?id=2500177&use=l&cat=p&typeid=i","cat":284606},{"id":205320,"n":"Masque Assouplissant Garnier Cheveu sec à très sec - 340ml","p":9.35,"u":"27,50 €/L","img":"https://fd15-photos.leclercdrive.fr/image.ashx?id=2500162&use=l&cat=p&typeid=i","cat":284608},{"id":205321,"n":"Masque Merveilleux Garnier Cheveux Secs, Ternes - 340ml","p":9.35,"u":"27,50 €/L","img":"https://fd15-photos.leclercdrive.fr/image.ashx?id=2500165&use=l&cat=p&typeid=i","cat":284608},{"id":205322,"n":"Masque remède Nutrition Garnier Avocat karité - 340ml","p":9.35,"u":"27,50 €/L","img":"https://fd15-photos.leclercdrive.fr/image.ashx?id=2875453&use=l&cat=p&typeid=i","cat":284608},{"id":205344,"n":"Pâte à tartiner Nocciolata  Bio cacao Noisettes - 650g","p":9.59,"u":"14,75 €/KG","img":"https://fd15-photos.leclercdrive.fr/image.ashx?id=2883248&use=l&cat=p&typeid=i","cat":284481},{"id":205348,"n":"Boisson gazeuse Schweppes Indian Tonic - 1,5L","p":2.8,"u":"1,87 €/L","img":"https://fd15-photos.leclercdrive.fr/image.ashx?id=2497145&use=l&cat=p&typeid=i","cat":284531},{"id":205349,"n":"Boisson gazeuse Schweppes Saveur Pomme - 1,5L","p":2.99,"u":"1,99 €/L","img":"https://fd15-photos.leclercdrive.fr/image.ashx?id=2495668&use=l&cat=p&typeid=i","cat":284532},{"id":205351,"n":"Pâte à tartiner Nocciolata  Bio - 650g","p":13.64,"u":"20,98 €/KG","img":"https://fd15-photos.leclercdrive.fr/image.ashx?id=2868194&use=l&cat=p&typeid=i","cat":284481},{"id":205520,"n":"Crème glacée La Laitière Rhum Raisins - 490g","p":5.25,"u":"10,71 €/KG","img":"https://fd15-photos.leclercdrive.fr/image.ashx?id=2877877&use=l&cat=p&typeid=i","cat":284263},{"id":205522,"n":"Shampoing Réparateur Elsève Pro Bond Repair - 200ml","p":11.8,"u":"59,00 €/L","img":"https://fd15-photos.leclercdrive.fr/image.ashx?id=3008779&use=l&cat=p&typeid=i","cat":284606},{"id":205525,"n":"Démêlant Intense Elsève Pro Bond Repair - 150ml","p":10.2,"u":"68,00 €/L","img":"https://fd15-photos.leclercdrive.fr/image.ashx?id=3008782&use=l&cat=p&typeid=i","cat":284607},{"id":205569,"n":"Nectar de goyave Eco+ 1L","p":2.59,"u":"2,59 €/L","img":"https://fd15-photos.leclercdrive.fr/image.ashx?id=2955614&use=l&cat=p&typeid=i","cat":284915},{"id":205583,"n":"Bol légumes Bio - 2x200g","p":3.49,"u":"8,73 €/KG","img":"https://fd15-photos.leclercdrive.fr/image.ashx?id=2704885&use=l&cat=p&typeid=i","cat":312236},{"id":205589,"n":"Bol légumes Bio Villages  6mois - 2x200g","p":3.39,"u":"8,48 €/KG","img":"https://fd15-photos.leclercdrive.fr/image.ashx?id=2501307&use=l&cat=p&typeid=i","cat":312235},{"id":205594,"n":"IGP Pruneaux d'Agen dénoyautés Nos Régions ont du Talent 375g","p":3.59,"u":"9,57 €/KG","img":"https://fd15-photos.leclercdrive.fr/image.ashx?id=2583837&use=l&cat=p&typeid=i","cat":284357},{"id":205659,"n":"Ptit diner Petit pois  Epinards et orge bio - 300g","p":4.75,"u":"15,83 €/KG","img":"https://fd15-photos.leclercdrive.fr/image.ashx?id=2832257&use=l&cat=p&typeid=i","cat":290631},{"id":205853,"n":"Couches Pampers Baby-dry T5 - x39","p":20.88,"u":"0,54 €/P","img":"https://fd15-photos.leclercdrive.fr/image.ashx?id=2655160&use=l&cat=p&typeid=i","cat":284737},{"id":205876,"n":"Nettoyant dilué Mr Propre Bicarbonate - 1L","p":3.55,"u":"3,55 €/L","img":"https://fd15-photos.leclercdrive.fr/image.ashx?id=2867842&use=l&cat=p&typeid=i","cat":284907},{"id":205890,"n":"Nettoyant multi-usages Mr Prore - Bergamote - 1L","p":3.35,"u":"3,35 €/L","img":"https://fd15-photos.leclercdrive.fr/image.ashx?id=2889979&use=l&cat=p&typeid=i","cat":284907},{"id":205892,"n":"Nettoyant multi-usages Mr Propre - Savon noir - 1L","p":3.55,"u":"3,55 €/L","img":"https://fd15-photos.leclercdrive.fr/image.ashx?id=2889976&use=l&cat=p&typeid=i","cat":284907},{"id":205920,"n":"Cracotte Lu Briochée - 240g","p":3.99,"u":"16,63 €/KG","img":"https://fd15-photos.leclercdrive.fr/image.ashx?id=2645408&use=l&cat=p&typeid=i","cat":284479},{"id":205938,"n":"Couches Pampers Baby-dry Taille 2 - x58","p":20.51,"u":"0,35 €/P","img":"https://fd15-photos.leclercdrive.fr/image.ashx?id=2655151&use=l&cat=p&typeid=i","cat":284737},{"id":205940,"n":"Couches Pampers Baby-dry T4+ - x40","p":20.51,"u":"0,51 €/P","img":"https://fd15-photos.leclercdrive.fr/image.ashx?id=2655526&use=l&cat=p&typeid=i","cat":284737},{"id":205941,"n":"Couches Pampers Baby-dry T4 - x45","p":20.92,"u":"0,46 €/P","img":"https://fd15-photos.leclercdrive.fr/image.ashx?id=2655157&use=l&cat=p&typeid=i","cat":284737},{"id":205943,"n":"Couches Pampers Baby-dry T6 - x34","p":20.51,"u":"0,60 €/P","img":"https://fd15-photos.leclercdrive.fr/image.ashx?id=2655532&use=l&cat=p&typeid=i","cat":284737},{"id":205957,"n":"Fromage Persillée Bresse Bleu Le véritable - 300g","p":5.6,"u":"18,67 €/KG","img":"https://fd15-photos.leclercdrive.fr/image.ashx?id=2926515&use=l&cat=p&typeid=i","cat":314032},{"id":206033,"n":"Biscuits Mots Doux P'tit Déli Chocolat noisettes - 180g","p":2.54,"u":"14,11 €/KG","img":"https://fd15-photos.leclercdrive.fr/image.ashx?id=2771136&use=l&cat=p&typeid=i","cat":284488},{"id":206106,"n":"Crème Visage Nuit Nivea Peaux à Imperfections - 40ml","p":13.25,"u":"331,25 €/L","img":"https://fd15-photos.leclercdrive.fr/image.ashx?id=2894999&use=l&cat=p&typeid=i","cat":325345},{"id":206108,"n":"Gommage Visage Nivea Peaux à Imperfections - 150ml","p":9.9,"u":"66,00 €/L","img":"https://fd15-photos.leclercdrive.fr/image.ashx?id=2836121&use=l&cat=p&typeid=i","cat":325346},{"id":206115,"n":"Serviette hygiénique Always Ultra normal - T1 - x16","p":3.04,"u":"0,19 €/P","img":"https://fd15-photos.leclercdrive.fr/image.ashx?id=2867809&use=l&cat=p&typeid=i","cat":284624},{"id":206123,"n":"Liquide vaisselle Paic Bi Activ Vinaigre et Sel minéral - 750ml","p":4.75,"u":"6,33 €/L","img":"https://fd15-photos.leclercdrive.fr/image.ashx?id=2508843&use=l&cat=p&typeid=i","cat":284655},{"id":206125,"n":"Riz parfumé  1kg","p":3.49,"u":"3,49 €/KG","img":"https://fd15-photos.leclercdrive.fr/image.ashx?id=2515521&use=l&cat=p&typeid=i","cat":284428},{"id":206126,"n":"Infusion La Tisanière Nuit calme - x20 - 28g","p":3.4,"u":"121,43 €/KG","img":"https://fd15-photos.leclercdrive.fr/image.ashx?id=2907863&use=l&cat=p&typeid=i","cat":293234},{"id":206128,"n":"Pâte à tartiner Nocciolata Bio Praliné Noisettes - 250g","p":6.79,"u":"27,16 €/KG","img":"https://fd15-photos.leclercdrive.fr/image.ashx?id=2883254&use=l&cat=p&typeid=i","cat":284481},{"id":206132,"n":"Infusion La Tisanière Après repas - x20 - 30g","p":3.4,"u":"113,33 €/KG","img":"https://fd15-photos.leclercdrive.fr/image.ashx?id=2843947&use=l&cat=p&typeid=i","cat":293234},{"id":206135,"n":"Infusion La Tisanière Fleur de camomille - x20  - 30g","p":3.29,"u":"109,67 €/KG","img":"https://fd15-photos.leclercdrive.fr/image.ashx?id=2880700&use=l&cat=p&typeid=i","cat":293234},{"id":206136,"n":"Cookies La Biscuiterie Delacre Pépites de chocolat - 136g","p":5.05,"u":"37,13 €/KG","img":"https://fd15-photos.leclercdrive.fr/image.ashx?id=2674086&use=l&cat=p&typeid=i","cat":325066},{"id":206137,"n":"Cookies La Biscuiterie Delacre Chocolat noir lait blanc -136g","p":4.05,"u":"29,78 €/KG","img":"https://fd15-photos.leclercdrive.fr/image.ashx?id=2673151&use=l&cat=p&typeid=i","cat":325066},{"id":206139,"n":"Sirop Teisseire Cassis - 60cl","p":5.99,"u":"9,98 €/L","img":"https://fd15-photos.leclercdrive.fr/image.ashx?id=2508588&use=l&cat=p&typeid=i","cat":295020},{"id":206140,"n":"Sirop concentré Teisseire Citron vert - 60cl","p":5.99,"u":"9,98 €/L","img":"https://fd15-photos.leclercdrive.fr/image.ashx?id=2508591&use=l&cat=p&typeid=i","cat":295020},{"id":206142,"n":"Sirop Teisseire  Fraise - 60cl","p":5.99,"u":"9,98 €/L","img":"https://fd15-photos.leclercdrive.fr/image.ashx?id=2771750&use=l&cat=p&typeid=i","cat":295020},{"id":206144,"n":"Boisson concentrée Teisseire A diluer grenadine Zéro - 60cl","p":4.19,"u":"6,98 €/L","img":"https://fd15-photos.leclercdrive.fr/image.ashx?id=2508600&use=l&cat=p&typeid=i","cat":295020},{"id":206147,"n":"Boisson concentrée Teisseire Menthe verte sans sucres - 60cl","p":4.19,"u":"6,98 €/L","img":"https://fd15-photos.leclercdrive.fr/image.ashx?id=2508603&use=l&cat=p&typeid=i","cat":295020},{"id":206149,"n":"Boisson concentrée Teisseire Citron sans sucres - 60cl","p":4.6,"u":"7,67 €/L","img":"https://fd15-photos.leclercdrive.fr/image.ashx?id=2508606&use=l&cat=p&typeid=i","cat":295020},{"id":206163,"n":"Sirop Teisseire  Menthe verte - 60cl","p":4.79,"u":"7,98 €/L","img":"https://fd15-photos.leclercdrive.fr/image.ashx?id=2772726&use=l&cat=p&typeid=i","cat":295020},{"id":206169,"n":"Sirop Tesseire Citron - 60cl","p":4.79,"u":"7,98 €/L","img":"https://fd15-photos.leclercdrive.fr/image.ashx?id=2771747&use=l&cat=p&typeid=i","cat":295020},{"id":206170,"n":"Sirop Teisseire Framboise - 60cl","p":5.99,"u":"9,98 €/L","img":"https://fd15-photos.leclercdrive.fr/image.ashx?id=2509331&use=l&cat=p&typeid=i","cat":295020},{"id":206172,"n":"Biscuits Kinder Tronky fourrés Cacao et au lait  - 90g","p":3.98,"u":"44,22 €/KG","img":"https://fd15-photos.leclercdrive.fr/image.ashx?id=2916462&use=l&cat=p&typeid=i","cat":284488},{"id":206297,"n":"Litière chats Tous mes Amis Agglomérante - 10L","p":6.09,"u":"0,61 €/L","img":"https://fd15-photos.leclercdrive.fr/image.ashx?id=2580261&use=l&cat=p&typeid=i","cat":284683},{"id":206299,"n":"Sirop Teisseire  Cerise - 60cl","p":5.99,"u":"9,98 €/L","img":"https://fd15-photos.leclercdrive.fr/image.ashx?id=2510777&use=l&cat=p&typeid=i","cat":295020},{"id":206300,"n":"Sirop Teisseire  Fruit de la passion - 60cl","p":5.99,"u":"9,98 €/L","img":"https://fd15-photos.leclercdrive.fr/image.ashx?id=2510780&use=l&cat=p&typeid=i","cat":295020},{"id":206439,"n":"Pâte à tartiner Nocciolata  Bio - Crunchy - 250g","p":4.79,"u":"19,16 €/KG","img":"https://fd15-photos.leclercdrive.fr/image.ashx?id=2905078&use=l&cat=p&typeid=i","cat":284481},{"id":206442,"n":"Sirop Kiwi Teisseire  60cl","p":5.99,"u":"9,98 €/L","img":"https://fd15-photos.leclercdrive.fr/image.ashx?id=2510783&use=l&cat=p&typeid=i","cat":295020},{"id":206443,"n":"Sirop Teisseire  Violette - 60cl","p":5.99,"u":"9,98 €/L","img":"https://fd15-photos.leclercdrive.fr/image.ashx?id=2510786&use=l&cat=p&typeid=i","cat":295020},{"id":206444,"n":"Sirop Teisseire  Ice Tea pêche - 1.3L","p":8.69,"u":"6,68 €/L","img":"https://fd15-photos.leclercdrive.fr/image.ashx?id=2510789&use=l&cat=p&typeid=i","cat":295020},{"id":206445,"n":"Sirop Tropical  Teisseire Zéro sucres - 60cl","p":4.6,"u":"7,67 €/L","img":"https://fd15-photos.leclercdrive.fr/image.ashx?id=2510792&use=l&cat=p&typeid=i","cat":295020},{"id":206465,"n":"Emmental râpé Président 1kg","p":11.51,"u":"11,51 €/KG","img":"https://fd15-photos.leclercdrive.fr/image.ashx?id=2217038&use=l&cat=p&typeid=i","cat":314035},{"id":206537,"n":"Cookies La Biscuiterie Delacre Chocolat et noisette - 136g","p":4.05,"u":"29,78 €/KG","img":"https://fd15-photos.leclercdrive.fr/image.ashx?id=2784752&use=l&cat=p&typeid=i","cat":325066},{"id":206538,"n":"Cookies La Biscuiterie Delacre Chocolat noir et lait - 136g","p":4.05,"u":"29,78 €/KG","img":"https://fd15-photos.leclercdrive.fr/image.ashx?id=2661667&use=l&cat=p&typeid=i","cat":325066},{"id":206542,"n":"Pancakes Whaou Chocolat au lait - x7  259g","p":3.59,"u":"13,86 €/KG","img":"https://fd15-photos.leclercdrive.fr/image.ashx?id=2743097&use=l&cat=p&typeid=i","cat":284495},{"id":206548,"n":"Le Fouetté Soignon Ail et fines herbes - 140g","p":3.89,"u":"27,79 €/KG","img":"https://fd15-photos.leclercdrive.fr/image.ashx?id=2511853&use=l&cat=p&typeid=i","cat":314029},{"id":206582,"n":"Liquide vaiselle Paic Bi Activ Vinaigre et citron - 750ml","p":4.25,"u":"5,67 €/L","img":"https://fd15-photos.leclercdrive.fr/image.ashx?id=2966797&use=l&cat=p&typeid=i","cat":284655},{"id":206583,"n":"Liquide vaiselle Paic Bi Activ Vinaigre et menthol - 750ml","p":4.75,"u":"6,33 €/L","img":"https://fd15-photos.leclercdrive.fr/image.ashx?id=2512075&use=l&cat=p&typeid=i","cat":284655},{"id":206584,"n":"Sac poubelle coulissant Alfapac Ultra-résistant x10 - 50L","p":9.06,"u":"0,91 €/P","img":"https://fd15-photos.leclercdrive.fr/image.ashx?id=2511748&use=l&cat=p&typeid=i","cat":285168},{"id":206606,"n":"Bâtonnets Trium Vanille chocolat blanc x4 314g","p":3.25,"u":"10,35 €/KG","img":"https://fd15-photos.leclercdrive.fr/image.ashx?id=2791392&use=l&cat=p&typeid=i","cat":284265},{"id":206617,"n":"Lessive liquide Arbre Vert Recharge x34 - 1.53L","p":11.25,"u":"7,35 €/L","img":"https://fd15-photos.leclercdrive.fr/image.ashx?id=2680209&use=l&cat=p&typeid=i","cat":284640},{"id":206651,"n":"Mélange fruits exotiques DDV Sirop léger - 340g","p":2.89,"u":"8,50 €/KG","img":"https://fd15-photos.leclercdrive.fr/image.ashx?id=2512511&use=l&cat=p&typeid=i","cat":284507},{"id":206691,"n":"AOP Côtes de Provence rosé Villa Louise cuvée Saline -75cl","p":15.89,"u":"21,19 €/L","img":"https://fd15-photos.leclercdrive.fr/image.ashx?id=2869158&use=l&cat=p&typeid=i","cat":289558},{"id":206709,"n":"Crabes farcis  La Compagnie Artique x2 - 250g","p":8.25,"u":"33,00 €/KG","img":"https://fd15-photos.leclercdrive.fr/image.ashx?id=2516320&use=l&cat=p&typeid=i","cat":319775},{"id":206725,"n":"Bâtonnet Magnum Double Sunlover x4 - 300g","p":5.6,"u":"18,67 €/KG","img":"https://fd15-photos.leclercdrive.fr/image.ashx?id=2886397&use=l&cat=p&typeid=i","cat":284265},{"id":206726,"n":"Glace Bâtonnet MAGNUM Double Caramel 4x85ml","p":5.85,"u":"20,60 €/KG","img":"https://fd15-photos.leclercdrive.fr/image.ashx?id=2770626&use=l&cat=p&typeid=i","cat":284265},{"id":206727,"n":"Bâtonnet Magnum Double Chocolat x4 - 284g","p":5.85,"u":"20,60 €/KG","img":"https://fd15-photos.leclercdrive.fr/image.ashx?id=3009284&use=l&cat=p&typeid=i","cat":284265},{"id":206893,"n":"Tranches de chèvre Soignon  150g","p":4.85,"u":"32,33 €/KG","img":"https://fd15-photos.leclercdrive.fr/image.ashx?id=2762229&use=l&cat=p&typeid=i","cat":314028},{"id":206922,"n":"Soupe liquide brique Liebig  Façon napolitaine - 2x30cl","p":3.45,"u":"5,75 €/L","img":"https://fd15-photos.leclercdrive.fr/image.ashx?id=2517887&use=l&cat=p&typeid=i","cat":284462},{"id":206935,"n":"Thon entier Eco+ 140g","p":2.41,"u":"17,21 €/KG","img":"https://fd15-photos.leclercdrive.fr/image.ashx?id=2755004&use=l&cat=p&typeid=i","cat":303867},{"id":206936,"n":"Légum' Vapeur Notre Jardin Petits pois & carottes 265g","p":1.45,"u":"5,47 €/KG","img":"https://fd15-photos.leclercdrive.fr/image.ashx?id=3002647&use=l&cat=p&typeid=i","cat":312607},{"id":206950,"n":"Gaufrettes P'tit Déli Fourrés - 128g","p":2.95,"u":"23,05 €/KG","img":"https://fd15-photos.leclercdrive.fr/image.ashx?id=2842522&use=l&cat=p&typeid=i","cat":284488},{"id":206963,"n":"Morceaux et coeurs de palmier  250g","p":2.25,"u":"9,00 €/KG","img":"https://fd15-photos.leclercdrive.fr/image.ashx?id=2670365&use=l&cat=p&typeid=i","cat":312611},{"id":206981,"n":"Rôti de poulet Fleury Michon 100% filet CSN x4 - 150g","p":3.5,"u":"23,33 €/KG","img":"https://fd15-photos.leclercdrive.fr/image.ashx?id=2892670&use=l&cat=p&typeid=i","cat":316010},{"id":206985,"n":"Haché de jambon Fleury Michon À poêler x2 - 190g","p":2.99,"u":"15,74 €/KG","img":"https://fd15-photos.leclercdrive.fr/image.ashx?id=2518649&use=l&cat=p&typeid=i","cat":316009},{"id":206987,"n":"Haché jambon fromage  Fleury Michon x2 - 180g","p":3.05,"u":"16,94 €/KG","img":"https://fd15-photos.leclercdrive.fr/image.ashx?id=2522164&use=l&cat=p&typeid=i","cat":316009},{"id":206990,"n":"Haché de poulet Fleury Michon À poêler x2 - 160g","p":3.09,"u":"19,31 €/KG","img":"https://fd15-photos.leclercdrive.fr/image.ashx?id=2524709&use=l&cat=p&typeid=i","cat":316010},{"id":206994,"n":"Allumettes de poulet  Fleury Michon x2 - 150g","p":2.95,"u":"19,67 €/KG","img":"https://fd15-photos.leclercdrive.fr/image.ashx?id=2659647&use=l&cat=p&typeid=i","cat":316011},{"id":207010,"n":"Aiguillettes de poulet rôti Fleury Michon - CSN - 150g","p":4.39,"u":"29,27 €/KG","img":"https://fd15-photos.leclercdrive.fr/image.ashx?id=2642555&use=l&cat=p&typeid=i","cat":316011},{"id":207011,"n":"Caprisun cerise Poche - 10x20cl","p":5.79,"u":"2,90 €/L","img":"https://fd15-photos.leclercdrive.fr/image.ashx?id=2519549&use=l&cat=p&typeid=i","cat":284524},{"id":207018,"n":"Infusion La Tisanière Nuit calme - 30g","p":3.65,"u":"121,67 €/KG","img":"https://fd15-photos.leclercdrive.fr/image.ashx?id=2907866&use=l&cat=p&typeid=i","cat":293234},{"id":207029,"n":"Infusion La Tisanière Drainage pamplemousse - x20 30g","p":3.29,"u":"109,67 €/KG","img":"https://fd15-photos.leclercdrive.fr/image.ashx?id=2907872&use=l&cat=p&typeid=i","cat":293234},{"id":207034,"n":"Chair tomates Bio Village 400g","p":2.54,"u":"6,35 €/KG","img":"https://fd15-photos.leclercdrive.fr/image.ashx?id=2518568&use=l&cat=p&typeid=i","cat":288384},{"id":207042,"n":"Sirop Teisseire Grenadine Bidon mega - 1.3L","p":8.69,"u":"6,68 €/L","img":"https://fd15-photos.leclercdrive.fr/image.ashx?id=2519480&use=l&cat=p&typeid=i","cat":295020},{"id":207043,"n":"Lessive Liquide L'Arbre Vert Savon végétal 45 lavages 2,025L","p":12.44,"u":"6,14 €/L","img":"https://fd15-photos.leclercdrive.fr/image.ashx?id=3008542&use=l&cat=p&typeid=i","cat":284640},{"id":207044,"n":"Recharge Lessive l'Arbre Vert Amande Douce 34 lavages 1,53L","p":10.5,"u":"6,86 €/L","img":"https://fd15-photos.leclercdrive.fr/image.ashx?id=2684503&use=l&cat=p&typeid=i","cat":284640},{"id":207052,"n":"Cracky's Soufflés de maïs tomates 180g Menguy's","p":2.99,"u":"16,61 €/KG","img":"https://fd15-photos.leclercdrive.fr/image.ashx?id=2845383&use=l&cat=p&typeid=i","cat":284449},{"id":207069,"n":"Glace Extrême Mini Fraise Vanille - x8 - 312g","p":5.99,"u":"19,20 €/KG","img":"https://fd15-photos.leclercdrive.fr/image.ashx?id=2732941&use=l&cat=p&typeid=i","cat":284264},{"id":207073,"n":"Tablette lave vaiselle L'Arbre Vert Tout-en-1 - x32","p":8.69,"u":"14,88 €/KG","img":"https://fd15-photos.leclercdrive.fr/image.ashx?id=2672332&use=l&cat=p&typeid=i","cat":284656},{"id":207074,"n":"Vaisselle mains L'Arbre Vert Peaux sensibles - 500ml","p":2.29,"u":"4,58 €/L","img":"https://fd15-photos.leclercdrive.fr/image.ashx?id=2845428&use=l&cat=p&typeid=i","cat":284655},{"id":207075,"n":"Vaisselle Main L'Arbre Vert Amande - 500ml","p":2.29,"u":"4,58 €/L","img":"https://fd15-photos.leclercdrive.fr/image.ashx?id=2845431&use=l&cat=p&typeid=i","cat":284655},{"id":207137,"n":"Assouplissant Minidou Vent de fraîcheur - 1L - x50","p":7.59,"u":"7,59 €/L","img":"https://fd15-photos.leclercdrive.fr/image.ashx?id=2795887&use=l&cat=p&typeid=i","cat":284650},{"id":207141,"n":"Préservatifs Durex Nude Extra Fins Peau contre Peau x10","p":11.55,"u":"1,16 €/P","img":"https://fd15-photos.leclercdrive.fr/image.ashx?id=2962017&use=l&cat=p&typeid=i","cat":284631},{"id":207142,"n":"Gel Lubrifiant Intime Durex Sensitive base Eau 100ml","p":10.19,"u":"101,90 €/L","img":"https://fd15-photos.leclercdrive.fr/image.ashx?id=2961203&use=l&cat=p&typeid=i","cat":285160},{"id":207157,"n":"Biscuits La Biscuiterie Delacre Caramel intense - 130g","p":4.03,"u":"31,00 €/KG","img":"https://fd15-photos.leclercdrive.fr/image.ashx?id=2926323&use=l&cat=p&typeid=i","cat":284490},{"id":207158,"n":"Biscuits La Biscuiterie Delacre Sablés chocolat Noir - 130g","p":4.03,"u":"31,00 €/KG","img":"https://fd15-photos.leclercdrive.fr/image.ashx?id=2674092&use=l&cat=p&typeid=i","cat":284490},{"id":207160,"n":"Olives farcies Menguy's Poivrons rouges -","p":5.46,"u":"36,40 €/KG","img":"https://fd15-photos.leclercdrive.fr/image.ashx?id=2733529&use=l&cat=p&typeid=i","cat":284450},{"id":207181,"n":"Sucre Saint Louis Spécial Espresso - 1kg","p":3.5,"u":"3,50 €/KG","img":"https://fd15-photos.leclercdrive.fr/image.ashx?id=2521413&use=l&cat=p&typeid=i","cat":284502},{"id":207184,"n":"Compotes Pom'Potes Pomme, Pomme brugnon - 96x90g","p":49.95,"u":"5,78 €/KG","img":"https://fd15-photos.leclercdrive.fr/image.ashx?id=2918547&use=l&cat=p&typeid=i","cat":284508},{"id":207194,"n":"Compotes Pom'Potes Pomme fraise framboise - 96x90g","p":95.0,"u":"11,00 €/KG","img":"https://fd15-photos.leclercdrive.fr/image.ashx?id=2918550&use=l&cat=p&typeid=i","cat":284508},{"id":207199,"n":"Recharge lessive liquide  Rainett Savon de Marseille 1.6L","p":9.95,"u":"6,22 €/L","img":"https://fd15-photos.leclercdrive.fr/image.ashx?id=2842129&use=l&cat=p&typeid=i","cat":284640},{"id":207210,"n":"Fromage à tartiner Kiri Délicieusement fouetté - 125g","p":4.95,"u":"39,60 €/KG","img":"https://fd15-photos.leclercdrive.fr/image.ashx?id=2686591&use=l&cat=p&typeid=i","cat":314029},{"id":207226,"n":"Bâtonnet Magnum Mini Double Caramel x6 - 282g","p":6.6,"u":"23,40 €/KG","img":"https://fd15-photos.leclercdrive.fr/image.ashx?id=2805648&use=l&cat=p&typeid=i","cat":284265},{"id":207249,"n":"Dentifrice Oral-B Protège et nettoie - 75ml","p":1.94,"u":"25,87 €/L","img":"https://fd15-photos.leclercdrive.fr/image.ashx?id=2957683&use=l&cat=p&typeid=i","cat":284612},{"id":207262,"n":"Capsules Nescafé Dolce Gusto  Grande - x16","p":7.35,"u":"54,04 €/KG","img":"https://fd15-photos.leclercdrive.fr/image.ashx?id=2964153&use=l&cat=p&typeid=i","cat":293239},{"id":207271,"n":"Tablette de chocolat Lindt Lait noisette - 190g","p":5.15,"u":"27,11 €/KG","img":"https://fd15-photos.leclercdrive.fr/image.ashx?id=2522674&use=l&cat=p&typeid=i","cat":284497},{"id":207303,"n":"IGP Pays d'OC Gio Grenache Rosé Bio 2022 - 75 cl","p":8.24,"u":"10,99 €/L","img":"https://fd15-photos.leclercdrive.fr/image.ashx?id=2851057&use=l&cat=p&typeid=i","cat":289558},{"id":207377,"n":"Frites Pom Bistro au Romarin - 500g","p":4.39,"u":"8,78 €/KG","img":"https://fd15-photos.leclercdrive.fr/image.ashx?id=2866439&use=l&cat=p&typeid=i","cat":319791},{"id":207389,"n":"Cornichon Français Vinaigre 210g","p":6.49,"u":"30,90 €/KG","img":"https://fd15-photos.leclercdrive.fr/image.ashx?id=2899033&use=l&cat=p&typeid=i","cat":284458},{"id":207396,"n":"Galettes moelleuses St Michel Marbrée Chocolat - 180g","p":2.99,"u":"16,61 €/KG","img":"https://fd15-photos.leclercdrive.fr/image.ashx?id=2936263&use=l&cat=p&typeid=i","cat":284487},{"id":207401,"n":"Adoucissant Soupline  Éclat de Fraîcheur - 28p","p":10.05,"u":"0,36 €/P","img":"https://fd15-photos.leclercdrive.fr/image.ashx?id=2583509&use=l&cat=p&typeid=i","cat":284650},{"id":207402,"n":"Adoucissant Soupline  Hypoallergénique - 28p","p":9.9,"u":"0,35 €/P","img":"https://fd15-photos.leclercdrive.fr/image.ashx?id=2818827&use=l&cat=p&typeid=i","cat":284650},{"id":207403,"n":"Adoucissant Soupline Lavande - x28 tablettes","p":11.49,"u":"0,41 €/P","img":"https://fd15-photos.leclercdrive.fr/image.ashx?id=2583515&use=l&cat=p&typeid=i","cat":284650},{"id":207408,"n":"Smoothie innocent défense exotique 750ml","p":6.09,"u":"8,12 €/L","img":"https://fd15-photos.leclercdrive.fr/image.ashx?id=2543762&use=l&cat=p&typeid=i","cat":285435},{"id":207450,"n":"Capsules Nescafé Dolce Gusto  Grande Intenso - x16","p":7.35,"u":"55,68 €/KG","img":"https://fd15-photos.leclercdrive.fr/image.ashx?id=2525962&use=l&cat=p&typeid=i","cat":293239},{"id":207452,"n":"Dosettes Café Carte Noire  Arabica Décaféiné n5 x36 - 250g","p":8.71,"u":"34,84 €/KG","img":"https://fd15-photos.leclercdrive.fr/image.ashx?id=2980127&use=l&cat=p&typeid=i","cat":293238},{"id":207455,"n":"Dosettes café Senseo Caramel x32","p":8.99,"u":"40,50 €/KG","img":"https://fd15-photos.leclercdrive.fr/image.ashx?id=2525977&use=l&cat=p&typeid=i","cat":293238},{"id":207456,"n":"Purée de fruits Eco+ x8 - 800g","p":2.9,"u":"3,63 €/KG","img":"https://fd15-photos.leclercdrive.fr/image.ashx?id=2523507&use=l&cat=p&typeid=i","cat":284416},{"id":207457,"n":"Yaourt nature sucré Eco+ 4x125g","p":1.49,"u":"2,98 €/KG","img":"https://fd15-photos.leclercdrive.fr/image.ashx?id=2523510&use=l&cat=p&typeid=i","cat":284409},{"id":207460,"n":"Crème glacée La Laitière Vanille bourbon - 490g","p":5.25,"u":"10,71 €/KG","img":"https://fd15-photos.leclercdrive.fr/image.ashx?id=3000009&use=l&cat=p&typeid=i","cat":284263},{"id":207467,"n":"Moutarde Forte Amora 430g","p":3.19,"u":"7,42 €/KG","img":"https://fd15-photos.leclercdrive.fr/image.ashx?id=2526079&use=l&cat=p&typeid=i","cat":288850},{"id":207469,"n":"Moutarde Forte Amora 185g","p":2.89,"u":"15,62 €/KG","img":"https://fd15-photos.leclercdrive.fr/image.ashx?id=2526082&use=l&cat=p&typeid=i","cat":288850},{"id":207471,"n":"Moutarde Mi-forte Amora 415g","p":3.89,"u":"9,37 €/KG","img":"https://fd15-photos.leclercdrive.fr/image.ashx?id=2993176&use=l&cat=p&typeid=i","cat":288850},{"id":207476,"n":"Moutarde de Dijon Fine MAILLE L'Original Bocal - 360g","p":2.99,"u":"8,31 €/KG","img":"https://fd15-photos.leclercdrive.fr/image.ashx?id=2945841&use=l&cat=p&typeid=i","cat":288850},{"id":207478,"n":"Moutarde à l'Ancienne MAILLE Bocal - 360g","p":4.55,"u":"12,64 €/KG","img":"https://fd15-photos.leclercdrive.fr/image.ashx?id=2664307&use=l&cat=p&typeid=i","cat":288850},{"id":207480,"n":"Crème glacée La Laitière Caramel Beurre salé - 490g","p":5.25,"u":"10,71 €/KG","img":"https://fd15-photos.leclercdrive.fr/image.ashx?id=2877883&use=l&cat=p&typeid=i","cat":284263},{"id":207489,"n":"Pizza Feu de bois Turini Saisonnière - 450g","p":4.99,"u":"11,09 €/KG","img":"https://fd15-photos.leclercdrive.fr/image.ashx?id=2816618&use=l&cat=p&typeid=i","cat":284256},{"id":207492,"n":"Crème glacée La Laitière Vanille pécan - 490g","p":5.25,"u":"10,71 €/KG","img":"https://fd15-photos.leclercdrive.fr/image.ashx?id=3000015&use=l&cat=p&typeid=i","cat":284263},{"id":207507,"n":"Piles Boutons Lithium Duracell CR 2430 - x2","p":3.89,"img":"https://fd15-photos.leclercdrive.fr/image.ashx?id=2525396&use=l&cat=p&typeid=i","cat":300572},{"id":207508,"n":"Piles Boutons Lithium Duracell CR 2450 - x2","p":4.99,"img":"https://fd15-photos.leclercdrive.fr/image.ashx?id=2594542&use=l&cat=p&typeid=i","cat":300572},{"id":207530,"n":"Vaisselle mains L'Arbre Vert Peaux sensibles - 750ml","p":4.05,"u":"5,40 €/L","img":"https://fd15-photos.leclercdrive.fr/image.ashx?id=2850575&use=l&cat=p&typeid=i","cat":284655},{"id":207531,"n":"Serviettes hygiéniques Always Ultra - Normal - x30","p":5.63,"img":"https://fd15-photos.leclercdrive.fr/image.ashx?id=2846496&use=l&cat=p&typeid=i","cat":284624},{"id":207533,"n":"Préservatifs Durex Feeling  Extra Fins Extra Lubrifiés x12","p":10.79,"img":"https://fd15-photos.leclercdrive.fr/image.ashx?id=2962014&use=l&cat=p&typeid=i","cat":284631},{"id":207535,"n":"Préservatifs Durex Classic Jeans Confort et Confiance  x12","p":8.99,"img":"https://fd15-photos.leclercdrive.fr/image.ashx?id=2730475&use=l&cat=p&typeid=i","cat":284631},{"id":207536,"n":"Préservatifs Durex Nude Sans Latex Extra Lubrifié x10","p":11.55,"img":"https://fd15-photos.leclercdrive.fr/image.ashx?id=2730478&use=l&cat=p&typeid=i","cat":284631},{"id":207540,"n":"Croûtons Tipiak Ail - 75g","p":1.5,"pp":1.05,"u":"14,00 €/KG","img":"https://fd15-photos.leclercdrive.fr/image.ashx?id=2684461&use=l&cat=p&typeid=i","cat":284464},{"id":207545,"n":"Bandes de cire froide Aiselles Veet Expert Peaux sensibles x16","p":8.49,"u":"0,53 €/P","img":"https://fd15-photos.leclercdrive.fr/image.ashx?id=2970801&use=l&cat=p&typeid=i","cat":325351},{"id":207559,"n":"Préservatifs Durex Pleasure me Perlés et Nervurés x12","p":9.79,"u":"0,82 €/P","img":"https://fd15-photos.leclercdrive.fr/image.ashx?id=2730466&use=l&cat=p&typeid=i","cat":284631},{"id":207598,"n":"Crème coco Real Thai 500ml","p":7.33,"u":"14,66 €/L","img":"https://fd15-photos.leclercdrive.fr/image.ashx?id=2528189&use=l&cat=p&typeid=i","cat":294991},{"id":207609,"n":"Masque reconstituant Ultra doux Cheveu fragile cassant - 340ml","p":9.35,"u":"27,50 €/L","img":"https://fd15-photos.leclercdrive.fr/image.ashx?id=2646924&use=l&cat=p&typeid=i","cat":284608},{"id":207615,"n":"Lessive capsule L'Arbre Vert Savon végétal - x24","p":13.69,"u":"21,63 €/KG","img":"https://fd15-photos.leclercdrive.fr/image.ashx?id=2742126&use=l&cat=p&typeid=i","cat":284641},{"id":207627,"n":"ST MARC Pistolet Antibactérien - 750ml","p":3.49,"u":"4,65 €/L","img":"https://fd15-photos.leclercdrive.fr/image.ashx?id=2528054&use=l&cat=p&typeid=i","cat":325357},{"id":207637,"n":"Calculatrice Fx-92 Casio Collège - Classwiz - x1","p":29.8,"img":"https://fd15-photos.leclercdrive.fr/image.ashx?id=2544915&use=l&cat=p&typeid=i","cat":334133},{"id":207830,"n":"Porte-mine automatique Maped 0,7mmx3","p":4.68,"img":"https://fd15-photos.leclercdrive.fr/image.ashx?id=2527811&use=l&cat=p&typeid=i","cat":284696},{"id":207908,"n":"Chemise élastique Exacompta Violet - 3 rabats - 12x16cm","p":3.99,"img":"https://fd15-photos.leclercdrive.fr/image.ashx?id=2544768&use=l&cat=p&typeid=i","cat":284745},{"id":207973,"n":"Stylo Frixion Ball Stick Pilot Bleu x4 + Jaune","p":9.99,"img":"https://fd15-photos.leclercdrive.fr/image.ashx?id=2577998&use=l&cat=p&typeid=i","cat":284696},{"id":207974,"n":"Stylo Frixion Ball Stick Pilot Noir, Bleu, Rouge, Vert + Jaune","p":9.99,"img":"https://fd15-photos.leclercdrive.fr/image.ashx?id=2528666&use=l&cat=p&typeid=i","cat":284696},{"id":208025,"n":"Marqueur permanent Bic Bleu - Marking 2300 - Ecolution","p":1.99,"img":"https://fd15-photos.leclercdrive.fr/image.ashx?id=2527589&use=l&cat=p&typeid=i","cat":284696},{"id":208046,"n":"Surligneurs Stabilo Boss Original by Ju Schnee - x4","p":7.9,"img":"https://fd15-photos.leclercdrive.fr/image.ashx?id=2528111&use=l&cat=p&typeid=i","cat":284696},{"id":208185,"n":"Miel Cretet France de Tradition - 425g","p":10.65,"u":"25,06 €/KG","img":"https://fd15-photos.leclercdrive.fr/image.ashx?id=2773661&use=l&cat=p&typeid=i","cat":287643},{"id":208197,"n":"Crème Solaire Visage Nivea Sun FPS50+ Anti-taches - 40ml","p":13.25,"u":"331,25 €/L","img":"https://fd15-photos.leclercdrive.fr/image.ashx?id=2967373&use=l&cat=p&typeid=i","cat":325355},{"id":208198,"n":"Sensitive Trigger Spray Nivea Kids & Babies SPF 50+ - 270ml","p":22.25,"u":"82,41 €/L","img":"https://fd15-photos.leclercdrive.fr/image.ashx?id=2652703&use=l&cat=p&typeid=i","cat":325355},{"id":208230,"n":"Festillant Spritz Boisson Effervescent Sans Alcool 75cl","p":5.69,"u":"7,59 €/L","img":"https://fd15-photos.leclercdrive.fr/image.ashx?id=2538337&use=l&cat=p&typeid=i","cat":284549},{"id":208273,"n":"Doc Prosecco Vilaveroni Blanc Brut 150cl","p":25.14,"u":"16,76 €/L","img":"https://fd15-photos.leclercdrive.fr/image.ashx?id=2540499&use=l&cat=p&typeid=i","cat":289461},{"id":208419,"n":"Infusion Elephant Mure Myrtille vanille 40g","p":7.2,"u":"180,00 €/KG","img":"https://fd15-photos.leclercdrive.fr/image.ashx?id=2530278&use=l&cat=p&typeid=i","cat":293234},{"id":208421,"n":"Infusion fruits rouges Elephant Touche de menthe - 40g","p":6.15,"u":"153,75 €/KG","img":"https://fd15-photos.leclercdrive.fr/image.ashx?id=2813104&use=l&cat=p&typeid=i","cat":293234},{"id":208477,"n":"Chips paysanne Lay's Saveur Fromage du Jura - 120g","p":2.01,"u":"16,75 €/KG","img":"https://fd15-photos.leclercdrive.fr/image.ashx?id=2810774&use=l&cat=p&typeid=i","cat":284447},{"id":208484,"n":"Chips paysanne Lay's Saveur Oignon de Roscoff - 120g","p":1.95,"u":"16,25 €/KG","img":"https://fd15-photos.leclercdrive.fr/image.ashx?id=2810777&use=l&cat=p&typeid=i","cat":284447},{"id":208485,"n":"Chips paysanne Lay's Saveur Fromage Frais- 120g","p":2.11,"u":"17,58 €/KG","img":"https://fd15-photos.leclercdrive.fr/image.ashx?id=2810780&use=l&cat=p&typeid=i","cat":284447},{"id":208526,"n":"Eau aromatisée Vittel+Active Citron vert et menthe - 75cl","p":1.55,"u":"2,07 €/L","img":"https://fd15-photos.leclercdrive.fr/image.ashx?id=2532282&use=l&cat=p&typeid=i","cat":284537},{"id":208572,"n":"Bière blonde Heineken 5%vol - Boite 4x50cl","p":8.1,"u":"4,05 €/L","img":"https://fd15-photos.leclercdrive.fr/image.ashx?id=2392011&use=l&cat=p&typeid=i","cat":334853},{"id":208580,"n":"Frites Pom Bistro au Piment d'Espelette - 500g","p":5.07,"u":"10,14 €/KG","img":"https://fd15-photos.leclercdrive.fr/image.ashx?id=2532069&use=l&cat=p&typeid=i","cat":319791},{"id":208611,"n":"Yaourt à boire Eco+ Vanille - 850g","p":2.35,"u":"2,76 €/KG","img":"https://fd15-photos.leclercdrive.fr/image.ashx?id=2543507&use=l&cat=p&typeid=i","cat":284415},{"id":208616,"n":"Biscuits Bonne Maman La pause choco - 235g","p":4.19,"u":"17,83 €/KG","img":"https://fd15-photos.leclercdrive.fr/image.ashx?id=2533022&use=l&cat=p&typeid=i","cat":284488},{"id":208632,"n":"Crème glacée La Laitière Crème brulée - 490g","p":5.25,"u":"10,71 €/KG","img":"https://fd15-photos.leclercdrive.fr/image.ashx?id=2877880&use=l&cat=p&typeid=i","cat":284263},{"id":208633,"n":"Compotes Pom'Potes Gourdes  Pomme Brugnon - 4x90g","p":2.7,"u":"7,50 €/KG","img":"https://fd15-photos.leclercdrive.fr/image.ashx?id=3010903&use=l&cat=p&typeid=i","cat":284508},{"id":208636,"n":"Purée Mousline Crème et noix de muscade - 500g","p":5.99,"u":"11,98 €/KG","img":"https://fd15-photos.leclercdrive.fr/image.ashx?id=3011728&use=l&cat=p&typeid=i","cat":284431},{"id":208653,"n":"Yaourt à boire Déli'Max Noix de coco - 850g","p":3.15,"u":"3,71 €/KG","img":"https://fd15-photos.leclercdrive.fr/image.ashx?id=2804193&use=l&cat=p&typeid=i","cat":284415},{"id":208656,"n":"Sauce Apéro Florette Ail & Ciboulette - 175g","p":4.9,"u":"28,00 €/KG","img":"https://fd15-photos.leclercdrive.fr/image.ashx?id=2962767&use=l&cat=p&typeid=i","cat":284382},{"id":208658,"n":"Biscuit P'tit Deli Chocolat lait blanc - 150g","p":2.89,"u":"19,27 €/KG","img":"https://fd15-photos.leclercdrive.fr/image.ashx?id=2684835&use=l&cat=p&typeid=i","cat":284488},{"id":208683,"n":"Sauce Apéro Florette Fines herbes - 175g","p":4.9,"u":"28,00 €/KG","img":"https://fd15-photos.leclercdrive.fr/image.ashx?id=2962764&use=l&cat=p&typeid=i","cat":284382},{"id":208750,"n":"Purée Mousline x3 - 375g","p":3.99,"u":"10,64 €/KG","img":"https://fd15-photos.leclercdrive.fr/image.ashx?id=2940135&use=l&cat=p&typeid=i","cat":284431},{"id":208751,"n":"Riz long grain 10 min Lustucru x5 - 450g","p":2.1,"u":"4,67 €/KG","img":"https://fd15-photos.leclercdrive.fr/image.ashx?id=2955830&use=l&cat=p&typeid=i","cat":284428},{"id":208759,"n":"Purée Mousline  Presse purée - 375g","p":4.52,"u":"12,05 €/KG","img":"https://fd15-photos.leclercdrive.fr/image.ashx?id=2940117&use=l&cat=p&typeid=i","cat":284431},{"id":208761,"n":"Purée Mousline x4 - 125g","p":1.79,"u":"14,32 €/KG","img":"https://fd15-photos.leclercdrive.fr/image.ashx?id=2940126&use=l&cat=p&typeid=i","cat":284431},{"id":208766,"n":"Gel douche Sanex Natural Prebiotic - Protection - 700ml","p":6.95,"u":"9,93 €/L","img":"https://fd15-photos.leclercdrive.fr/image.ashx?id=2533145&use=l&cat=p&typeid=i","cat":284594},{"id":208772,"n":"Gel douche Sanex Natural Prebiotic - Sensitive - 425ml","p":5.21,"u":"12,26 €/L","img":"https://fd15-photos.leclercdrive.fr/image.ashx?id=2757857&use=l&cat=p&typeid=i","cat":284594},{"id":208775,"n":"Gel douche Tahiti Citron et Huile de coco - 250ml","p":2.81,"u":"11,24 €/L","img":"https://fd15-photos.leclercdrive.fr/image.ashx?id=2533127&use=l&cat=p&typeid=i","cat":284594},{"id":208776,"n":"Gel douche Tahiti Vanille et huile de coco 250ml","p":2.81,"u":"11,24 €/L","img":"https://fd15-photos.leclercdrive.fr/image.ashx?id=2533130&use=l&cat=p&typeid=i","cat":284594},{"id":208782,"n":"Champagne Chanoine Frères  Demi-sec - 75cl","p":39.39,"u":"52,52 €/L","img":"https://fd15-photos.leclercdrive.fr/image.ashx?id=2673220&use=l&cat=p&typeid=i","cat":284542},{"id":208791,"n":"Crevette du pacifique Costa 270g","p":14.67,"u":"54,33 €/KG","img":"https://fd15-photos.leclercdrive.fr/image.ashx?id=2533943&use=l&cat=p&typeid=i","cat":319787},{"id":208800,"n":"Cookie chocolat blanc cranberry New York - 150g","p":3.43,"u":"22,87 €/KG","img":"https://fd15-photos.leclercdrive.fr/image.ashx?id=2567885&use=l&cat=p&typeid=i","cat":325066},{"id":208806,"n":"Grilletine blé complet Pasquier Sans sucre ajouté - 255g","p":3.0,"u":"11,76 €/KG","img":"https://fd15-photos.leclercdrive.fr/image.ashx?id=2533559&use=l&cat=p&typeid=i","cat":284479},{"id":208808,"n":"Cookies Newyorkers 3 chocolats - 175g","p":3.64,"u":"20,80 €/KG","img":"https://fd15-photos.leclercdrive.fr/image.ashx?id=2567888&use=l&cat=p&typeid=i","cat":325066},{"id":208811,"n":"Pancake mix Lenny 250g","p":6.4,"u":"25,60 €/KG","img":"https://fd15-photos.leclercdrive.fr/image.ashx?id=3011521&use=l&cat=p&typeid=i","cat":284504},{"id":208820,"n":"Peanut butter Lenny 510g","p":11.9,"u":"23,33 €/KG","img":"https://fd15-photos.leclercdrive.fr/image.ashx?id=2533844&use=l&cat=p&typeid=i","cat":284481},{"id":208862,"n":"Gel douche-shampooing Fa Men Seduction Power - 250ml","p":2.65,"u":"10,60 €/L","img":"https://fd15-photos.leclercdrive.fr/image.ashx?id=2986260&use=l&cat=p&typeid=i","cat":284619},{"id":208867,"n":"Serum physiologique Prorhinel 30x5ml","p":6.07,"u":"40,47 €/L","img":"https://fd15-photos.leclercdrive.fr/image.ashx?id=2878303&use=l&cat=p&typeid=i","cat":284741},{"id":208881,"n":"Dosettes café Senseo Café au lait x16","p":6.35,"u":"37,80 €/KG","img":"https://fd15-photos.leclercdrive.fr/image.ashx?id=2662628&use=l&cat=p&typeid=i","cat":293238},{"id":208968,"n":"Lessive liquide Ariel Peaux sensibles - x25 - 1.25L","p":14.63,"u":"11,70 €/L","img":"https://fd15-photos.leclercdrive.fr/image.ashx?id=2535607&use=l&cat=p&typeid=i","cat":284640},{"id":209057,"n":"Céréales bébé P'TITE CEREALE chocolat biscuit 12M+ - 415g","p":3.5,"u":"8,43 €/KG","img":"https://fd15-photos.leclercdrive.fr/image.ashx?id=2537303&use=l&cat=p&typeid=i","cat":312225},{"id":209059,"n":"P'tite céréale Nestlé Noisettes Biscuit - 12M+ - 415g","p":3.5,"u":"8,43 €/KG","img":"https://fd15-photos.leclercdrive.fr/image.ashx?id=2679389&use=l&cat=p&typeid=i","cat":312225},{"id":209060,"n":"Chips nature Lay's Sel - 6x25g","p":3.57,"u":"23,80 €/KG","img":"https://fd15-photos.leclercdrive.fr/image.ashx?id=3011143&use=l&cat=p&typeid=i","cat":284447},{"id":209066,"n":"Céréales bébé P'TITE CEREALE Vanille Biscuit 12M+ - 415g","p":3.5,"u":"8,43 €/KG","img":"https://fd15-photos.leclercdrive.fr/image.ashx?id=2537297&use=l&cat=p&typeid=i","cat":312225},{"id":209093,"n":"Adoucissant Soupline Magnolia & lavande - x60 1.28L","p":7.65,"u":"5,88 €/L","img":"https://fd15-photos.leclercdrive.fr/image.ashx?id=2832569&use=l&cat=p&typeid=i","cat":284650},{"id":209094,"n":"Adoucissant Soupline Concentré Mandarine Vanille x60 - 1.28ml","p":7.65,"u":"5,98 €/L","img":"https://fd15-photos.leclercdrive.fr/image.ashx?id=2832572&use=l&cat=p&typeid=i","cat":284650},{"id":209113,"n":"Pâtes Collezione Barilla Farfalle Generose - 500g","p":2.64,"u":"5,28 €/KG","img":"https://fd15-photos.leclercdrive.fr/image.ashx?id=2654122&use=l&cat=p&typeid=i","cat":284427},{"id":209137,"n":"Blanc de poulet Tradilège Doré au four - 240g","p":5.09,"u":"21,21 €/KG","img":"https://fd15-photos.leclercdrive.fr/image.ashx?id=2925759&use=l&cat=p&typeid=i","cat":316010},{"id":209209,"n":"Sauce soja Suzi Wan 250ml","p":4.49,"u":"17,96 €/L","img":"https://fd15-photos.leclercdrive.fr/image.ashx?id=2990880&use=l&cat=p&typeid=i","cat":288992},{"id":209213,"n":"Thon entier Pêcheurs de France Naturel - 280g","p":4.99,"u":"17,82 €/KG","img":"https://fd15-photos.leclercdrive.fr/image.ashx?id=2538563&use=l&cat=p&typeid=i","cat":288992},{"id":209245,"n":"Origan Ducros 12g","p":1.95,"u":"162,50 €/KG","img":"https://fd15-photos.leclercdrive.fr/image.ashx?id=2559517&use=l&cat=p&typeid=i","cat":298297},{"id":209297,"n":"Sauce Sacla Olives et tomates - 190g","p":1.8,"u":"9,47 €/KG","img":"https://fd15-photos.leclercdrive.fr/image.ashx?id=2539028&use=l&cat=p&typeid=i","cat":288384},{"id":209303,"n":"Lessive capsules Super Croix Maroc - x30 - 360g","p":17.5,"u":"48,61 €/KG","img":"https://fd15-photos.leclercdrive.fr/image.ashx?id=2538644&use=l&cat=p&typeid=i","cat":284641},{"id":209304,"n":"Thé vert glacé Lipton Ice Tea Pêche blanche - 1.25L","p":4.8,"u":"3,84 €/L","img":"https://fd15-photos.leclercdrive.fr/image.ashx?id=2538623&use=l&cat=p&typeid=i","cat":295019},{"id":209309,"n":"Thé glacé Lipton Ice Tea Framboise - 1.25L","p":2.65,"u":"2,12 €/L","img":"https://fd15-photos.leclercdrive.fr/image.ashx?id=2731588&use=l&cat=p&typeid=i","cat":295019},{"id":209310,"n":"Thé vert glacé Lipton Ice Tea Agrumes - 1.25L","p":4.8,"u":"3,84 €/L","img":"https://fd15-photos.leclercdrive.fr/image.ashx?id=2538617&use=l&cat=p&typeid=i","cat":295019},{"id":209327,"n":"Jambon Tranché Fin FleuryMichon Dégustation - x6 180g","p":7.35,"u":"40,83 €/KG","img":"https://fd15-photos.leclercdrive.fr/image.ashx?id=2889301&use=l&cat=p&typeid=i","cat":316009},{"id":209343,"n":"Harengs Petit Pierre Hareng moutarde - 367g","p":3.2,"u":"8,72 €/KG","img":"https://fd15-photos.leclercdrive.fr/image.ashx?id=3005152&use=l&cat=p&typeid=i","cat":305147},{"id":209345,"n":"Chair de crabe Côte de Mer 102g","p":6.85,"u":"65,24 €/KG","img":"https://fd15-photos.leclercdrive.fr/image.ashx?id=2557482&use=l&cat=p&typeid=i","cat":305147},{"id":209355,"n":"Aubergines cuisinées D'Aucy 380g","p":3.59,"u":"9,45 €/KG","img":"https://fd15-photos.leclercdrive.fr/image.ashx?id=2539509&use=l&cat=p&typeid=i","cat":312612},{"id":209356,"n":"Curry de pois chiches d'aucy  42,5cl","p":3.59,"u":"9,45 €/KG","img":"https://fd15-photos.leclercdrive.fr/image.ashx?id=2539506&use=l&cat=p&typeid=i","cat":287599},{"id":209357,"n":"Mijote de lentilles d'aucy  42,5cl","p":3.59,"u":"9,45 €/KG","img":"https://fd15-photos.leclercdrive.fr/image.ashx?id=2592219&use=l&cat=p&typeid=i","cat":312612},{"id":209359,"n":"Petits Pois d'aucy Tendres et fondants - 280g","p":2.1,"u":"7,50 €/KG","img":"https://fd15-photos.leclercdrive.fr/image.ashx?id=2538437&use=l&cat=p&typeid=i","cat":312607},{"id":209367,"n":"Sauce pesto rouge Florelli 190g","p":5.25,"u":"27,63 €/KG","img":"https://fd15-photos.leclercdrive.fr/image.ashx?id=2787455&use=l&cat=p&typeid=i","cat":289010},{"id":209368,"n":"Thé glacé Lipton Ice Tea Pêche La bouteille de 1.75L","p":4.75,"u":"2,71 €/L","img":"https://fd15-photos.leclercdrive.fr/image.ashx?id=2731594&use=l&cat=p&typeid=i","cat":295019},{"id":209371,"n":"Aneth Ducros 13g","p":2.4,"u":"184,62 €/KG","img":"https://fd15-photos.leclercdrive.fr/image.ashx?id=2538599&use=l&cat=p&typeid=i","cat":298297},{"id":209372,"n":"Gingembre Ducros 29g","p":1.99,"u":"68,62 €/KG","img":"https://fd15-photos.leclercdrive.fr/image.ashx?id=2983216&use=l&cat=p&typeid=i","cat":298297},{"id":209398,"n":"Pizza Crousti Moelleuse Marie Margherita x3 - 1.2kg","p":10.59,"u":"8,83 €/KG","img":"https://fd15-photos.leclercdrive.fr/image.ashx?id=2996776&use=l&cat=p&typeid=i","cat":284256},{"id":209424,"n":"Yaourt bifidus Activia céréales Poire et aux fruits - 4x115g","p":5.59,"u":"12,15 €/KG","img":"https://fd15-photos.leclercdrive.fr/image.ashx?id=2901641&use=l&cat=p&typeid=i","cat":315000},{"id":209450,"n":"Couches Pampers Harmonie Taille 6 - 13kg+ - x27","p":22.27,"u":"0,82 €/P","img":"https://fd15-photos.leclercdrive.fr/image.ashx?id=2629854&use=l&cat=p&typeid=i","cat":284737},{"id":209464,"n":"Sirop Teisseire citron Bidon mega - 130cl","p":8.69,"u":"6,68 €/L","img":"https://fd15-photos.leclercdrive.fr/image.ashx?id=2539707&use=l&cat=p&typeid=i","cat":295020},{"id":209465,"n":"Sirop Teisseire Ice Tea Pêche Bidon - 60cl","p":5.99,"u":"9,98 €/L","img":"https://fd15-photos.leclercdrive.fr/image.ashx?id=2539710&use=l&cat=p&typeid=i","cat":295020},{"id":209491,"n":"Couscous moyen Ferrero sachet -500g","p":3.79,"u":"7,58 €/KG","img":"https://fd15-photos.leclercdrive.fr/image.ashx?id=2869561&use=l&cat=p&typeid=i","cat":284429},{"id":209514,"n":"Chips Lay's Nature - 135g","p":2.69,"u":"19,93 €/KG","img":"https://fd15-photos.leclercdrive.fr/image.ashx?id=2994482&use=l&cat=p&typeid=i","cat":284447},{"id":209597,"n":"Compote Allégée en sucres Eco+ Bocal pomme poire - 720g","p":1.9,"u":"2,64 €/KG","img":"https://fd15-photos.leclercdrive.fr/image.ashx?id=2953206&use=l&cat=p&typeid=i","cat":284508},{"id":209598,"n":"Compote Allégée en sucres Eco+ Bocal pomme banane - 720g","p":1.95,"u":"2,71 €/KG","img":"https://fd15-photos.leclercdrive.fr/image.ashx?id=2953209&use=l&cat=p&typeid=i","cat":284508},{"id":209688,"n":"Thé vert menthe Lipton Asie - x30s - 48g","p":4.49,"u":"93,54 €/KG","img":"https://fd15-photos.leclercdrive.fr/image.ashx?id=2542819&use=l&cat=p&typeid=i","cat":293233},{"id":209691,"n":"Thé vert Lipton x30s - 39g","p":4.49,"u":"115,13 €/KG","img":"https://fd15-photos.leclercdrive.fr/image.ashx?id=2542822&use=l&cat=p&typeid=i","cat":293233},{"id":209722,"n":"Dessert Glacé Viennetta Caramel beurre salé - 320g","p":3.29,"u":"10,28 €/KG","img":"https://fd15-photos.leclercdrive.fr/image.ashx?id=2802836&use=l&cat=p&typeid=i","cat":284266},{"id":209724,"n":"Dessert Glacé Viennetta Chocolat -  320g","p":3.29,"u":"10,28 €/KG","img":"https://fd15-photos.leclercdrive.fr/image.ashx?id=3009287&use=l&cat=p&typeid=i","cat":284266},{"id":209733,"n":"Dessert Glacé Viennetta Vanille -  320g","p":3.29,"u":"10,28 €/KG","img":"https://fd15-photos.leclercdrive.fr/image.ashx?id=3009182&use=l&cat=p&typeid=i","cat":284266},{"id":209798,"n":"Lames de rasoir Gillette Venus Comfortglide Breeze - x4","p":15.55,"u":"3,89 €/P","img":"https://fd15-photos.leclercdrive.fr/image.ashx?id=2834806&use=l&cat=p&typeid=i","cat":325352},{"id":209806,"n":"Rasoirs Extra 3 Essentials Plastique recyclé - x8","p":5.59,"u":"0,70 €/P","img":"https://fd15-photos.leclercdrive.fr/image.ashx?id=2846481&use=l&cat=p&typeid=i","cat":284616},{"id":209840,"n":"Cookies Cadbury Crunchy melts Coeur chocolat - 156g","p":3.09,"u":"19,81 €/KG","img":"https://fd15-photos.leclercdrive.fr/image.ashx?id=2544533&use=l&cat=p&typeid=i","cat":325066},{"id":209843,"n":"Thé vert menthe Lipton x50 - 80g","p":6.28,"u":"78,50 €/KG","img":"https://fd15-photos.leclercdrive.fr/image.ashx?id=2544629&use=l&cat=p&typeid=i","cat":293233},{"id":209850,"n":"Thé vert Lipton  Classique Asie  - x50 - 65g","p":7.15,"u":"110,00 €/KG","img":"https://fd15-photos.leclercdrive.fr/image.ashx?id=2544632&use=l&cat=p&typeid=i","cat":293233},{"id":209854,"n":"Thé vert citron Lipton Asie - x30 - 48g","p":4.9,"u":"102,08 €/KG","img":"https://fd15-photos.leclercdrive.fr/image.ashx?id=2544635&use=l&cat=p&typeid=i","cat":293233},{"id":209859,"n":"Déboucheur Liquide Destop  4 doses - 950ml","p":4.99,"u":"5,25 €/L","img":"https://fd15-photos.leclercdrive.fr/image.ashx?id=2832161&use=l&cat=p&typeid=i","cat":284908},{"id":209860,"n":"Déboucheur Gel Destop  Express - 4 doses - 950ml","p":5.59,"u":"5,88 €/L","img":"https://fd15-photos.leclercdrive.fr/image.ashx?id=2832164&use=l&cat=p&typeid=i","cat":284908},{"id":209863,"n":"Gel anti-calcaire Calgon  4 en 1 - 750ml","p":6.79,"u":"9,05 €/L","img":"https://fd15-photos.leclercdrive.fr/image.ashx?id=2963475&use=l&cat=p&typeid=i","cat":284653},{"id":209865,"n":"Gel anti-calcaire Calgon  4 en 1 - 2,25L","p":17.09,"u":"7,60 €/L","img":"https://fd15-photos.leclercdrive.fr/image.ashx?id=2953932&use=l&cat=p&typeid=i","cat":284653},{"id":209866,"n":"Infusion Elephant  Pêche Abricot - x20 38g","p":6.15,"u":"161,84 €/KG","img":"https://fd15-photos.leclercdrive.fr/image.ashx?id=2544617&use=l&cat=p&typeid=i","cat":293234},{"id":209867,"n":"AIRWICK Recharge diffuseur Fres hmatic Purefresh Agrumes 250ml","p":6.59,"u":"26,36 €/L","img":"https://fd15-photos.leclercdrive.fr/image.ashx?id=2963478&use=l&cat=p&typeid=i","cat":311629},{"id":209868,"n":"AIRWICK Recharge Freshmatic Vanille et Caramel - 250ml","p":6.59,"u":"26,36 €/L","img":"https://fd15-photos.leclercdrive.fr/image.ashx?id=2896348&use=l&cat=p&typeid=i","cat":311629},{"id":209869,"n":"Infusion Elephant Pomme cannelle - 36g","p":7.2,"u":"200,00 €/KG","img":"https://fd15-photos.leclercdrive.fr/image.ashx?id=2544614&use=l&cat=p&typeid=i","cat":293234},{"id":209872,"n":"Infusion Elephant  Pamplemousse Mandarine x20 38g","p":7.2,"u":"189,47 €/KG","img":"https://fd15-photos.leclercdrive.fr/image.ashx?id=2544620&use=l&cat=p&typeid=i","cat":293234},{"id":209877,"n":"Aérosol Fabulon  Pressing express - 400ml","p":7.49,"u":"18,73 €/L","img":"https://fd15-photos.leclercdrive.fr/image.ashx?id=2544410&use=l&cat=p&typeid=i","cat":284652},{"id":209878,"n":"Spray vitres Ajax Triple action - 750ml","p":4.1,"u":"5,47 €/L","img":"https://fd15-photos.leclercdrive.fr/image.ashx?id=2544581&use=l&cat=p&typeid=i","cat":325363},{"id":209891,"n":"Nettoyant lave-vaisselle Finish  Intégral Anti-Odeurs - 250ml","p":5.69,"u":"22,76 €/L","img":"https://fd15-photos.leclercdrive.fr/image.ashx?id=2659735&use=l&cat=p&typeid=i","cat":284657},{"id":209893,"n":"Détachant poudre Vanish  940g","p":16.99,"u":"18,07 €/KG","img":"https://fd15-photos.leclercdrive.fr/image.ashx?id=2680308&use=l&cat=p&typeid=i","cat":284651},{"id":209894,"n":"Adoucissant concentré Soupline  Lavande 60 lavages 1,35 L","p":7.65,"u":"5,67 €/L","img":"https://fd15-photos.leclercdrive.fr/image.ashx?id=2912716&use=l&cat=p&typeid=i","cat":284650},{"id":209902,"n":"Nettoyant lave linge protection complète Dr Beckmann 50cl","p":12.95,"u":"25,90 €/L","img":"https://fd15-photos.leclercdrive.fr/image.ashx?id=2897291&use=l&cat=p&typeid=i","cat":284653},{"id":209996,"n":"Détachant Gel Vanish  750ml","p":9.49,"u":"12,65 €/L","img":"https://fd15-photos.leclercdrive.fr/image.ashx?id=2878108&use=l&cat=p&typeid=i","cat":284651},{"id":210011,"n":"Détachant poudre Vanish  Blanc - 940g","p":16.99,"u":"18,07 €/KG","img":"https://fd15-photos.leclercdrive.fr/image.ashx?id=2680311&use=l&cat=p&typeid=i","cat":284651},{"id":210012,"n":"Adoucissant concentré Soupline Moments magiques - x52 - 1.2L","p":7.65,"u":"6,38 €/L","img":"https://fd15-photos.leclercdrive.fr/image.ashx?id=2545207&use=l&cat=p&typeid=i","cat":284650},{"id":210024,"n":"Lingettes désinfectantes St  Marc Soleil de Corse - x80","p":4.19,"u":"0,05 €/P","img":"https://fd15-photos.leclercdrive.fr/image.ashx?id=2757440&use=l&cat=p&typeid=i","cat":325358},{"id":210044,"n":"Dentifrice Colgate Blancheur Micro cristaux - 75ml","p":2.29,"u":"30,53 €/L","img":"https://fd15-photos.leclercdrive.fr/image.ashx?id=3011947&use=l&cat=p&typeid=i","cat":284612},{"id":210047,"n":"Gel douche Sanex Natural Prebiotic - Enfants - 425m","p":5.22,"u":"12,28 €/L","img":"https://fd15-photos.leclercdrive.fr/image.ashx?id=2545219&use=l&cat=p&typeid=i","cat":284594},{"id":210059,"n":"Fruits au sirop Del Monte Demi-fruits - 825g","p":3.95,"u":"4,79 €/KG","img":"https://fd15-photos.leclercdrive.fr/image.ashx?id=2545102&use=l&cat=p&typeid=i","cat":284507},{"id":210063,"n":"Fruits au sirop pêche Del Monte 825g","p":3.3,"u":"4,00 €/KG","img":"https://fd15-photos.leclercdrive.fr/image.ashx?id=2804385&use=l&cat=p&typeid=i","cat":284507},{"id":210064,"n":"Friandises pour chien Fido Poulet - 130g","p":3.45,"u":"26,54 €/KG","img":"https://fd15-photos.leclercdrive.fr/image.ashx?id=2561503&use=l&cat=p&typeid=i","cat":294527},{"id":210076,"n":"Gel douche Tahiti Coco & Huile de coco - 250ml","p":2.81,"u":"11,24 €/L","img":"https://fd15-photos.leclercdrive.fr/image.ashx?id=2545897&use=l&cat=p&typeid=i","cat":284594},{"id":210103,"n":"Crevettes Cocktail ASC Costa  270g","p":17.59,"u":"65,15 €/KG","img":"https://fd15-photos.leclercdrive.fr/image.ashx?id=2546722&use=l&cat=p&typeid=i","cat":319787},{"id":210120,"n":"Thé glacé Lipton Ice Tea Pastèque menthe - 1.25L","p":2.65,"u":"2,12 €/L","img":"https://fd15-photos.leclercdrive.fr/image.ashx?id=2731591&use=l&cat=p&typeid=i","cat":295019},{"id":210123,"n":"Gel douche Sanex Dermoprotection - 400ml","p":5.07,"u":"12,68 €/L","img":"https://fd15-photos.leclercdrive.fr/image.ashx?id=2757851&use=l&cat=p&typeid=i","cat":284594},{"id":210206,"n":"Brossettes Oral-B 3D White x4","p":19.63,"u":"4,91 €/P","img":"https://fd15-photos.leclercdrive.fr/image.ashx?id=2617483&use=l&cat=p&typeid=i","cat":297133},{"id":210214,"n":"Farine multi-usages Chaque jour sans gluten - 1kg","p":5.69,"u":"5,69 €/KG","img":"https://fd15-photos.leclercdrive.fr/image.ashx?id=2872460&use=l&cat=p&typeid=i","cat":284503},{"id":210235,"n":"Serviettes Tena Discreet Extra - x10","p":5.76,"u":"0,58 €/P","img":"https://fd15-photos.leclercdrive.fr/image.ashx?id=2597244&use=l&cat=p&typeid=i","cat":284628},{"id":210493,"n":"Compotes Materne Gourdes  \"Boost\" Multivitaminés - 4x90g","p":5.99,"u":"16,64 €/KG","img":"https://fd15-photos.leclercdrive.fr/image.ashx?id=3007924&use=l&cat=p&typeid=i","cat":284508},{"id":210566,"n":"Ballotin Célébrations 272g","p":11.85,"img":"https://fd15-photos.leclercdrive.fr/image.ashx?id=2979234&use=l&cat=p&typeid=i","cat":284499},{"id":210615,"n":"Râpé végétal Nurishh Gran Vegiano - 150g","p":3.25,"u":"21,67 €/KG","img":"https://fd15-photos.leclercdrive.fr/image.ashx?id=2817398&use=l&cat=p&typeid=i","cat":316070},{"id":210695,"n":"Gaufrettes croustillantes Vanille - Loacker 90g","p":1.35,"u":"15,00 €/KG","img":"https://fd15-photos.leclercdrive.fr/image.ashx?id=2674881&use=l&cat=p&typeid=i","cat":284488},{"id":210696,"n":"Gaufrettes croustillantes Noisettes - Loacker 90g","p":2.35,"u":"26,11 €/KG","img":"https://fd15-photos.leclercdrive.fr/image.ashx?id=2674878&use=l&cat=p&typeid=i","cat":284488},{"id":210703,"n":"Terrine Tous mes amis Volaille carottes - 1.2kg","p":2.89,"u":"2,41 €/KG","img":"https://fd15-photos.leclercdrive.fr/image.ashx?id=2815758&use=l&cat=p&typeid=i","cat":288578},{"id":210717,"n":"Boulettes de boeuf Eco+ 1.2kg","p":2.99,"img":"https://fd15-photos.leclercdrive.fr/image.ashx?id=2815740&use=l&cat=p&typeid=i","cat":288578},{"id":210728,"n":"Sirop de glucose 250g","p":4.5,"u":"18,00 €/KG","img":"https://fd15-photos.leclercdrive.fr/image.ashx?id=2876308&use=l&cat=p&typeid=i","cat":284504},{"id":210749,"n":"AOP Pessac-Léognan Château Valoux - 75cl","p":26.2,"u":"34,93 €/L","img":"https://fd15-photos.leclercdrive.fr/image.ashx?id=2555613&use=l&cat=p&typeid=i","cat":289556},{"id":210750,"n":"AOP Margaux vin rouge L'Orangerie du Tertre 75cl","p":55.5,"u":"74,00 €/L","img":"https://fd15-photos.leclercdrive.fr/image.ashx?id=2981145&use=l&cat=p&typeid=i","cat":289556},{"id":210760,"n":"AOP Picpoul de Pinet vin blanc Les Cordelettes - 75cl","p":8.34,"u":"11,12 €/L","img":"https://fd15-photos.leclercdrive.fr/image.ashx?id=2735746&use=l&cat=p&typeid=i","cat":289557},{"id":210803,"n":"Adoucissant Hyperdou Douceur de pêche - 1.9L - x27","p":4.95,"u":"2,61 €/L","img":"https://fd15-photos.leclercdrive.fr/image.ashx?id=2603015&use=l&cat=p&typeid=i","cat":284650},{"id":210804,"n":"Adoucissant Hyperdou Rêve de fraîcheur - 1.9L - x27","p":4.95,"u":"2,61 €/L","img":"https://fd15-photos.leclercdrive.fr/image.ashx?id=2603012&use=l&cat=p&typeid=i","cat":284650},{"id":210806,"n":"Adoucissant Hyperdou Senstive - 1.9L - x27","p":4.95,"u":"2,61 €/L","img":"https://fd15-photos.leclercdrive.fr/image.ashx?id=2603024&use=l&cat=p&typeid=i","cat":284650},{"id":210824,"n":"Pommes noisette Findus 900g","p":4.67,"u":"5,19 €/KG","img":"https://fd15-photos.leclercdrive.fr/image.ashx?id=2899500&use=l&cat=p&typeid=i","cat":319792},{"id":210827,"n":"Adoucissant Hyperdou Plaisir de vanille - 1.9L - x27","p":4.69,"u":"2,47 €/L","img":"https://fd15-photos.leclercdrive.fr/image.ashx?id=2603018&use=l&cat=p&typeid=i","cat":284650},{"id":210848,"n":"Tomates cerises bio Bio Village Allongées bicolores - 250g","p":3.99,"u":"15,96 €/KG","img":"https://fd15-photos.leclercdrive.fr/image.ashx?id=2553073&use=l&cat=p&typeid=i","cat":284352},{"id":210889,"n":"Yaourt à boire Eco+ Fraise - 850g","p":2.09,"u":"2,46 €/KG","img":"https://fd15-photos.leclercdrive.fr/image.ashx?id=2552033&use=l&cat=p&typeid=i","cat":284415},{"id":210946,"n":"Margarine Planta Fin  Demi-sel 100% végétal - 450g","p":3.04,"u":"6,76 €/KG","img":"https://fd15-photos.leclercdrive.fr/image.ashx?id=2989474&use=l&cat=p&typeid=i","cat":315229},{"id":210951,"n":"Mousse au chocolat Eco+ 4x60g","p":1.25,"u":"5,21 €/KG","img":"https://fd15-photos.leclercdrive.fr/image.ashx?id=2552493&use=l&cat=p&typeid=i","cat":284417},{"id":210956,"n":"Yaourt gourmand Délisse Coco - 2x150g","p":2.5,"u":"8,33 €/KG","img":"https://fd15-photos.leclercdrive.fr/image.ashx?id=2556532&use=l&cat=p&typeid=i","cat":314999},{"id":210957,"n":"Yaourt gourmand Délisse Cerise - 2x150g","p":2.39,"u":"7,97 €/KG","img":"https://fd15-photos.leclercdrive.fr/image.ashx?id=2552502&use=l&cat=p&typeid=i","cat":314999},{"id":210958,"n":"Yaourt gourrmand Délisse  2x150g","p":2.5,"u":"8,33 €/KG","img":"https://fd15-photos.leclercdrive.fr/image.ashx?id=2552505&use=l&cat=p&typeid=i","cat":314999},{"id":210960,"n":"Bouchées Tous les Amis 1.2kg","p":4.69,"u":"3,91 €/KG","img":"https://fd15-photos.leclercdrive.fr/image.ashx?id=2815767&use=l&cat=p&typeid=i","cat":288578},{"id":210961,"n":"Le Fondant Mamie Nova Pistache - 2x150g","p":1.99,"u":"6,63 €/KG","img":"https://fd15-photos.leclercdrive.fr/image.ashx?id=2886957&use=l&cat=p&typeid=i","cat":285041},{"id":210962,"n":"Emincés en sauce Tous les Amis Assortiment - 6x400g","p":6.99,"u":"2,91 €/KG","img":"https://fd15-photos.leclercdrive.fr/image.ashx?id=2815761&use=l&cat=p&typeid=i","cat":285601},{"id":210963,"n":"Boulettes de bœuf Eco+ 400g","p":1.25,"u":"3,13 €/KG","img":"https://fd15-photos.leclercdrive.fr/image.ashx?id=2619704&use=l&cat=p&typeid=i","cat":285601},{"id":210965,"n":"Le Fondant Mamie Nova Caramel beurre salé - 2x150g","p":2.59,"u":"8,63 €/KG","img":"https://fd15-photos.leclercdrive.fr/image.ashx?id=2909038&use=l&cat=p&typeid=i","cat":285041},{"id":210968,"n":"Tajine de boeuf Fleury Michon 350g","p":4.95,"u":"14,14 €/KG","img":"https://fd15-photos.leclercdrive.fr/image.ashx?id=2656730&use=l&cat=p&typeid=i","cat":333665},{"id":210985,"n":"Mini Cookies Michel et Augustin lait et noir - 100g","p":4.29,"u":"42,90 €/KG","img":"https://fd15-photos.leclercdrive.fr/image.ashx?id=2554343&use=l&cat=p&typeid=i","cat":325066},{"id":211054,"n":"Croûtons Tipiak Nature - 75g","p":1.5,"pp":1.05,"u":"14,00 €/KG","img":"https://fd15-photos.leclercdrive.fr/image.ashx?id=2812726&use=l&cat=p&typeid=i","cat":284464},{"id":211077,"n":"Jus de pomme bio Pressade Sans sucre ajouté - 1L","p":4.35,"u":"4,35 €/L","img":"https://fd15-photos.leclercdrive.fr/image.ashx?id=2692377&use=l&cat=p&typeid=i","cat":284522},{"id":211079,"n":"Terrine Tous Mes Amis 3x1.2kg","p":8.58,"u":"2,38 €/KG","img":"https://fd15-photos.leclercdrive.fr/image.ashx?id=2815770&use=l&cat=p&typeid=i","cat":288578},{"id":211091,"n":"Porto blanc Eco+ 18% vol - 75cl","p":7.19,"u":"9,59 €/L","img":"https://fd15-photos.leclercdrive.fr/image.ashx?id=2869850&use=l&cat=p&typeid=i","cat":284913},{"id":211095,"n":"Dessert végétal Alpro Fraise - 500g","p":2.8,"u":"5,60 €/KG","img":"https://fd15-photos.leclercdrive.fr/image.ashx?id=2976071&use=l&cat=p&typeid=i","cat":316071},{"id":211098,"n":"Emincée Tous Mes Amis Poissons - 4x400g","p":4.89,"u":"3,06 €/KG","img":"https://fd15-photos.leclercdrive.fr/image.ashx?id=2815764&use=l&cat=p&typeid=i","cat":285601},{"id":211113,"n":"Poivre 5 baies Sainte Lucie 80g","p":5.19,"u":"64,88 €/KG","img":"https://fd15-photos.leclercdrive.fr/image.ashx?id=2554106&use=l&cat=p&typeid=i","cat":298297},{"id":211114,"n":"Bigarreaux confits Vahiné Provence - 150g","p":4.7,"u":"31,33 €/KG","img":"https://fd15-photos.leclercdrive.fr/image.ashx?id=2554136&use=l&cat=p&typeid=i","cat":284504},{"id":211117,"n":"Paprika fumé Ducros 40g","p":1.99,"u":"49,75 €/KG","img":"https://fd15-photos.leclercdrive.fr/image.ashx?id=2559484&use=l&cat=p&typeid=i","cat":298297},{"id":211122,"n":"Curry Ducros 100g","p":3.2,"u":"32,00 €/KG","img":"https://fd15-photos.leclercdrive.fr/image.ashx?id=2554118&use=l&cat=p&typeid=i","cat":298297},{"id":211123,"n":"Paprika doux Ducros 100g","p":2.95,"u":"29,50 €/KG","img":"https://fd15-photos.leclercdrive.fr/image.ashx?id=2554121&use=l&cat=p&typeid=i","cat":298297},{"id":211125,"n":"Curry Ducros 47g","p":2.2,"u":"46,81 €/KG","img":"https://fd15-photos.leclercdrive.fr/image.ashx?id=2559496&use=l&cat=p&typeid=i","cat":298297},{"id":211157,"n":"Adoucissant Soupline Grand Air - 1,9L","p":8.99,"u":"4,73 €/L","img":"https://fd15-photos.leclercdrive.fr/image.ashx?id=2976878&use=l&cat=p&typeid=i","cat":284650},{"id":211315,"n":"Coupelles dessert gaufrettes 3 Toques -  x6 - 78g","p":2.95,"u":"37,82 €/KG","img":"https://fd15-photos.leclercdrive.fr/image.ashx?id=2555322&use=l&cat=p&typeid=i","cat":284487},{"id":211398,"n":"Amandes  Tokapi 200g","p":4.15,"u":"20,75 €/KG","img":"https://fd15-photos.leclercdrive.fr/image.ashx?id=2793326&use=l&cat=p&typeid=i","cat":284448},{"id":211402,"n":"Melange non salé Tokapi 150g","p":3.89,"u":"25,93 €/KG","img":"https://fd15-photos.leclercdrive.fr/image.ashx?id=2793323&use=l&cat=p&typeid=i","cat":284448},{"id":211403,"n":"Mélange noix fruits secs Tokapi 150g","p":4.29,"u":"28,60 €/KG","img":"https://fd15-photos.leclercdrive.fr/image.ashx?id=2793320&use=l&cat=p&typeid=i","cat":284448},{"id":211406,"n":"Mélange noix nobles Tokapi 100g","p":4.45,"u":"44,50 €/KG","img":"https://fd15-photos.leclercdrive.fr/image.ashx?id=2793314&use=l&cat=p&typeid=i","cat":284448},{"id":211407,"n":"Mélange Tokapi Cajou  cranberries - 150g","p":3.89,"u":"25,93 €/KG","img":"https://fd15-photos.leclercdrive.fr/image.ashx?id=2793317&use=l&cat=p&typeid=i","cat":284448},{"id":211409,"n":"AOP Crémant d'Alsace Rebmann Demi sec - 75cl","p":9.85,"u":"13,13 €/L","img":"https://fd15-photos.leclercdrive.fr/image.ashx?id=2556440&use=l&cat=p&typeid=i","cat":284545},{"id":211411,"n":"Noix de muscade Sainte Lucie 18g","p":4.5,"u":"250,00 €/KG","img":"https://fd15-photos.leclercdrive.fr/image.ashx?id=2975176&use=l&cat=p&typeid=i","cat":298297},{"id":211412,"n":"Gommes acacia Confiseo Citron miel - 250g","p":3.69,"u":"14,76 €/KG","img":"https://fd15-photos.leclercdrive.fr/image.ashx?id=2934772&use=l&cat=p&typeid=i","cat":304250},{"id":211413,"n":"Céréales Kit Kat 330g","p":5.14,"u":"15,58 €/KG","img":"https://fd15-photos.leclercdrive.fr/image.ashx?id=2989453&use=l&cat=p&typeid=i","cat":309513},{"id":211414,"n":"Céréales Miel Pops Kellogg's 330g","p":2.59,"u":"7,85 €/KG","img":"https://fd15-photos.leclercdrive.fr/image.ashx?id=3003423&use=l&cat=p&typeid=i","cat":309513},{"id":211426,"n":"Pain burger Eco+ Nature x6 - 330g","p":1.59,"u":"4,82 €/KG","img":"https://fd15-photos.leclercdrive.fr/image.ashx?id=2854195&use=l&cat=p&typeid=i","cat":325067},{"id":211427,"n":"Pain burger Epi d'Or Nature x6 - 330g","p":1.95,"u":"5,91 €/KG","img":"https://fd15-photos.leclercdrive.fr/image.ashx?id=2807303&use=l&cat=p&typeid=i","cat":325067},{"id":211430,"n":"Persil Sainte Lucie Feuilles coupées - 60g","p":5.85,"u":"97,50 €/KG","img":"https://fd15-photos.leclercdrive.fr/image.ashx?id=2557326&use=l&cat=p&typeid=i","cat":298297},{"id":211431,"n":"Oignon Ducros 9g","p":2.4,"u":"266,67 €/KG","img":"https://fd15-photos.leclercdrive.fr/image.ashx?id=2557332&use=l&cat=p&typeid=i","cat":298297},{"id":211432,"n":"Court bouillon Maggi Legumes et vin blanc 150g","p":2.55,"u":"17,00 €/KG","img":"https://fd15-photos.leclercdrive.fr/image.ashx?id=2557740&use=l&cat=p&typeid=i","cat":288379},{"id":211434,"n":"Tonifiant sexuel Vitavea Gingembre ginseng  15g","p":7.45,"u":"0,25 €/P","img":"https://fd15-photos.leclercdrive.fr/image.ashx?id=2651131&use=l&cat=p&typeid=i","cat":313217},{"id":211437,"n":"Céréales Kellogg's Rice Krispies - 360g","p":3.65,"u":"10,14 €/KG","img":"https://fd15-photos.leclercdrive.fr/image.ashx?id=3003420&use=l&cat=p&typeid=i","cat":309513},{"id":211470,"n":"Dentifrice Signal Professionnel Action Sensibilité Complet 75ml","p":4.59,"u":"61,20 €/L","img":"https://fd15-photos.leclercdrive.fr/image.ashx?id=2961326&use=l&cat=p&typeid=i","cat":284612},{"id":211480,"n":"Pâte brisée Croustipate Au beurre & farine - 230g","p":1.89,"u":"8,22 €/KG","img":"https://fd15-photos.leclercdrive.fr/image.ashx?id=2875081&use=l&cat=p&typeid=i","cat":333681},{"id":211492,"n":"Dessert végétal Alpro Pêche - 500g","p":2.8,"u":"5,60 €/KG","img":"https://fd15-photos.leclercdrive.fr/image.ashx?id=2556395&use=l&cat=p&typeid=i","cat":316071},{"id":211516,"n":"Déodorant bille Rexona Bouquet 72h - 50ml","p":5.45,"u":"109,00 €/L","img":"https://fd15-photos.leclercdrive.fr/image.ashx?id=2849668&use=l&cat=p&typeid=i","cat":284595},{"id":211520,"n":"Dentifrice Signal Professionnel Sensibilité Gencives 75ml","p":4.41,"u":"58,80 €/L","img":"https://fd15-photos.leclercdrive.fr/image.ashx?id=2961329&use=l&cat=p&typeid=i","cat":284612},{"id":211522,"n":"Dentifrice Signal Professionnel Sensibilité Blancheur 75ml","p":4.59,"u":"61,20 €/L","img":"https://fd15-photos.leclercdrive.fr/image.ashx?id=2961332&use=l&cat=p&typeid=i","cat":284612},{"id":211525,"n":"Lessive tablettes Persil Bouquet de Provence - x32","p":11.95,"u":"12,45 €/KG","img":"https://fd15-photos.leclercdrive.fr/image.ashx?id=2557809&use=l&cat=p&typeid=i","cat":284641},{"id":211537,"n":"Céréales Miel Pops Loops Kellogg's 330g","p":3.12,"u":"9,45 €/KG","img":"https://fd15-photos.leclercdrive.fr/image.ashx?id=2561353&use=l&cat=p&typeid=i","cat":309513},{"id":211543,"n":"Adoucissant Cajoline L'Original Doux & Pur x60","p":6.5,"u":"4,71 €/L","img":"https://fd15-photos.leclercdrive.fr/image.ashx?id=2960267&use=l&cat=p&typeid=i","cat":284650},{"id":211545,"n":"Adoucissant Cajoline Créations Tiaré baies sauvages 1.38L x60","p":6.5,"u":"4,71 €/L","img":"https://fd15-photos.leclercdrive.fr/image.ashx?id=2765671&use=l&cat=p&typeid=i","cat":284650},{"id":211551,"n":"Déodorant bille homme Axe Aqua bergamot - 50ml","p":8.35,"u":"167,00 €/L","img":"https://fd15-photos.leclercdrive.fr/image.ashx?id=2850829&use=l&cat=p&typeid=i","cat":284618},{"id":211561,"n":"Déodorant Spray Dove Anti- Transpirant Invisible Dry 100ml","p":6.55,"u":"65,50 €/L","img":"https://fd15-photos.leclercdrive.fr/image.ashx?id=2905711&use=l&cat=p&typeid=i","cat":284595},{"id":211563,"n":"Déodorant Spray Dove Anti- Transpirant Invisible Dry 200ml","p":6.55,"u":"32,75 €/L","img":"https://fd15-photos.leclercdrive.fr/image.ashx?id=2877244&use=l&cat=p&typeid=i","cat":284595},{"id":211564,"n":"Adoucissant concentré Soupline Coco fleurs blanches - 1.28L","p":7.65,"u":"5,98 €/L","img":"https://fd15-photos.leclercdrive.fr/image.ashx?id=2832566&use=l&cat=p&typeid=i","cat":284650},{"id":211573,"n":"Déodorant Spray Dove Anti- Transpirant Original 200ml","p":6.55,"u":"32,75 €/L","img":"https://fd15-photos.leclercdrive.fr/image.ashx?id=2878486&use=l&cat=p&typeid=i","cat":284595},{"id":211578,"n":"Déodorant bille Rexona Invisible aqua 72h - 50ml","p":5.45,"u":"109,00 €/L","img":"https://fd15-photos.leclercdrive.fr/image.ashx?id=2849674&use=l&cat=p&typeid=i","cat":284595},{"id":211579,"n":"Déodorant Bille Dove Anti- Transpirant Original 50ml","p":5.04,"u":"100,80 €/L","img":"https://fd15-photos.leclercdrive.fr/image.ashx?id=2877685&use=l&cat=p&typeid=i","cat":284595},{"id":211584,"n":"Déodorant spray homme Axe Aqua bergamot - 150ml","p":8.65,"u":"57,67 €/L","img":"https://fd15-photos.leclercdrive.fr/image.ashx?id=3004453&use=l&cat=p&typeid=i","cat":284618},{"id":211586,"n":"Gel douche homme Axe Aqua bergamot - 300ml","p":6.04,"u":"20,13 €/L","img":"https://fd15-photos.leclercdrive.fr/image.ashx?id=2758761&use=l&cat=p&typeid=i","cat":284619},{"id":211631,"n":"Desserts Lactés P'TIT BRASSE   Abricot vanille -6m+ - 4x90g","p":4.2,"u":"11,67 €/KG","img":"https://fd15-photos.leclercdrive.fr/image.ashx?id=2600072&use=l&cat=p&typeid=i","cat":312392},{"id":211632,"n":"Desserts Lactés P'TIT ONCTUEUX Nature 6M+ - 8x90g","p":8.1,"u":"11,25 €/KG","img":"https://fd15-photos.leclercdrive.fr/image.ashx?id=2559161&use=l&cat=p&typeid=i","cat":312392},{"id":211634,"n":"Ravioli Lustucru  Chèvre épinard - 250g","p":3.29,"u":"13,16 €/KG","img":"https://fd15-photos.leclercdrive.fr/image.ashx?id=2974357&use=l&cat=p&typeid=i","cat":333682},{"id":211636,"n":"Tortellini à poêler Lustucru Ricotta épinards - 300g","p":3.85,"u":"12,83 €/KG","img":"https://fd15-photos.leclercdrive.fr/image.ashx?id=2792414&use=l&cat=p&typeid=i","cat":333682},{"id":211637,"n":"Tortellini à poêler Lustucru Poulet crème - 300g","p":3.85,"u":"12,83 €/KG","img":"https://fd15-photos.leclercdrive.fr/image.ashx?id=2792417&use=l&cat=p&typeid=i","cat":333682},{"id":211827,"n":"Céréales bébé BABIVANILLE Vanille 10M+ - 400g","p":3.8,"u":"9,50 €/KG","img":"https://fd15-photos.leclercdrive.fr/image.ashx?id=2562651&use=l&cat=p&typeid=i","cat":312225},{"id":211856,"n":"Biscuits Petits Chocos Bonne maman - 250g","p":3.89,"u":"15,56 €/KG","img":"https://fd15-photos.leclercdrive.fr/image.ashx?id=2949997&use=l&cat=p&typeid=i","cat":284488},{"id":211896,"n":"Miel de France Lune de Miel 250g","p":7.25,"u":"29,00 €/KG","img":"https://fd15-photos.leclercdrive.fr/image.ashx?id=2944687&use=l&cat=p&typeid=i","cat":287643},{"id":211965,"n":"Mâche Panier du Primeur 150g","p":3.89,"u":"25,93 €/KG","img":"https://fd15-photos.leclercdrive.fr/image.ashx?id=2960523&use=l&cat=p&typeid=i","cat":284352},{"id":212110,"n":"Adoucissant Hyperdou Senteur de provence - 1.9L x 27","p":4.69,"u":"2,47 €/L","img":"https://fd15-photos.leclercdrive.fr/image.ashx?id=2603021&use=l&cat=p&typeid=i","cat":284650},{"id":212112,"n":"Céréales Frosties Kellogg's  330g","p":3.89,"u":"11,79 €/KG","img":"https://fd15-photos.leclercdrive.fr/image.ashx?id=2565362&use=l&cat=p&typeid=i","cat":309513},{"id":212248,"n":"Crème glacée La Laitière Chocolat avec copeaux - 490g","p":5.25,"u":"10,71 €/KG","img":"https://fd15-photos.leclercdrive.fr/image.ashx?id=3000012&use=l&cat=p&typeid=i","cat":284263},{"id":212274,"n":"Crème de soin DermaXPro Apaise - 145ml","p":6.1,"u":"42,07 €/L","img":"https://fd15-photos.leclercdrive.fr/image.ashx?id=2565425&use=l&cat=p&typeid=i","cat":284608},{"id":212275,"n":"Après-shampooing DermaXPro Apaise - Cheveux secs - 200ml","p":6.99,"u":"34,95 €/L","img":"https://fd15-photos.leclercdrive.fr/image.ashx?id=2565422&use=l&cat=p&typeid=i","cat":284607},{"id":212277,"n":"Après-shampooing DermaXPro Hydrate - 200ml","p":12.95,"u":"64,75 €/L","img":"https://fd15-photos.leclercdrive.fr/image.ashx?id=2565428&use=l&cat=p&typeid=i","cat":284607},{"id":212383,"n":"Barres de céréales Spécial K Protein Coco cacao cajou -4x28g","p":4.84,"u":"43,21 €/KG","img":"https://fd15-photos.leclercdrive.fr/image.ashx?id=3011809&use=l&cat=p&typeid=i","cat":300032},{"id":212463,"n":"Gel douche Le Petit Marseillais Homme - Orange/Argan - 250ml","p":3.78,"u":"15,12 €/L","img":"https://fd15-photos.leclercdrive.fr/image.ashx?id=2684554&use=l&cat=p&typeid=i","cat":284619},{"id":212465,"n":"Protège-slip Confort Vania Coton Bio - x30","p":4.26,"img":"https://fd15-photos.leclercdrive.fr/image.ashx?id=2735215&use=l&cat=p&typeid=i","cat":284625},{"id":212468,"n":"Protège-slips Confort Vania Aloe vera - x56","p":4.24,"img":"https://fd15-photos.leclercdrive.fr/image.ashx?id=2735236&use=l&cat=p&typeid=i","cat":284625},{"id":212469,"n":"Protège-slip Protection Vania Long Fresh - x40","p":4.23,"img":"https://fd15-photos.leclercdrive.fr/image.ashx?id=2735239&use=l&cat=p&typeid=i","cat":284625},{"id":212477,"n":"Déodorant spray Monsavon Compres$sé -  Vanille - 100ml","p":4.25,"u":"42,50 €/L","img":"https://fd15-photos.leclercdrive.fr/image.ashx?id=2566215&use=l&cat=p&typeid=i","cat":284595},{"id":212546,"n":"Macaroni et boulette Côté Table À la tomate - 280g","p":5.75,"u":"20,54 €/KG","img":"https://fd15-photos.leclercdrive.fr/image.ashx?id=2764149&use=l&cat=p&typeid=i","cat":333665},{"id":212582,"n":"Blanquette de poulet Côté Table 300g","p":4.29,"u":"14,30 €/KG","img":"https://fd15-photos.leclercdrive.fr/image.ashx?id=2764146&use=l&cat=p&typeid=i","cat":333665},{"id":212583,"n":"Saucisse de Toulouse purée Côté Table - 290g","p":3.49,"u":"12,03 €/KG","img":"https://fd15-photos.leclercdrive.fr/image.ashx?id=2567613&use=l&cat=p&typeid=i","cat":333665},{"id":212584,"n":"Penne au saumon Côté Table 280g","p":4.39,"u":"15,68 €/KG","img":"https://fd15-photos.leclercdrive.fr/image.ashx?id=2794761&use=l&cat=p&typeid=i","cat":333665},{"id":212585,"n":"Parmentier de canard Côté Table 320g","p":4.99,"u":"15,59 €/KG","img":"https://fd15-photos.leclercdrive.fr/image.ashx?id=2846571&use=l&cat=p&typeid=i","cat":333665},{"id":212588,"n":"Skyr Siggi's  Framboise - 450g","p":3.99,"u":"8,87 €/KG","img":"https://fd15-photos.leclercdrive.fr/image.ashx?id=2664380&use=l&cat=p&typeid=i","cat":315000},{"id":212593,"n":"Litière chats Tous mes Amis Triple action blanche - 5L","p":5.95,"u":"1,19 €/L","img":"https://fd15-photos.leclercdrive.fr/image.ashx?id=2568361&use=l&cat=p&typeid=i","cat":284683},{"id":212595,"n":"Litière chats Tous mes Amis Parfumée grise - 5L","p":3.99,"u":"0,80 €/L","img":"https://fd15-photos.leclercdrive.fr/image.ashx?id=2568358&use=l&cat=p&typeid=i","cat":284683},{"id":212600,"n":"Cranberries Couleurs Vives 200g","p":4.45,"u":"22,25 €/KG","img":"https://fd15-photos.leclercdrive.fr/image.ashx?id=2567595&use=l&cat=p&typeid=i","cat":284357},{"id":212602,"n":"Raisins Golden Couleurs Vives 250g","p":2.85,"u":"11,40 €/KG","img":"https://fd15-photos.leclercdrive.fr/image.ashx?id=2567598&use=l&cat=p&typeid=i","cat":284357},{"id":212603,"n":"Fruits secs Mix croquant Couleurs Vives - 200g","p":3.29,"u":"16,45 €/KG","img":"https://fd15-photos.leclercdrive.fr/image.ashx?id=2567601&use=l&cat=p&typeid=i","cat":284357},{"id":212604,"n":"Fruits secs Mix Gourmand Couleurs Vives - 200g","p":3.99,"u":"19,95 €/KG","img":"https://fd15-photos.leclercdrive.fr/image.ashx?id=2567604&use=l&cat=p&typeid=i","cat":284357},{"id":212605,"n":"Mini samoussas Tables du Monde Légumes Crevettes x8 - 240g","p":6.95,"u":"28,96 €/KG","img":"https://fd15-photos.leclercdrive.fr/image.ashx?id=2567651&use=l&cat=p&typeid=i","cat":316003},{"id":212645,"n":"Margarine Planta Fin Demi-sel 100% végétal - 225g","p":1.95,"u":"8,67 €/KG","img":"https://fd15-photos.leclercdrive.fr/image.ashx?id=2989465&use=l&cat=p&typeid=i","cat":315229},{"id":212646,"n":"Margarine Planta Fin  Doux  100% végétal - 900g","p":5.9,"u":"6,56 €/KG","img":"https://fd15-photos.leclercdrive.fr/image.ashx?id=2989462&use=l&cat=p&typeid=i","cat":315229},{"id":212663,"n":"AOP Chateau de Bern  Sainte croix du mont - 75cl","p":13.85,"u":"18,47 €/L","img":"https://fd15-photos.leclercdrive.fr/image.ashx?id=2569749&use=l&cat=p&typeid=i","cat":289557},{"id":212667,"n":"Cottage cheese Danone Fromage frais - 200g","p":2.59,"u":"12,95 €/KG","img":"https://fd15-photos.leclercdrive.fr/image.ashx?id=2628341&use=l&cat=p&typeid=i","cat":314029},{"id":212679,"n":"Céréales Coco Pops Chocos Kellogg's - 330g","p":3.04,"u":"9,21 €/KG","img":"https://fd15-photos.leclercdrive.fr/image.ashx?id=2571683&use=l&cat=p&typeid=i","cat":309513},{"id":212750,"n":"Petits pots bébé P'TIT SOUPER Pastasotto 12M+ - 2x200g","p":4.29,"u":"10,73 €/KG","img":"https://fd15-photos.leclercdrive.fr/image.ashx?id=2571863&use=l&cat=p&typeid=i","cat":312239},{"id":212754,"n":"Soupe chinoise Maggi 60g","p":2.2,"u":"36,67 €/KG","img":"https://fd15-photos.leclercdrive.fr/image.ashx?id=2571869&use=l&cat=p&typeid=i","cat":288992},{"id":212762,"n":"Soupe à l'oignons Maggi 61g","p":0.85,"u":"13,93 €/KG","img":"https://fd15-photos.leclercdrive.fr/image.ashx?id=2571872&use=l&cat=p&typeid=i","cat":284463},{"id":212769,"n":"Herbes de provence Sainte Lucie 55g","p":2.51,"u":"45,64 €/KG","img":"https://fd15-photos.leclercdrive.fr/image.ashx?id=2570160&use=l&cat=p&typeid=i","cat":298297},{"id":212770,"n":"Ail & poivre Ducros 45g","p":3.15,"u":"70,00 €/KG","img":"https://fd15-photos.leclercdrive.fr/image.ashx?id=2570166&use=l&cat=p&typeid=i","cat":298297},{"id":212771,"n":"Pepites de chocolats Vahiné  Noisettes - 100g","p":2.9,"u":"29,00 €/KG","img":"https://fd15-photos.leclercdrive.fr/image.ashx?id=2570190&use=l&cat=p&typeid=i","cat":284504},{"id":212773,"n":"Curry Balti Ducros - 39g","p":2.4,"u":"61,54 €/KG","img":"https://fd15-photos.leclercdrive.fr/image.ashx?id=2570169&use=l&cat=p&typeid=i","cat":298297},{"id":212807,"n":"Compotes Pom'Potes Gourdes  Mirabelle de Lorraine - 4x90g","p":4.0,"u":"11,11 €/KG","img":"https://fd15-photos.leclercdrive.fr/image.ashx?id=3010891&use=l&cat=p&typeid=i","cat":284508},{"id":212811,"n":"Yaourt à boire Lindahls Protein  Stracciatella - 330ml","p":3.5,"u":"10,14 €/KG","img":"https://fd15-photos.leclercdrive.fr/image.ashx?id=2999219&use=l&cat=p&typeid=i","cat":284415},{"id":212815,"n":"Yaourt à la grecque YAOS  Stracciatella - 8x125g","p":8.25,"u":"8,25 €/KG","img":"https://fd15-photos.leclercdrive.fr/image.ashx?id=2570115&use=l&cat=p&typeid=i","cat":314999},{"id":212819,"n":"Préparation moelleux Alsa Chocolat - 500g","p":6.15,"u":"12,30 €/KG","img":"https://fd15-photos.leclercdrive.fr/image.ashx?id=2812663&use=l&cat=p&typeid=i","cat":284504},{"id":212828,"n":"Mélange cajun Sainte Lucie 45g","p":3.15,"u":"70,00 €/KG","img":"https://fd15-photos.leclercdrive.fr/image.ashx?id=2571176&use=l&cat=p&typeid=i","cat":298297},{"id":212876,"n":"AOP Champagne Moët & Chandon Brut impérial - 75cl","p":58.99,"u":"78,65 €/L","img":"https://fd15-photos.leclercdrive.fr/image.ashx?id=2578951&use=l&cat=p&typeid=i","cat":284542},{"id":212922,"n":"Déboucheur Gel Destop  Spécial Cuisine - 1L","p":5.99,"u":"5,99 €/L","img":"https://fd15-photos.leclercdrive.fr/image.ashx?id=2572278&use=l&cat=p&typeid=i","cat":284908},{"id":212934,"n":"Lait bébé poudre Guigoz Optipro 3ème âge - dès 12 mois - 830g","p":13.59,"u":"16,37 €/KG","img":"https://fd15-photos.leclercdrive.fr/image.ashx?id=2895059&use=l&cat=p&typeid=i","cat":290219},{"id":212971,"n":"Barre Enrobage Blanc Lion x6 barres - 180g","p":4.58,"u":"25,44 €/KG","img":"https://fd15-photos.leclercdrive.fr/image.ashx?id=2813044&use=l&cat=p&typeid=i","cat":284498},{"id":213020,"n":"Chips Nature Lay's Sel maxi Format - 370g","p":4.7,"u":"12,70 €/KG","img":"https://fd15-photos.leclercdrive.fr/image.ashx?id=2999949&use=l&cat=p&typeid=i","cat":284447},{"id":213024,"n":"Boulettes volaille Eco+ 800g","p":1.99,"u":"2,49 €/KG","img":"https://fd15-photos.leclercdrive.fr/image.ashx?id=2573232&use=l&cat=p&typeid=i","cat":285601},{"id":213025,"n":"Boulettes à la volaille Eco+ 1.2kg","p":2.49,"u":"2,08 €/KG","img":"https://fd15-photos.leclercdrive.fr/image.ashx?id=2815737&use=l&cat=p&typeid=i","cat":288578},{"id":213176,"n":"Nouilles à la chinoise Marie Au Poulet - 900g","p":10.69,"u":"11,88 €/KG","img":"https://fd15-photos.leclercdrive.fr/image.ashx?id=2996773&use=l&cat=p&typeid=i","cat":284254},{"id":213300,"n":"Bain de bouche bio Bionaïa  500ml","p":3.39,"u":"6,78 €/L","img":"https://fd15-photos.leclercdrive.fr/image.ashx?id=2577200&use=l&cat=p&typeid=i","cat":284613},{"id":213357,"n":"Drap housse Mots d'enfants 60x120cm - blanc/vert","p":14.9,"img":"https://fd15-photos.leclercdrive.fr/image.ashx?id=2863959&use=l&cat=p&typeid=i","cat":286694},{"id":213432,"n":"Gel Corps et Cheveux Cadum Hypoallergenique - 750ml","p":5.8,"u":"7,73 €/L","img":"https://fd15-photos.leclercdrive.fr/image.ashx?id=2581798&use=l&cat=p&typeid=i","cat":284594},{"id":213444,"n":"Crème de Douche Hydratante Dop Barbe à Papa - 290ml","p":2.86,"u":"9,86 €/L","img":"https://fd15-photos.leclercdrive.fr/image.ashx?id=2581801&use=l&cat=p&typeid=i","cat":284594},{"id":213454,"n":"Petits pois Eco+ 1kg","p":2.3,"u":"2,30 €/KG","img":"https://fd15-photos.leclercdrive.fr/image.ashx?id=2796025&use=l&cat=p&typeid=i","cat":319805},{"id":213455,"n":"Champignons Eco+ 1kg","p":1.85,"u":"1,85 €/KG","img":"https://fd15-photos.leclercdrive.fr/image.ashx?id=2593339&use=l&cat=p&typeid=i","cat":319805},{"id":213457,"n":"Cônes Eco+ Vanille fraise x8 - 512g","p":3.05,"u":"5,96 €/KG","img":"https://fd15-photos.leclercdrive.fr/image.ashx?id=2615576&use=l&cat=p&typeid=i","cat":284264},{"id":213458,"n":"Dés de poulet Eco+ 150g","p":2.99,"u":"19,93 €/KG","img":"https://fd15-photos.leclercdrive.fr/image.ashx?id=2930939&use=l&cat=p&typeid=i","cat":316011},{"id":213461,"n":"Fromage à Tartiner Tartare  Herbes de Provence - 250g","p":3.99,"u":"15,96 €/KG","img":"https://fd15-photos.leclercdrive.fr/image.ashx?id=2883955&use=l&cat=p&typeid=i","cat":314029},{"id":213487,"n":"Crème semi-épaisse UHT Délisse Entière - 30% MG - 2x25cl","p":4.69,"u":"9,38 €/L","img":"https://fd15-photos.leclercdrive.fr/image.ashx?id=2579396&use=l&cat=p&typeid=i","cat":284381},{"id":213496,"n":"Boisson Noisette choco Végé 1L Végé - 200g","p":2.89,"u":"2,89 €/L","img":"https://fd15-photos.leclercdrive.fr/image.ashx?id=2903974&use=l&cat=p&typeid=i","cat":316067},{"id":213528,"n":"Gel WC Canard 100% Détartrant - 750ml","p":4.4,"u":"5,87 €/L","img":"https://fd15-photos.leclercdrive.fr/image.ashx?id=2580194&use=l&cat=p&typeid=i","cat":284662},{"id":213550,"n":"Litière chats Tous mes Amis Agglomérante charbon actif - 5L","p":6.39,"u":"1,28 €/L","img":"https://fd15-photos.leclercdrive.fr/image.ashx?id=2580258&use=l&cat=p&typeid=i","cat":284683},{"id":213571,"n":"Gel exfoliant Neutrogena Visibly Clear - 150ml","p":7.19,"u":"47,93 €/L","img":"https://fd15-photos.leclercdrive.fr/image.ashx?id=2947042&use=l&cat=p&typeid=i","cat":284603},{"id":213581,"n":"Gel douche Cadum Crème d'amande - 450ml","p":3.65,"u":"8,11 €/L","img":"https://fd15-photos.leclercdrive.fr/image.ashx?id=2582273&use=l&cat=p&typeid=i","cat":284594},{"id":213582,"n":"Crème Douche surgras Bio Cadum Karité - 450ml","p":3.65,"u":"8,11 €/L","img":"https://fd15-photos.leclercdrive.fr/image.ashx?id=2580801&use=l&cat=p&typeid=i","cat":284594},{"id":213600,"n":"Crème Douche Nourrissante Cadum Huile de Coco Bio - 450ml","p":3.65,"u":"8,11 €/L","img":"https://fd15-photos.leclercdrive.fr/image.ashx?id=2582276&use=l&cat=p&typeid=i","cat":284594},{"id":213602,"n":"Crème Douche Nourrissante Cadum Miel de Fleurs bio - 450ml","p":4.7,"u":"10,44 €/L","img":"https://fd15-photos.leclercdrive.fr/image.ashx?id=2582279&use=l&cat=p&typeid=i","cat":284594},{"id":213604,"n":"Crème Douche Hydratation Cadum Huile d'Amandes Douces - 450ml","p":3.65,"u":"8,11 €/L","img":"https://fd15-photos.leclercdrive.fr/image.ashx?id=2582282&use=l&cat=p&typeid=i","cat":284594},{"id":213606,"n":"Gel Douche Sans Savon Bio Cadum Huile d'Amandes Douces - 450ml","p":3.65,"u":"8,11 €/L","img":"https://fd15-photos.leclercdrive.fr/image.ashx?id=2582288&use=l&cat=p&typeid=i","cat":284594},{"id":213609,"n":"Douche Crème Dop Fraises Sucrées - 290ml","p":2.86,"u":"9,86 €/L","img":"https://fd15-photos.leclercdrive.fr/image.ashx?id=2582297&use=l&cat=p&typeid=i","cat":284594},{"id":213610,"n":"Douche Crème Dop Lait d'Amande Douce - 290ml","p":2.86,"u":"9,86 €/L","img":"https://fd15-photos.leclercdrive.fr/image.ashx?id=2582300&use=l&cat=p&typeid=i","cat":284594},{"id":213614,"n":"Lentilles corail Notre Jardin 500g","p":2.3,"u":"4,60 €/KG","img":"https://fd15-photos.leclercdrive.fr/image.ashx?id=2610726&use=l&cat=p&typeid=i","cat":284430},{"id":213677,"n":"Compotes Andros 4 variétés x16 - 1.6kg","p":7.99,"u":"4,99 €/KG","img":"https://fd15-photos.leclercdrive.fr/image.ashx?id=2960009&use=l&cat=p&typeid=i","cat":284416},{"id":213683,"n":"Douche Crème Dop Vanille de Polynésie - 290ml","p":2.86,"u":"9,86 €/L","img":"https://fd15-photos.leclercdrive.fr/image.ashx?id=2582306&use=l&cat=p&typeid=i","cat":284594},{"id":213685,"n":"Douche Crème Dop Bonbons Multicolors - 290ml","p":2.86,"u":"9,86 €/L","img":"https://fd15-photos.leclercdrive.fr/image.ashx?id=2582309&use=l&cat=p&typeid=i","cat":284594},{"id":213687,"n":"Shampoing karité Franck Provost Cheveux Secs, très secs - 500ml","p":7.0,"u":"14,00 €/L","img":"https://fd15-photos.leclercdrive.fr/image.ashx?id=2581804&use=l&cat=p&typeid=i","cat":284606},{"id":213688,"n":"Shampoing Karité Franck Provost Cheveux Très Secs épais - 500ml","p":7.0,"u":"14,00 €/L","img":"https://fd15-photos.leclercdrive.fr/image.ashx?id=2582312&use=l&cat=p&typeid=i","cat":284606},{"id":213691,"n":"Après-Shampooing Franck Provost Expert réparation - 450ml","p":7.0,"u":"15,56 €/L","img":"https://fd15-photos.leclercdrive.fr/image.ashx?id=2582318&use=l&cat=p&typeid=i","cat":284607},{"id":213692,"n":"Shampooing Franck Provost Cheveux colorés - 500ml","p":7.0,"u":"14,00 €/L","img":"https://fd15-photos.leclercdrive.fr/image.ashx?id=2582321&use=l&cat=p&typeid=i","cat":284606},{"id":213701,"n":"Cerneaux de noix Mon Tour Malin 125g","p":3.19,"u":"25,52 €/KG","img":"https://fd15-photos.leclercdrive.fr/image.ashx?id=2730601&use=l&cat=p&typeid=i","cat":284357},{"id":213722,"n":"Madeleine St Michel -30% de sucre 400g","p":4.75,"u":"11,88 €/KG","img":"https://fd15-photos.leclercdrive.fr/image.ashx?id=2962305&use=l&cat=p&typeid=i","cat":284492},{"id":213724,"n":"Bouchée pour chien Eco+ Boeuf, pâtes, carottes - 1.2kg","p":2.49,"u":"2,08 €/KG","img":"https://fd15-photos.leclercdrive.fr/image.ashx?id=2815728&use=l&cat=p&typeid=i","cat":288578},{"id":213725,"n":"Douceur de chèvre Le Petit Basque - Nature - 4x100g","p":4.69,"u":"11,73 €/KG","img":"https://fd15-photos.leclercdrive.fr/image.ashx?id=2582198&use=l&cat=p&typeid=i","cat":314998},{"id":213749,"n":"Bière blonde Pélican 6x33cl","p":15.95,"u":"8,06 €/L","img":"https://fd15-photos.leclercdrive.fr/image.ashx?id=2946922&use=l&cat=p&typeid=i","cat":334872},{"id":213751,"n":"Bière blonde Pélican 50cl","p":4.8,"u":"9,60 €/L","img":"https://fd15-photos.leclercdrive.fr/image.ashx?id=2805876&use=l&cat=p&typeid=i","cat":334853},{"id":213752,"n":"Bière rouge Pélican 6x33cl","p":15.35,"u":"7,75 €/L","img":"https://fd15-photos.leclercdrive.fr/image.ashx?id=2805873&use=l&cat=p&typeid=i","cat":334878},{"id":213782,"n":"Bloc WC Canard Eau Bleue 5 en 1 - x2","p":2.65,"u":"1,33 €/P","img":"https://fd15-photos.leclercdrive.fr/image.ashx?id=2582378&use=l&cat=p&typeid=i","cat":284662},{"id":213817,"n":"Croquettes chats Perfect Fit Stérilisés, saumon - 1.4kg","p":14.95,"u":"10,68 €/KG","img":"https://fd15-photos.leclercdrive.fr/image.ashx?id=2619163&use=l&cat=p&typeid=i","cat":284680},{"id":213818,"n":"Croquettes chats Perfect Fit Stérilisés, dinde - 1.4kg","p":14.95,"u":"10,68 €/KG","img":"https://fd15-photos.leclercdrive.fr/image.ashx?id=2619166&use=l&cat=p&typeid=i","cat":284680},{"id":213821,"n":"Brosse à dents Signal Soins gencives Extra souple x4","p":3.52,"u":"0,88 €/P","img":"https://fd15-photos.leclercdrive.fr/image.ashx?id=2805690&use=l&cat=p&typeid=i","cat":284614},{"id":213822,"n":"Soupline hypoallergenique 1.9l","p":7.4,"u":"3,89 €/L","img":"https://fd15-photos.leclercdrive.fr/image.ashx?id=2772527&use=l&cat=p&typeid=i","cat":284650},{"id":213830,"n":"Adoucissant Soupline concentré  3D Grand air - 1,35L","p":7.65,"u":"5,67 €/L","img":"https://fd15-photos.leclercdrive.fr/image.ashx?id=2924950&use=l&cat=p&typeid=i","cat":284650},{"id":213833,"n":"Colgate Chloro intense  75ml","p":1.64,"u":"21,87 €/L","img":"https://fd15-photos.leclercdrive.fr/image.ashx?id=2964231&use=l&cat=p&typeid=i","cat":284612},{"id":213834,"n":"Brosse à dents Colgate Extra-clean souple - x4","p":2.57,"u":"0,64 €/P","img":"https://fd15-photos.leclercdrive.fr/image.ashx?id=3011950&use=l&cat=p&typeid=i","cat":284614},{"id":213857,"n":"Recharges WC Canard Fresh Disc  Fraîcheur Marine - 2x6 disques","p":8.55,"u":"4,28 €/P","img":"https://fd15-photos.leclercdrive.fr/image.ashx?id=2754824&use=l&cat=p&typeid=i","cat":284662},{"id":213860,"n":"Biscuits fourrés BN Chocolat noisettes - 285g","p":3.1,"u":"10,88 €/KG","img":"https://fd15-photos.leclercdrive.fr/image.ashx?id=2748227&use=l&cat=p&typeid=i","cat":284488},{"id":213881,"n":"Soupe pot au feu Maggi  Aux vermicelles - 57g","p":0.79,"u":"13,86 €/KG","img":"https://fd15-photos.leclercdrive.fr/image.ashx?id=2614362&use=l&cat=p&typeid=i","cat":284463},{"id":213910,"n":"Taboulé Oriental  Garbit - 525g","p":4.85,"u":"9,24 €/KG","img":"https://fd15-photos.leclercdrive.fr/image.ashx?id=2901899&use=l&cat=p&typeid=i","cat":284429},{"id":213931,"n":"Empanadas de saumon ciboulette Maison Briau - 160g","p":5.49,"u":"34,31 €/KG","img":"https://fd15-photos.leclercdrive.fr/image.ashx?id=2851947&use=l&cat=p&typeid=i","cat":285094},{"id":213959,"n":"Nettoyant ménager Pliz Fée du logis - 250ml","p":3.5,"u":"14,00 €/L","img":"https://fd15-photos.leclercdrive.fr/image.ashx?id=2585540&use=l&cat=p&typeid=i","cat":325364},{"id":213961,"n":"Terrine chiens Tous Mes Amis Viandes carottes - 1.2kg","p":2.79,"u":"2,33 €/KG","img":"https://fd15-photos.leclercdrive.fr/image.ashx?id=3015590&use=l&cat=p&typeid=i","cat":288578},{"id":213962,"n":"Patée pour chiens Eco+ Volaille - 150g","p":0.89,"u":"5,93 €/KG","img":"https://fd15-photos.leclercdrive.fr/image.ashx?id=2584913&use=l&cat=p&typeid=i","cat":284673},{"id":213963,"n":"Patée pour chiens Eco+ Boeuf - 150g","p":0.89,"u":"5,93 €/KG","img":"https://fd15-photos.leclercdrive.fr/image.ashx?id=2586360&use=l&cat=p&typeid=i","cat":284673},{"id":213965,"n":"Adoucissant Eco+ Fraîcheur - 1.5L - x60","p":2.9,"u":"1,93 €/L","img":"https://fd15-photos.leclercdrive.fr/image.ashx?id=2600833&use=l&cat=p&typeid=i","cat":284650},{"id":213977,"n":"Liégeois La Laitière Praliné chocolat x2 - 240g","p":4.69,"u":"19,54 €/KG","img":"https://fd15-photos.leclercdrive.fr/image.ashx?id=2586129&use=l&cat=p&typeid=i","cat":285042},{"id":214045,"n":"Litière chat Prop'Nature 10L Aimé","p":9.9,"img":"https://fd15-photos.leclercdrive.fr/image.ashx?id=2918730&use=l&cat=p&typeid=i","cat":284683},{"id":214047,"n":"Aliment poisson rouge 250 ml Aimé","p":6.55,"u":"26,20 €/L","img":"https://fd15-photos.leclercdrive.fr/image.ashx?id=2604689&use=l&cat=p&typeid=i","cat":284679},{"id":214083,"n":"Moutarde de Dijon Rustica Fine et forte - 200g","p":2.25,"u":"11,25 €/KG","img":"https://fd15-photos.leclercdrive.fr/image.ashx?id=2954388&use=l&cat=p&typeid=i","cat":288850},{"id":214101,"n":"Toast Brioché spécial foie gras Tranche épaisse Harrys X2- 500G","p":5.24,"u":"10,48 €/KG","img":"https://fd15-photos.leclercdrive.fr/image.ashx?id=2587572&use=l&cat=p&typeid=i","cat":285454},{"id":214103,"n":"Toasts Aromates spécial saumon Tranches épaisses Harrys 250G","p":4.03,"u":"16,12 €/KG","img":"https://fd15-photos.leclercdrive.fr/image.ashx?id=2587578&use=l&cat=p&typeid=i","cat":285454},{"id":214195,"n":"DJ le robot danseur vert Dès 9 mois","p":44.9,"img":"https://fd15-photos.leclercdrive.fr/image.ashx?id=2845212&use=l&cat=p&typeid=i","cat":334379},{"id":214199,"n":"Poupée Ariel 29cm Dès 3 ans","p":14.9,"img":"https://fd15-photos.leclercdrive.fr/image.ashx?id=2845224&use=l&cat=p&typeid=i","cat":334379},{"id":214200,"n":"Poupée Aurore 29cm Dès 3 ans","p":14.9,"img":"https://fd15-photos.leclercdrive.fr/image.ashx?id=2752762&use=l&cat=p&typeid=i","cat":334379},{"id":214201,"n":"Poupée Cendrillon 29cm Dès 3 ans","p":14.9,"img":"https://fd15-photos.leclercdrive.fr/image.ashx?id=2845218&use=l&cat=p&typeid=i","cat":334379},{"id":214208,"n":"Poupée Raiponce 29cm Dès 3 ans","p":14.9,"img":"https://fd15-photos.leclercdrive.fr/image.ashx?id=2845221&use=l&cat=p&typeid=i","cat":334379},{"id":214313,"n":"Lessive liquide Ariel Original - 1.08L - x24","p":13.35,"u":"12,36 €/L","img":"https://fd15-photos.leclercdrive.fr/image.ashx?id=2588648&use=l&cat=p&typeid=i","cat":284640},{"id":214321,"n":"Déodorant bille Dove Grenade - Anti-transpirant 50ml","p":6.55,"u":"131,00 €/L","img":"https://fd15-photos.leclercdrive.fr/image.ashx?id=2867341&use=l&cat=p&typeid=i","cat":284595},{"id":214326,"n":"Déodorant spray Dovd Grenade anti-transpirant 200ml","p":6.55,"u":"32,75 €/L","img":"https://fd15-photos.leclercdrive.fr/image.ashx?id=2987035&use=l&cat=p&typeid=i","cat":284595},{"id":214327,"n":"Déodorant Spray Dove Anti- Transpirant Beauty Finish 100ml","p":6.55,"u":"65,50 €/L","img":"https://fd15-photos.leclercdrive.fr/image.ashx?id=2987038&use=l&cat=p&typeid=i","cat":284595},{"id":214332,"n":"Chili Cheese Nuggets Pickers By McCain - 230g","p":5.99,"u":"26,04 €/KG","img":"https://fd15-photos.leclercdrive.fr/image.ashx?id=2958678&use=l&cat=p&typeid=i","cat":319822},{"id":214392,"n":"Gel douche Le Petit Marseillais Homme - Minéraux & bois - 250ml","p":3.69,"u":"14,76 €/L","img":"https://fd15-photos.leclercdrive.fr/image.ashx?id=2684548&use=l&cat=p&typeid=i","cat":284619},{"id":214456,"n":"Pile rechargeable Foxter Accu - HR22 - 200mAh - x1","p":8.99,"img":"https://fd15-photos.leclercdrive.fr/image.ashx?id=2639296&use=l&cat=p&typeid=i","cat":300572},{"id":214457,"n":"Pile rechargeable Foxter Accus - RTU - HR14 - 3000mAh x2","p":11.99,"u":"6,00 €/P","img":"https://fd15-photos.leclercdrive.fr/image.ashx?id=2639293&use=l&cat=p&typeid=i","cat":300572},{"id":214458,"n":"Pile rechargeable Foxter Accus - HR20 - 3000mAh - x2","p":11.99,"u":"6,00 €/P","img":"https://fd15-photos.leclercdrive.fr/image.ashx?id=2780948&use=l&cat=p&typeid=i","cat":300572},{"id":214475,"n":"Détachant poudre Vanish  Blanc - 470g + 470g offerts","p":6.5,"u":"6,91 €/KG","img":"https://fd15-photos.leclercdrive.fr/image.ashx?id=2597205&use=l&cat=p&typeid=i","cat":284651},{"id":214487,"n":"Chewing-gum Oral B White Menthe Fraîche Hollywood 51g","p":3.95,"u":"77,45 €/KG","img":"https://fd15-photos.leclercdrive.fr/image.ashx?id=2828724&use=l&cat=p&typeid=i","cat":304251},{"id":214504,"n":"Dentifrice Colgate Max Fresh Cristaux fraîcheur - 3x75ml","p":6.99,"u":"93,20 €/L","img":"https://fd15-photos.leclercdrive.fr/image.ashx?id=2590851&use=l&cat=p&typeid=i","cat":284612},{"id":214505,"n":"Dentifrice Colgate Max White Cristaux Blancheur - 3x75ml","p":6.99,"u":"31,07 €/L","img":"https://fd15-photos.leclercdrive.fr/image.ashx?id=2738458&use=l&cat=p&typeid=i","cat":284612},{"id":214511,"n":"Saucisson Le Généreux Cochonou 365g","p":6.95,"u":"19,04 €/KG","img":"https://fd15-photos.leclercdrive.fr/image.ashx?id=2948938&use=l&cat=p&typeid=i","cat":316006},{"id":214518,"n":"Pâte à pizza Herta Épaisse et rectangulaire - 540g","p":0.6,"u":"1,11 €/KG","img":"https://fd15-photos.leclercdrive.fr/image.ashx?id=2731405&use=l&cat=p&typeid=i","cat":333681},{"id":214558,"n":"Café en grains Bio Méo Espresso - 1kg","p":27.25,"u":"27,25 €/KG","img":"https://fd15-photos.leclercdrive.fr/image.ashx?id=2593980&use=l&cat=p&typeid=i","cat":293237},{"id":214595,"n":"Manon set docteur Kidway Dès 2 ans","p":16.9,"img":"https://fd15-photos.leclercdrive.fr/image.ashx?id=2593851&use=l&cat=p&typeid=i","cat":334379},{"id":214601,"n":"Pêche à la ligne Kidway 2 à 4 joueurs - Dès 3 ans","p":9.9,"img":"https://fd15-photos.leclercdrive.fr/image.ashx?id=2593842&use=l&cat=p&typeid=i","cat":334379},{"id":214613,"n":"Station de secours Kidway Dès 3 ans","p":24.9,"img":"https://fd15-photos.leclercdrive.fr/image.ashx?id=2593854&use=l&cat=p&typeid=i","cat":334382},{"id":214640,"n":"Ordi Genius Kid VTech Noir - Dès 3 ans","p":39.9,"img":"https://fd15-photos.leclercdrive.fr/image.ashx?id=2593351&use=l&cat=p&typeid=i","cat":334378},{"id":214648,"n":"Nouilles Banzai Noodle bœuf  cup - 67g","p":1.52,"u":"22,69 €/KG","img":"https://fd15-photos.leclercdrive.fr/image.ashx?id=2730001&use=l&cat=p&typeid=i","cat":288992},{"id":214724,"n":"Biscuit bébé Kiddylicious Wafers Banane dès 6 mois (4x2p)","p":3.15,"u":"196,88 €/KG","img":"https://fd15-photos.leclercdrive.fr/image.ashx?id=2929149&use=l&cat=p&typeid=i","cat":312394},{"id":214725,"n":"Biscuits bébé Kiddylicious  Soft Biscotti Pomme 6x2p","p":3.95,"u":"32,92 €/KG","img":"https://fd15-photos.leclercdrive.fr/image.ashx?id=2929146&use=l&cat=p&typeid=i","cat":312394},{"id":214726,"n":"Biscuits bébé Kiddylicious  Saveur Fromage dès 9mois 4x12g","p":4.06,"u":"84,58 €/KG","img":"https://fd15-photos.leclercdrive.fr/image.ashx?id=2929143&use=l&cat=p&typeid=i","cat":312394},{"id":214727,"n":"Biscuits tendres Kiddylicious Fourrés fraise - 132g","p":3.5,"u":"26,52 €/KG","img":"https://fd15-photos.leclercdrive.fr/image.ashx?id=2929137&use=l&cat=p&typeid=i","cat":312394},{"id":214728,"n":"Biscuits bébé Kiddylicious Saveur légumes dès 9 mois 4x12g","p":4.12,"u":"85,83 €/KG","img":"https://fd15-photos.leclercdrive.fr/image.ashx?id=2929140&use=l&cat=p&typeid=i","cat":312394},{"id":214756,"n":"Feuilleté de Mousse La Laitière Menthe - 4x57g","p":2.45,"u":"10,75 €/KG","img":"https://fd15-photos.leclercdrive.fr/image.ashx?id=3007960&use=l&cat=p&typeid=i","cat":284417},{"id":214762,"n":"Nouilles Banzai Noodle poulet  cup - 67g","p":1.59,"u":"23,73 €/KG","img":"https://fd15-photos.leclercdrive.fr/image.ashx?id=2730004&use=l&cat=p&typeid=i","cat":288992},{"id":214811,"n":"Capsule Nescafé Dolce Gusto Neo  Hot Chocolate - x12","p":8.55,"u":"39,58 €/KG","img":"https://fd15-photos.leclercdrive.fr/image.ashx?id=2927702&use=l&cat=p&typeid=i","cat":293241},{"id":214812,"n":"Capsule Nescafé Dolce Gusto Neo  Cappuccino - x6 - 122g","p":8.87,"u":"72,70 €/KG","img":"https://fd15-photos.leclercdrive.fr/image.ashx?id=2947228&use=l&cat=p&typeid=i","cat":293241},{"id":214814,"n":"Ail en semoule Ducro 335g","p":8.39,"u":"25,04 €/KG","img":"https://fd15-photos.leclercdrive.fr/image.ashx?id=2595665&use=l&cat=p&typeid=i","cat":298297},{"id":214995,"n":"Sel fin La Baleine -30% sodium Essentiel - 125g","p":1.45,"u":"11,60 €/KG","img":"https://fd15-photos.leclercdrive.fr/image.ashx?id=2628701&use=l&cat=p&typeid=i","cat":284457},{"id":215015,"n":"Crabe des neiges Chatka Alaska et Antarctique - 180g","p":18.55,"u":"103,06 €/KG","img":"https://fd15-photos.leclercdrive.fr/image.ashx?id=2938833&use=l&cat=p&typeid=i","cat":305147},{"id":215035,"n":"Jambon Le Braisé fleury Michon  Doré Sans nitrite x4 - 140g","p":4.6,"u":"32,86 €/KG","img":"https://fd15-photos.leclercdrive.fr/image.ashx?id=2923939&use=l&cat=p&typeid=i","cat":316009},{"id":215089,"n":"Friandises chien Pedigree Rodeo bœuf fromage x7 - 123g","p":3.2,"u":"26,02 €/KG","img":"https://fd15-photos.leclercdrive.fr/image.ashx?id=2753277&use=l&cat=p&typeid=i","cat":294527},{"id":215091,"n":"Complément Alimentaire Juvamine Vitamine C 500 x30","p":4.5,"u":"70,31 €/KG","img":"https://fd15-photos.leclercdrive.fr/image.ashx?id=2749724&use=l&cat=p&typeid=i","cat":313217},{"id":215093,"n":"Complément Alimentaire Juvamine Vitamine C 500 x30","p":5.05,"u":"65,58 €/KG","img":"https://fd15-photos.leclercdrive.fr/image.ashx?id=2749727&use=l&cat=p&typeid=i","cat":313217},{"id":215098,"n":"Complément Alimentaire Juvamine Magnésium & Vitamines x30","p":5.85,"u":"0,20 €/P","img":"https://fd15-photos.leclercdrive.fr/image.ashx?id=2731495&use=l&cat=p&typeid=i","cat":313217},{"id":215124,"n":"Eclat de pistaches Vahiné  torréfiés - 50g","p":4.35,"u":"87,00 €/KG","img":"https://fd15-photos.leclercdrive.fr/image.ashx?id=2596603&use=l&cat=p&typeid=i","cat":284504},{"id":215138,"n":"Les Légumes Gratinés d'Aucy Épinards pomme de terre - 300g","p":4.59,"u":"15,30 €/KG","img":"https://fd15-photos.leclercdrive.fr/image.ashx?id=2596814&use=l&cat=p&typeid=i","cat":319802},{"id":215139,"n":"Steak haché Tendre & Plus Façon bouchère 15%MG x8 - 1kg","p":15.59,"u":"15,59 €/KG","img":"https://fd15-photos.leclercdrive.fr/image.ashx?id=2748362&use=l&cat=p&typeid=i","cat":319778},{"id":215141,"n":"Steak haché Tendre & Plus Extra tendre 15%MG x10 - 1kg","p":15.9,"u":"15,90 €/KG","img":"https://fd15-photos.leclercdrive.fr/image.ashx?id=2939544&use=l&cat=p&typeid=i","cat":319778},{"id":215157,"n":"Pessac Léognan rouge L'Enclos de Carbonnieux 75cl","p":48.25,"u":"64,33 €/L","img":"https://fd15-photos.leclercdrive.fr/image.ashx?id=2845389&use=l&cat=p&typeid=i","cat":289556},{"id":215176,"n":"Mini nems Tables du Monde Crevettes légumes x10 - 220g","p":6.05,"u":"27,50 €/KG","img":"https://fd15-photos.leclercdrive.fr/image.ashx?id=2908864&use=l&cat=p&typeid=i","cat":333673},{"id":215177,"n":"AOP Bourgogne Deletang & Fils Pinot noir 75cl","p":33.4,"u":"44,53 €/L","img":"https://fd15-photos.leclercdrive.fr/image.ashx?id=2597396&use=l&cat=p&typeid=i","cat":289556},{"id":215208,"n":"Dentifrice Oral-B Pro-Science Advanced Calm Original - 75ml","p":3.96,"u":"52,80 €/L","img":"https://fd15-photos.leclercdrive.fr/image.ashx?id=2737792&use=l&cat=p&typeid=i","cat":284612},{"id":215209,"n":"Spray nettoyant La Croix Bicarbonate de soude - 500ml","p":4.5,"u":"9,00 €/L","img":"https://fd15-photos.leclercdrive.fr/image.ashx?id=2597609&use=l&cat=p&typeid=i","cat":325357},{"id":215211,"n":"Dentifrice Oral-B Pro-science Advanced Nettoyage intense 75ml","p":4.75,"u":"63,33 €/L","img":"https://fd15-photos.leclercdrive.fr/image.ashx?id=2737789&use=l&cat=p&typeid=i","cat":284612},{"id":215213,"n":"Sérum visage repulpant Garnier Acide Hyaluronique & Aloe Vera","p":18.4,"u":"613,33 €/L","img":"https://fd15-photos.leclercdrive.fr/image.ashx?id=2979911&use=l&cat=p&typeid=i","cat":325345},{"id":215216,"n":"Lames rasoir Wilkinson Intuition - 2 en 1 - 3 lames","p":18.15,"u":"6,05 €/P","img":"https://fd15-photos.leclercdrive.fr/image.ashx?id=2849427&use=l&cat=p&typeid=i","cat":325352},{"id":215228,"n":"Melange garam masala Ducros 40g","p":2.8,"u":"70,00 €/KG","img":"https://fd15-photos.leclercdrive.fr/image.ashx?id=2597384&use=l&cat=p&typeid=i","cat":298297},{"id":215231,"n":"Petites gambas Fleury Ichon À la persillade - 280g","p":5.5,"u":"19,64 €/KG","img":"https://fd15-photos.leclercdrive.fr/image.ashx?id=2889499&use=l&cat=p&typeid=i","cat":333665},{"id":215233,"n":"Compotes Charles & Alice Pommes morceaux vanille x4 388g","p":3.29,"u":"8,48 €/KG","img":"https://fd15-photos.leclercdrive.fr/image.ashx?id=2757650&use=l&cat=p&typeid=i","cat":284416},{"id":215236,"n":"Compotes Charles & Alice Pomme morceau châtaigne x4 388g","p":3.29,"u":"8,48 €/KG","img":"https://fd15-photos.leclercdrive.fr/image.ashx?id=2757656&use=l&cat=p&typeid=i","cat":284416},{"id":215241,"n":"Brassé nature bio Babybio 260g","p":3.19,"u":"12,27 €/KG","img":"https://fd15-photos.leclercdrive.fr/image.ashx?id=2838332&use=l&cat=p&typeid=i","cat":312392},{"id":215268,"n":"Corse U Sole Blanc - 75cl","p":15.1,"u":"20,13 €/L","img":"https://fd15-photos.leclercdrive.fr/image.ashx?id=2598139&use=l&cat=p&typeid=i","cat":289557},{"id":215278,"n":"Bonbons Copains Copines Bouée bi-goût acide - 250 g","p":2.88,"u":"11,52 €/KG","img":"https://fd15-photos.leclercdrive.fr/image.ashx?id=2597336&use=l&cat=p&typeid=i","cat":304250},{"id":215280,"n":"IGP Comte Tolosan Fabre Les Pepites - 75cl","p":9.95,"u":"13,27 €/L","img":"https://fd15-photos.leclercdrive.fr/image.ashx?id=2610963&use=l&cat=p&typeid=i","cat":289556},{"id":215281,"n":"Bonbons Copains Copines Soda fruit acide - 200 g","p":2.35,"u":"11,75 €/KG","img":"https://fd15-photos.leclercdrive.fr/image.ashx?id=2597339&use=l&cat=p&typeid=i","cat":304250},{"id":215282,"n":"Bonbons Copains Copines Unicone - 200 g","p":1.99,"u":"9,95 €/KG","img":"https://fd15-photos.leclercdrive.fr/image.ashx?id=2597342&use=l&cat=p&typeid=i","cat":304250},{"id":215283,"n":"Bonbons DinoAcid' Copains Copines - 200g","p":2.99,"u":"14,95 €/KG","img":"https://fd15-photos.leclercdrive.fr/image.ashx?id=2597345&use=l&cat=p&typeid=i","cat":304250},{"id":215307,"n":"Eau micellaire Expert Nivea  Démaquillant - 400ml","p":5.64,"u":"14,10 €/L","img":"https://fd15-photos.leclercdrive.fr/image.ashx?id=2597528&use=l&cat=p&typeid=i","cat":284603},{"id":215311,"n":"P'tit biscuit Nestlé 180g","p":4.1,"u":"22,78 €/KG","img":"https://fd15-photos.leclercdrive.fr/image.ashx?id=2737225&use=l&cat=p&typeid=i","cat":312227},{"id":215315,"n":"Eau micellaire visage Nivea Peaux mixtes à grasses - 400ml","p":7.39,"u":"18,48 €/L","img":"https://fd15-photos.leclercdrive.fr/image.ashx?id=2597810&use=l&cat=p&typeid=i","cat":284603},{"id":215319,"n":"Lotion tonique visage Nivea Lotus sacré - 200ml","p":7.4,"u":"37,00 €/L","img":"https://fd15-photos.leclercdrive.fr/image.ashx?id=2597813&use=l&cat=p&typeid=i","cat":284603},{"id":215341,"n":"Soin de jour visage Nivea Repulpant - Naturally Good 50ml","p":16.32,"u":"326,40 €/L","img":"https://fd15-photos.leclercdrive.fr/image.ashx?id=2598259&use=l&cat=p&typeid=i","cat":325345},{"id":215348,"n":"Soin de nuit Nivea Lissant - Naturally Good - 50ml","p":16.32,"u":"326,40 €/L","img":"https://fd15-photos.leclercdrive.fr/image.ashx?id=2598262&use=l&cat=p&typeid=i","cat":325345},{"id":215353,"n":"Lingettes démaquillantes Nivea Visage et yeux - x20","p":5.15,"u":"0,26 €/P","img":"https://fd15-photos.leclercdrive.fr/image.ashx?id=2652700&use=l&cat=p&typeid=i","cat":284603},{"id":215369,"n":"Crème visage Nivea Hydratante Huile graines chanvre Bio 50ml","p":11.68,"u":"233,60 €/L","img":"https://fd15-photos.leclercdrive.fr/image.ashx?id=2598289&use=l&cat=p&typeid=i","cat":325345},{"id":215373,"n":"Crème de jour visage Nivea Huile de café recyclé - 50ml","p":10.44,"u":"208,80 €/L","img":"https://fd15-photos.leclercdrive.fr/image.ashx?id=2598975&use=l&cat=p&typeid=i","cat":325345},{"id":215377,"n":"Fromage Persillée Bresse Bleu Le véritable - 200g","p":3.95,"u":"19,75 €/KG","img":"https://fd15-photos.leclercdrive.fr/image.ashx?id=2927486&use=l&cat=p&typeid=i","cat":314032},{"id":215379,"n":"Sérum Visage Anti-âge Nivea Anti-taches Luminous - 30ml","p":43.8,"img":"https://fd15-photos.leclercdrive.fr/image.ashx?id=2985492&use=l&cat=p&typeid=i","cat":325345},{"id":215399,"n":"Noix de Saint-Jacques Nautilus Au naturel - 111g","p":9.95,"u":"89,64 €/KG","img":"https://fd15-photos.leclercdrive.fr/image.ashx?id=2598510&use=l&cat=p&typeid=i","cat":305147},{"id":215483,"n":"Girolles Borde 110g","p":4.06,"u":"36,91 €/KG","img":"https://fd15-photos.leclercdrive.fr/image.ashx?id=2598780&use=l&cat=p&typeid=i","cat":312610},{"id":215497,"n":"Chocolat liqueur  Abtey Poire williams - x10 - 200g","p":7.65,"u":"38,25 €/KG","img":"https://fd15-photos.leclercdrive.fr/image.ashx?id=2599583&use=l&cat=p&typeid=i","cat":327601},{"id":215501,"n":"Casier chocolat  liqueur Abtey x12 -  155g","p":7.95,"u":"51,29 €/KG","img":"https://fd15-photos.leclercdrive.fr/image.ashx?id=2731174&use=l&cat=p&typeid=i","cat":327601},{"id":215571,"n":"Père Noël Jacquot moulage chocolat 100g","p":2.44,"u":"24,40 €/KG","img":"https://fd15-photos.leclercdrive.fr/image.ashx?id=2855876&use=l&cat=p&typeid=i","cat":327592},{"id":215574,"n":"Assortiment Jacquot  310g","p":5.59,"u":"18,03 €/KG","img":"https://fd15-photos.leclercdrive.fr/image.ashx?id=2599598&use=l&cat=p&typeid=i","cat":327592},{"id":215581,"n":"Bouchées chocolats mon chéri  x30 - 315g","p":8.95,"u":"28,41 €/KG","img":"https://fd15-photos.leclercdrive.fr/image.ashx?id=2952923&use=l&cat=p&typeid=i","cat":327601},{"id":215588,"n":"Calendrier de l'Avent Kinder Chalet - 184g","p":13.2,"u":"71,74 €/KG","img":"https://fd15-photos.leclercdrive.fr/image.ashx?id=2599384&use=l&cat=p&typeid=i","cat":336112},{"id":215599,"n":"Chocolat Ferrero collection Boite de 15 pièces - 172g","p":10.85,"u":"63,08 €/KG","img":"https://fd15-photos.leclercdrive.fr/image.ashx?id=2871178&use=l&cat=p&typeid=i","cat":327595},{"id":215607,"n":"Motta marrons confits  Coffret métal - 190g","p":16.45,"u":"86,58 €/KG","img":"https://fd15-photos.leclercdrive.fr/image.ashx?id=2862566&use=l&cat=p&typeid=i","cat":327603},{"id":215615,"n":"Motta panettone prémium  Marrons Glacés 750g","p":24.75,"u":"33,00 €/KG","img":"https://fd15-photos.leclercdrive.fr/image.ashx?id=2679275&use=l&cat=p&typeid=i","cat":327607},{"id":215619,"n":"Bauli panettone 3 chocolats  750g","p":13.2,"u":"17,60 €/KG","img":"https://fd15-photos.leclercdrive.fr/image.ashx?id=2881509&use=l&cat=p&typeid=i","cat":327607},{"id":215639,"n":"Fizzy fizzou'nours Fizzou'nours - 135g","p":18.88,"u":"139,85 €/KG","img":"https://fd15-photos.leclercdrive.fr/image.ashx?id=2851012&use=l&cat=p&typeid=i","cat":327789},{"id":215644,"n":"Coffret cadeau carré or Hamlet Chocolats belges 250g","p":14.9,"pp":12.66,"u":"50,64 €/KG","img":"https://fd15-photos.leclercdrive.fr/image.ashx?id=2882062&use=l&cat=p&typeid=i","cat":327595},{"id":215684,"n":"Candy Cane rouge et blanche 12g","p":0.3,"u":"25,00 €/KG","img":"https://fd15-photos.leclercdrive.fr/image.ashx?id=2629638&use=l&cat=p&typeid=i","cat":327592},{"id":215716,"n":"Père Noël blanc Milka 90g","p":5.68,"u":"63,11 €/KG","img":"https://fd15-photos.leclercdrive.fr/image.ashx?id=2599946&use=l&cat=p&typeid=i","cat":327592},{"id":215721,"n":"Boules Noël chocolat Milka Lait biscuit - 350g","p":11.9,"u":"34,00 €/KG","img":"https://fd15-photos.leclercdrive.fr/image.ashx?id=2916450&use=l&cat=p&typeid=i","cat":327592},{"id":215722,"n":"Boules Noël chocolat Milka Lait blanc - 350g","p":11.9,"u":"34,00 €/KG","img":"https://fd15-photos.leclercdrive.fr/image.ashx?id=2832398&use=l&cat=p&typeid=i","cat":327592},{"id":215735,"n":"Bouchées Chocolat Noël Nestlé L'Atelier Lait Caramel - 272g","p":10.59,"u":"38,93 €/KG","img":"https://fd15-photos.leclercdrive.fr/image.ashx?id=2940594&use=l&cat=p&typeid=i","cat":327595},{"id":215736,"n":"Bouchées Chocolat Noël Nestlé Mix l'Atelier - 271g","p":10.59,"u":"39,96 €/KG","img":"https://fd15-photos.leclercdrive.fr/image.ashx?id=2938250&use=l&cat=p&typeid=i","cat":327595},{"id":215737,"n":"Smarties chocolat Mini Figurines - 147g","p":5.29,"u":"35,99 €/KG","img":"https://fd15-photos.leclercdrive.fr/image.ashx?id=3000450&use=l&cat=p&typeid=i","cat":327592},{"id":215738,"n":"KitKat Chocolat Noël Mini Figurines - 147g","p":5.29,"u":"35,99 €/KG","img":"https://fd15-photos.leclercdrive.fr/image.ashx?id=2763978&use=l&cat=p&typeid=i","cat":327592},{"id":215739,"n":"Galak Chocolat Noël Mini Figurines - 147g","p":5.29,"u":"35,99 €/KG","img":"https://fd15-photos.leclercdrive.fr/image.ashx?id=2897375&use=l&cat=p&typeid=i","cat":327592},{"id":215740,"n":"Crunch Chocolat Noël Mini Figurines - 144g","p":5.29,"u":"36,74 €/KG","img":"https://fd15-photos.leclercdrive.fr/image.ashx?id=2763987&use=l&cat=p&typeid=i","cat":327592},{"id":215765,"n":"Calisson le Roy René 235g","p":10.5,"pp":7.87,"u":"33,49 €/KG","img":"https://fd15-photos.leclercdrive.fr/image.ashx?id=2603761&use=l&cat=p&typeid=i","cat":327606},{"id":215783,"n":"Coffret papier cadeaux Esquisse Animaux - 4 rouleaux","p":6.99,"u":"1,75 €/P","img":"https://fd15-photos.leclercdrive.fr/image.ashx?id=2600366&use=l&cat=p&typeid=i","cat":335914},{"id":215789,"n":"Marrons entiers Mont d'Or 800g","p":9.9,"u":"12,38 €/KG","img":"https://fd15-photos.leclercdrive.fr/image.ashx?id=2600815&use=l&cat=p&typeid=i","cat":289010},{"id":215890,"n":"Piles alcalines Varta V23GA - x2","p":5.05,"u":"2,53 €/P","img":"https://fd15-photos.leclercdrive.fr/image.ashx?id=2600770&use=l&cat=p&typeid=i","cat":300572},{"id":215910,"n":"Bain de bouche Expert Dentamyl Blanche - 500ml","p":2.07,"u":"4,14 €/L","img":"https://fd15-photos.leclercdrive.fr/image.ashx?id=2600627&use=l&cat=p&typeid=i","cat":284613},{"id":215912,"n":"Gel douche Le Petit Marseillais Homme - Orange Safran 250ml","p":3.78,"u":"15,12 €/L","img":"https://fd15-photos.leclercdrive.fr/image.ashx?id=2941772&use=l&cat=p&typeid=i","cat":284619},{"id":215951,"n":"Film étirable Alfapac Vegetal origin - 40m","p":3.49,"img":"https://fd15-photos.leclercdrive.fr/image.ashx?id=2986353&use=l&cat=p&typeid=i","cat":285194},{"id":215954,"n":"Croustis de brocolis Bonduelle  305g","p":3.55,"u":"11,64 €/KG","img":"https://fd15-photos.leclercdrive.fr/image.ashx?id=2910079&use=l&cat=p&typeid=i","cat":319822},{"id":215955,"n":"Croustis Butternut potiron Bonduelle - 305g","p":3.55,"u":"11,64 €/KG","img":"https://fd15-photos.leclercdrive.fr/image.ashx?id=2910082&use=l&cat=p&typeid=i","cat":319822},{"id":216007,"n":"Petits pots bébé P'TIT SOUPER Quinotto carottes 8M+ - 2x200g","p":4.29,"u":"10,73 €/KG","img":"https://fd15-photos.leclercdrive.fr/image.ashx?id=2737762&use=l&cat=p&typeid=i","cat":312239},{"id":216018,"n":"Desserts Lactés P'TIT BRASSE BIO Vanille  6M+ - 4X90g","p":2.55,"u":"7,08 €/KG","img":"https://fd15-photos.leclercdrive.fr/image.ashx?id=2601208&use=l&cat=p&typeid=i","cat":312392},{"id":216021,"n":"Desserts Lactés P'TIT ONCTUEUX  Mini Fraise 6M+ - 6x50g","p":4.39,"u":"14,63 €/KG","img":"https://fd15-photos.leclercdrive.fr/image.ashx?id=2601881&use=l&cat=p&typeid=i","cat":312392},{"id":216075,"n":"Floup au sirop  Exotique - 125ml","p":0.69,"u":"5,52 €/L","img":"https://fd15-photos.leclercdrive.fr/image.ashx?id=2614116&use=l&cat=p&typeid=i","cat":285250},{"id":216076,"n":"Floup au lait   Cacahuète - 125ml","p":0.69,"u":"5,52 €/L","img":"https://fd15-photos.leclercdrive.fr/image.ashx?id=2614101&use=l&cat=p&typeid=i","cat":285250},{"id":216077,"n":"Floup au sirop  Ananas - 125ml","p":0.69,"u":"5,52 €/L","img":"https://fd15-photos.leclercdrive.fr/image.ashx?id=2614104&use=l&cat=p&typeid=i","cat":285250},{"id":216078,"n":"Floup au lait   Chocolat - 125ml","p":0.69,"u":"5,52 €/L","img":"https://fd15-photos.leclercdrive.fr/image.ashx?id=2614119&use=l&cat=p&typeid=i","cat":285250},{"id":216079,"n":"Floup au sirop  Grenadine - 125ml","p":0.69,"u":"5,52 €/L","img":"https://fd15-photos.leclercdrive.fr/image.ashx?id=2614107&use=l&cat=p&typeid=i","cat":285250},{"id":216080,"n":"Floup au sirop  Menthe - 125ml","p":0.69,"u":"5,52 €/L","img":"https://fd15-photos.leclercdrive.fr/image.ashx?id=2614110&use=l&cat=p&typeid=i","cat":285250},{"id":216081,"n":"Floup au sirop  Fraise - 125ml","p":0.69,"u":"5,52 €/L","img":"https://fd15-photos.leclercdrive.fr/image.ashx?id=2614113&use=l&cat=p&typeid=i","cat":285250},{"id":216084,"n":"Fruisson Paradis Glaces Maracudja berlingots - 125ml","p":0.85,"u":"6,80 €/L","img":"https://fd15-photos.leclercdrive.fr/image.ashx?id=2627003&use=l&cat=p&typeid=i","cat":285250},{"id":216085,"n":"Fruisson Paradis Glaces Nuty berlingots - 125ml","p":0.85,"u":"6,80 €/L","img":"https://fd15-photos.leclercdrive.fr/image.ashx?id=2627012&use=l&cat=p&typeid=i","cat":285250},{"id":216088,"n":"Fruisson Paradis Glaces Prune de cythère - 125ml","p":0.85,"u":"6,80 €/L","img":"https://fd15-photos.leclercdrive.fr/image.ashx?id=2617927&use=l&cat=p&typeid=i","cat":285250},{"id":216089,"n":"Glace au lait Paradis Glaces Super coco -125ml","p":0.85,"u":"6,80 €/L","img":"https://fd15-photos.leclercdrive.fr/image.ashx?id=2602551&use=l&cat=p&typeid=i","cat":285250},{"id":216094,"n":"Lait bébé en poudre Blédilait croissance 1-3 ans 1,2kg","p":20.25,"u":"16,88 €/KG","img":"https://fd15-photos.leclercdrive.fr/image.ashx?id=2608157&use=l&cat=p&typeid=i","cat":290219},{"id":216095,"n":"Chips Tortilla Doritos Goût nacho cheese - 160g","p":2.5,"u":"15,63 €/KG","img":"https://fd15-photos.leclercdrive.fr/image.ashx?id=2990478&use=l&cat=p&typeid=i","cat":287899},{"id":216096,"n":"Chips Tortilla Doritos Goût Nature Sel - 160g","p":2.5,"u":"15,63 €/KG","img":"https://fd15-photos.leclercdrive.fr/image.ashx?id=2880715&use=l&cat=p&typeid=i","cat":287899},{"id":216099,"n":"Chips Tortilla Doritos Goût sour cream - 160g","p":2.55,"u":"15,94 €/KG","img":"https://fd15-photos.leclercdrive.fr/image.ashx?id=2890088&use=l&cat=p&typeid=i","cat":287899},{"id":216109,"n":"Compotes Materne 5 fruits rose & orange 12x100g","p":5.99,"u":"4,99 €/KG","img":"https://fd15-photos.leclercdrive.fr/image.ashx?id=3003107&use=l&cat=p&typeid=i","cat":284416},{"id":216110,"n":"Compotes Materne Pomme Pêche de vigne - 4x100g","p":2.99,"u":"7,48 €/KG","img":"https://fd15-photos.leclercdrive.fr/image.ashx?id=3003110&use=l&cat=p&typeid=i","cat":284416},{"id":216274,"n":"Nettoyant bois aloe vera Pliz Pistolet 500ml","p":3.89,"u":"7,78 €/L","img":"https://fd15-photos.leclercdrive.fr/image.ashx?id=2604840&use=l&cat=p&typeid=i","cat":325364},{"id":216275,"n":"Gel wc action intense menthe Canard WC - 750ml","p":3.35,"u":"4,47 €/L","img":"https://fd15-photos.leclercdrive.fr/image.ashx?id=2604831&use=l&cat=p&typeid=i","cat":284662},{"id":216296,"n":"Morilles Borde 95g","p":14.55,"u":"153,16 €/KG","img":"https://fd15-photos.leclercdrive.fr/image.ashx?id=2604020&use=l&cat=p&typeid=i","cat":312610},{"id":216303,"n":"Riz Méditerranée Ben's original  Express 2mn - 220g","p":2.85,"u":"11,40 €/KG","img":"https://fd15-photos.leclercdrive.fr/image.ashx?id=2995301&use=l&cat=p&typeid=i","cat":287600},{"id":216340,"n":"Bol Carotte Polenta Bio village Saumon Bio - 6 mois - 2x200g","p":3.25,"u":"8,13 €/KG","img":"https://fd15-photos.leclercdrive.fr/image.ashx?id=2704882&use=l&cat=p&typeid=i","cat":312235},{"id":216378,"n":"Dessert Lacté P'TIT BRASSE Mini BIO Pomme Poire SSA 4M+ - 6x50g","p":2.9,"u":"9,67 €/KG","img":"https://fd15-photos.leclercdrive.fr/image.ashx?id=2651726&use=l&cat=p&typeid=i","cat":312392},{"id":216382,"n":"Desserts Lactés P'TIT ONCTUEUX Mini Abricot 6M+ - 6x50g","p":2.7,"u":"9,00 €/KG","img":"https://fd15-photos.leclercdrive.fr/image.ashx?id=2606451&use=l&cat=p&typeid=i","cat":312392},{"id":216385,"n":"Desserts Lactés P'TIT ONCTUEUX Poire 6M+ - 6x50g","p":5.35,"u":"35,67 €/KG","img":"https://fd15-photos.leclercdrive.fr/image.ashx?id=2606448&use=l&cat=p&typeid=i","cat":312392},{"id":216463,"n":"Lingettes désinfectantes St  Marc Anti-Bactériennes - x80","p":4.19,"u":"0,05 €/P","img":"https://fd15-photos.leclercdrive.fr/image.ashx?id=2811341&use=l&cat=p&typeid=i","cat":325358},{"id":216485,"n":"Gourde dès 6 mois Bledina Poires amandes - 4x85g","p":6.02,"u":"17,71 €/KG","img":"https://fd15-photos.leclercdrive.fr/image.ashx?id=2843322&use=l&cat=p&typeid=i","cat":312388},{"id":216519,"n":"Skyr Siggi's  Stracciatella - 2x140g","p":2.99,"u":"10,68 €/KG","img":"https://fd15-photos.leclercdrive.fr/image.ashx?id=2606885&use=l&cat=p&typeid=i","cat":315000},{"id":216520,"n":"Skyr Siggi's  Noix de Coco - 2x140g","p":2.95,"u":"10,54 €/KG","img":"https://fd15-photos.leclercdrive.fr/image.ashx?id=2938623&use=l&cat=p&typeid=i","cat":315000},{"id":216521,"n":"Yaourt à la grecque YAOS  Nature - 850g","p":3.69,"u":"4,34 €/KG","img":"https://fd15-photos.leclercdrive.fr/image.ashx?id=2729776&use=l&cat=p&typeid=i","cat":314999},{"id":216522,"n":"Fromage blanc Lindahls Protein  Pêche Passion - 2x160g","p":2.5,"u":"7,81 €/KG","img":"https://fd15-photos.leclercdrive.fr/image.ashx?id=2870197&use=l&cat=p&typeid=i","cat":284409},{"id":216525,"n":"Nesquik Chocoballs 4x120g","p":3.49,"u":"7,27 €/KG","img":"https://fd15-photos.leclercdrive.fr/image.ashx?id=2606876&use=l&cat=p&typeid=i","cat":284414},{"id":216596,"n":"Pâte à tartiner Andros be nuts Cacahuète croquant - 325g","p":4.95,"u":"15,23 €/KG","img":"https://fd15-photos.leclercdrive.fr/image.ashx?id=2906484&use=l&cat=p&typeid=i","cat":284481},{"id":216597,"n":"Pâte à tartiner Andros be nuts Cacahuète crémeux - 325g","p":4.95,"u":"15,23 €/KG","img":"https://fd15-photos.leclercdrive.fr/image.ashx?id=2916201&use=l&cat=p&typeid=i","cat":284481},{"id":216629,"n":"Soda Twist Pik Haribo Sachet bonbons acidulés - 190g","p":2.16,"u":"11,37 €/KG","img":"https://fd15-photos.leclercdrive.fr/image.ashx?id=2984958&use=l&cat=p&typeid=i","cat":304250},{"id":216638,"n":"Nectar multifruits Pressade Bio  - 1L","p":4.75,"u":"4,75 €/L","img":"https://fd15-photos.leclercdrive.fr/image.ashx?id=2692380&use=l&cat=p&typeid=i","cat":284917},{"id":216772,"n":"Desserts Lactés P'TIT ONCTUEUX Pomme 6M+ - 4x90g","p":4.2,"u":"11,67 €/KG","img":"https://fd15-photos.leclercdrive.fr/image.ashx?id=2737765&use=l&cat=p&typeid=i","cat":312392},{"id":216999,"n":"Pétales céréales Grainea Nature - 750g","p":3.99,"u":"5,32 €/KG","img":"https://fd15-photos.leclercdrive.fr/image.ashx?id=2609438&use=l&cat=p&typeid=i","cat":309512},{"id":217018,"n":"Vin rouge Saint-Amour HVE Domaine des Sablons - 75cl","p":15.8,"u":"21,07 €/L","img":"https://fd15-photos.leclercdrive.fr/image.ashx?id=2753390&use=l&cat=p&typeid=i","cat":289556},{"id":217023,"n":"Vin rouge Menetou Salon Domaine de Boisbelle - 75cl","p":16.89,"u":"22,52 €/L","img":"https://fd15-photos.leclercdrive.fr/image.ashx?id=2748064&use=l&cat=p&typeid=i","cat":289556},{"id":217030,"n":"AOP Saint Joseph Domaine de Rochevine - 75cl","p":23.7,"u":"31,60 €/L","img":"https://fd15-photos.leclercdrive.fr/image.ashx?id=2931868&use=l&cat=p&typeid=i","cat":289556},{"id":217042,"n":"Bitter Amaro Voltano Saveur orange 25% vol - 70cl","p":9.59,"u":"13,70 €/L","img":"https://fd15-photos.leclercdrive.fr/image.ashx?id=2613738&use=l&cat=p&typeid=i","cat":284913},{"id":217118,"n":"Dosettes café Senseo Espresso Intense x32","p":9.08,"u":"40,90 €/KG","img":"https://fd15-photos.leclercdrive.fr/image.ashx?id=2788055&use=l&cat=p&typeid=i","cat":293238},{"id":217119,"n":"Dosettes café Senseo Espresso Colombia x32","p":10.98,"u":"49,46 €/KG","img":"https://fd15-photos.leclercdrive.fr/image.ashx?id=2764646&use=l&cat=p&typeid=i","cat":293238},{"id":217256,"n":"Champignons de Paris blancs Panier du Primeur - 400g","p":2.0,"u":"5,00 €/KG","img":"https://fd15-photos.leclercdrive.fr/image.ashx?id=2610765&use=l&cat=p&typeid=i","cat":284352},{"id":217377,"n":"Gel Anti-Mites Raid Senteur Lavande - 2 pièces","p":4.85,"u":"2,43 €/P","img":"https://fd15-photos.leclercdrive.fr/image.ashx?id=2612760&use=l&cat=p&typeid=i","cat":298368},{"id":217471,"n":"Assiette Bio village  Bio Légumes - 12 mois - 230g","p":2.59,"u":"11,26 €/KG","img":"https://fd15-photos.leclercdrive.fr/image.ashx?id=2900253&use=l&cat=p&typeid=i","cat":312239},{"id":217472,"n":"Assiette Bio village Bio Couscous - 18 mois - 260g","p":2.69,"u":"10,35 €/KG","img":"https://fd15-photos.leclercdrive.fr/image.ashx?id=2900010&use=l&cat=p&typeid=i","cat":312238},{"id":217610,"n":"Café en grain  Bio Village Bio Pur arabica - 500g","p":12.95,"u":"25,90 €/KG","img":"https://fd15-photos.leclercdrive.fr/image.ashx?id=2615376&use=l&cat=p&typeid=i","cat":293237},{"id":217611,"n":"Chataigne Bio Village Bio - 195g","p":5.5,"u":"28,21 €/KG","img":"https://fd15-photos.leclercdrive.fr/image.ashx?id=2613747&use=l&cat=p&typeid=i","cat":312612},{"id":217612,"n":"Café en grain Plantation Pur arabica - 1kg","p":22.95,"u":"22,95 €/KG","img":"https://fd15-photos.leclercdrive.fr/image.ashx?id=2824307&use=l&cat=p&typeid=i","cat":293237},{"id":217613,"n":"Café en grain Plantation Ethiopie - 500g","p":10.94,"u":"21,88 €/KG","img":"https://fd15-photos.leclercdrive.fr/image.ashx?id=2824310&use=l&cat=p&typeid=i","cat":293237},{"id":217614,"n":"Chips  Bugles 3D Lay's Format familiale - 150g","p":3.51,"u":"23,40 €/KG","img":"https://fd15-photos.leclercdrive.fr/image.ashx?id=2917420&use=l&cat=p&typeid=i","cat":284449},{"id":217615,"n":"Fèves edamame d'aucy  2x130g","p":5.52,"u":"21,23 €/KG","img":"https://fd15-photos.leclercdrive.fr/image.ashx?id=2614927&use=l&cat=p&typeid=i","cat":312606},{"id":217623,"n":"Complément alimentaire Biosens  Charbon actif bio","p":6.5,"u":"59,09 €/KG","img":"https://fd15-photos.leclercdrive.fr/image.ashx?id=2615074&use=l&cat=p&typeid=i","cat":313217},{"id":217703,"n":"Dés de Gouda au cumin Petit Marché - 120g","p":3.39,"u":"28,25 €/KG","img":"https://fd15-photos.leclercdrive.fr/image.ashx?id=2622531&use=l&cat=p&typeid=i","cat":314027},{"id":217900,"n":"Gourdes Fruitées NATURNES Pomme banane  6M+ - 7x90g","p":9.8,"u":"15,56 €/KG","img":"https://fd15-photos.leclercdrive.fr/image.ashx?id=2658102&use=l&cat=p&typeid=i","cat":312393},{"id":217902,"n":"Gourdes fruitées NATURNES Pomme Banane Fraise 6M+ - 7x90g","p":9.8,"u":"15,56 €/KG","img":"https://fd15-photos.leclercdrive.fr/image.ashx?id=2658099&use=l&cat=p&typeid=i","cat":312393},{"id":217904,"n":"Desserts Lactés P'TIT ONCTUEUX Nature sucre canne 6M+ - 6x50g","p":3.19,"u":"10,63 €/KG","img":"https://fd15-photos.leclercdrive.fr/image.ashx?id=2615777&use=l&cat=p&typeid=i","cat":312392},{"id":217917,"n":"IGP Nids d'Alsace 500g","p":3.74,"u":"7,48 €/KG","img":"https://fd15-photos.leclercdrive.fr/image.ashx?id=2856624&use=l&cat=p&typeid=i","cat":284427},{"id":217920,"n":"Spaguetti  Nos Régions ont du talent 500g","p":3.3,"u":"6,60 €/KG","img":"https://fd15-photos.leclercdrive.fr/image.ashx?id=2856621&use=l&cat=p&typeid=i","cat":284427},{"id":217946,"n":"Détachant textile Texil Multi-usage - 500g","p":3.68,"u":"7,36 €/KG","img":"https://fd15-photos.leclercdrive.fr/image.ashx?id=2988132&use=l&cat=p&typeid=i","cat":284651},{"id":217949,"n":"Mousse Lavante Savon Mains  Orchidée Vanille Dettol 250ml","p":2.72,"u":"10,88 €/L","img":"https://fd15-photos.leclercdrive.fr/image.ashx?id=2876122&use=l&cat=p&typeid=i","cat":284597},{"id":217959,"n":"Dentifrice Oral-B  3D White luxe - 75ml","p":4.1,"u":"54,67 €/L","img":"https://fd15-photos.leclercdrive.fr/image.ashx?id=2737540&use=l&cat=p&typeid=i","cat":284612},{"id":217982,"n":"Dentifrice Integral 8 Signal Complet Effet Prébiotique 75ml","p":2.38,"u":"31,73 €/L","img":"https://fd15-photos.leclercdrive.fr/image.ashx?id=2974665&use=l&cat=p&typeid=i","cat":284612},{"id":217989,"n":"Dentifrice Integral 8 Signal HaleineFraîche Prébiotique 75ml","p":2.38,"u":"31,73 €/L","img":"https://fd15-photos.leclercdrive.fr/image.ashx?id=2985660&use=l&cat=p&typeid=i","cat":284612},{"id":217991,"n":"Dentifrice Signal Integral 8 Nettoyage intense - 75ml","p":2.38,"u":"31,73 €/L","img":"https://fd15-photos.leclercdrive.fr/image.ashx?id=2818190&use=l&cat=p&typeid=i","cat":284612},{"id":217993,"n":"Dentifrice Integral 8 Signal Blancheur Prébiotique 75ml","p":2.38,"u":"31,73 €/L","img":"https://fd15-photos.leclercdrive.fr/image.ashx?id=2974668&use=l&cat=p&typeid=i","cat":284612},{"id":217995,"n":"Dentifrice Signal Integral 8 Resist +Prébiotique - 75ml","p":2.38,"u":"31,73 €/L","img":"https://fd15-photos.leclercdrive.fr/image.ashx?id=2818199&use=l&cat=p&typeid=i","cat":284612},{"id":218000,"n":"Dentifrice Signal Système Blancheur 1 semaine - 75ml","p":2.51,"u":"33,47 €/L","img":"https://fd15-photos.leclercdrive.fr/image.ashx?id=2777516&use=l&cat=p&typeid=i","cat":284612},{"id":218002,"n":"Dentifrice Signal Système Blancheur Eclat brillance 75ml","p":2.47,"u":"32,93 €/L","img":"https://fd15-photos.leclercdrive.fr/image.ashx?id=2981424&use=l&cat=p&typeid=i","cat":284612},{"id":218027,"n":"Assortiment Mini Barre Kit Kat Chocolat au lait - 240g","p":6.25,"u":"26,04 €/KG","img":"https://fd15-photos.leclercdrive.fr/image.ashx?id=2792873&use=l&cat=p&typeid=i","cat":284498},{"id":218031,"n":"Billes chocolat Smarties white 250g","p":4.8,"u":"19,20 €/KG","img":"https://fd15-photos.leclercdrive.fr/image.ashx?id=2623813&use=l&cat=p&typeid=i","cat":304238},{"id":218042,"n":"Saumon naturel Pêche Océan ASC 112g","p":5.25,"u":"46,88 €/KG","img":"https://fd15-photos.leclercdrive.fr/image.ashx?id=2615937&use=l&cat=p&typeid=i","cat":305147},{"id":218052,"n":"Crème glacée L'Angélys Pâte à tartiner - 450g","p":7.5,"u":"16,67 €/KG","img":"https://fd15-photos.leclercdrive.fr/image.ashx?id=2867146&use=l&cat=p&typeid=i","cat":284263},{"id":218055,"n":"Soupe vietnamienne Maggi 40g","p":2.2,"u":"55,00 €/KG","img":"https://fd15-photos.leclercdrive.fr/image.ashx?id=2838078&use=l&cat=p&typeid=i","cat":288992},{"id":218059,"n":"Coquillettes d'Alsace IGP Nos Régions ont du talent -500g","p":3.37,"u":"6,74 €/KG","img":"https://fd15-photos.leclercdrive.fr/image.ashx?id=2856627&use=l&cat=p&typeid=i","cat":284427},{"id":218081,"n":"Pâte Linguine Bio - 500g","p":3.0,"u":"6,00 €/KG","img":"https://fd15-photos.leclercdrive.fr/image.ashx?id=2616619&use=l&cat=p&typeid=i","cat":284427},{"id":218101,"n":"Petits Biscuits Babybio Bio - 160g","p":3.69,"u":"23,06 €/KG","img":"https://fd15-photos.leclercdrive.fr/image.ashx?id=2875384&use=l&cat=p&typeid=i","cat":312394},{"id":218153,"n":"Adoucissant concentré Soupline Lavande 3D - 1.7L - x77","p":9.85,"u":"5,79 €/L","img":"https://fd15-photos.leclercdrive.fr/image.ashx?id=2617123&use=l&cat=p&typeid=i","cat":284650},{"id":218197,"n":"Foie gras de canard Larnaudie Selection - Entier - 120g","p":19.9,"u":"165,83 €/KG","img":"https://fd15-photos.leclercdrive.fr/image.ashx?id=2620089&use=l&cat=p&typeid=i","cat":305148},{"id":218198,"n":"Foie gras canard Larnaudie Entier - Ma création - 120g","p":19.9,"u":"165,83 €/KG","img":"https://fd15-photos.leclercdrive.fr/image.ashx?id=2617825&use=l&cat=p&typeid=i","cat":305148},{"id":218200,"n":"Foie gras canard Larnaudie Français comme jamais - 120g","p":19.9,"u":"165,83 €/KG","img":"https://fd15-photos.leclercdrive.fr/image.ashx?id=2620095&use=l&cat=p&typeid=i","cat":305148},{"id":218202,"n":"Foie gras de canard Larnaudie Entier - Réserve 51 - 120g","p":15.65,"u":"130,42 €/KG","img":"https://fd15-photos.leclercdrive.fr/image.ashx?id=2620098&use=l&cat=p&typeid=i","cat":305148},{"id":218204,"n":"Foie gras de canard Larnaudie Entier France emblematique 120g","p":19.9,"u":"165,83 €/KG","img":"https://fd15-photos.leclercdrive.fr/image.ashx?id=2617828&use=l&cat=p&typeid=i","cat":305148},{"id":218209,"n":"Soupe harira marocaine Maggi 90g","p":2.2,"u":"24,44 €/KG","img":"https://fd15-photos.leclercdrive.fr/image.ashx?id=2618092&use=l&cat=p&typeid=i","cat":289013},{"id":218231,"n":"Bonbons Krema Fruits rouges - 240g","p":4.31,"u":"17,96 €/KG","img":"https://fd15-photos.leclercdrive.fr/image.ashx?id=2618047&use=l&cat=p&typeid=i","cat":304250},{"id":218251,"n":"Bonbons Dooo & Fizz Lutti 450g","p":10.78,"u":"23,96 €/KG","img":"https://fd15-photos.leclercdrive.fr/image.ashx?id=2964459&use=l&cat=p&typeid=i","cat":304250},{"id":218252,"n":"Bloc foie gras canard Larnaudie L'emblematique - 480g - x2","p":34.99,"u":"72,90 €/KG","img":"https://fd15-photos.leclercdrive.fr/image.ashx?id=2620065&use=l&cat=p&typeid=i","cat":316008},{"id":218256,"n":"Bloc foie gras canard Larnaudie Sel de Guérande - 480g - x2","p":34.89,"u":"72,69 €/KG","img":"https://fd15-photos.leclercdrive.fr/image.ashx?id=2620068&use=l&cat=p&typeid=i","cat":316008},{"id":218258,"n":"Bloc foie gras canard Au Porto - 480g - x2","p":34.99,"u":"72,90 €/KG","img":"https://fd15-photos.leclercdrive.fr/image.ashx?id=2620071&use=l&cat=p&typeid=i","cat":316008},{"id":218274,"n":"Bloc foie gras canard Larnaudie Au Sauternes - 480g","p":39.59,"u":"82,48 €/KG","img":"https://fd15-photos.leclercdrive.fr/image.ashx?id=2620074&use=l&cat=p&typeid=i","cat":316008},{"id":218275,"n":"Bloc foie gras canard Larnaudie A L'Armagnac - 480g","p":34.99,"u":"72,90 €/KG","img":"https://fd15-photos.leclercdrive.fr/image.ashx?id=2620077&use=l&cat=p&typeid=i","cat":316008},{"id":218311,"n":"Pain de mie Epi d'Or Cérales & Graines - 580g","p":3.95,"u":"6,81 €/KG","img":"https://fd15-photos.leclercdrive.fr/image.ashx?id=2728270&use=l&cat=p&typeid=i","cat":284477},{"id":218344,"n":"Tartinable foie gras Delpeyrat Au piment d'Espelette - 120g","p":7.3,"u":"60,83 €/KG","img":"https://fd15-photos.leclercdrive.fr/image.ashx?id=2617786&use=l&cat=p&typeid=i","cat":305148},{"id":218402,"n":"Badiane Ducros 25g","p":3.05,"u":"122,00 €/KG","img":"https://fd15-photos.leclercdrive.fr/image.ashx?id=2618891&use=l&cat=p&typeid=i","cat":298297},{"id":218407,"n":"Melange pour curry Ducros 20g","p":1.85,"u":"92,50 €/KG","img":"https://fd15-photos.leclercdrive.fr/image.ashx?id=2618888&use=l&cat=p&typeid=i","cat":298297},{"id":218415,"n":"Foie gras Maison Montfort Sauternes - 160g","p":18.9,"u":"118,13 €/KG","img":"https://fd15-photos.leclercdrive.fr/image.ashx?id=2887629&use=l&cat=p&typeid=i","cat":305148},{"id":218423,"n":"Burrata di Bufala Les Croisés - 125g","p":4.8,"u":"38,40 €/KG","img":"https://fd15-photos.leclercdrive.fr/image.ashx?id=3009529&use=l&cat=p&typeid=i","cat":314026},{"id":218431,"n":"Coquilles fruits de mer Tipiak x4 - 360g","p":4.95,"u":"13,75 €/KG","img":"https://fd15-photos.leclercdrive.fr/image.ashx?id=2619056&use=l&cat=p&typeid=i","cat":319775},{"id":218472,"n":"Compote Fruit Intense Materne Pomme myrtille sauvage - 400g","p":2.75,"u":"6,88 €/KG","img":"https://fd15-photos.leclercdrive.fr/image.ashx?id=3003113&use=l&cat=p&typeid=i","cat":284416},{"id":218494,"n":"Panés aux poissons Eco+ 200g","p":3.89,"u":"19,45 €/KG","img":"https://fd15-photos.leclercdrive.fr/image.ashx?id=2618706&use=l&cat=p&typeid=i","cat":284344},{"id":218501,"n":"Profiteroles Saporit 500g","p":10.9,"u":"21,80 €/KG","img":"https://fd15-photos.leclercdrive.fr/image.ashx?id=2620557&use=l&cat=p&typeid=i","cat":284266},{"id":218504,"n":"Maxi bacon burger Côté Snack 195g","p":7.55,"u":"38,72 €/KG","img":"https://fd15-photos.leclercdrive.fr/image.ashx?id=2675777&use=l&cat=p&typeid=i","cat":333671},{"id":218505,"n":"Bouchées vapeur Tables du Monde 320g","p":9.9,"u":"30,94 €/KG","img":"https://fd15-photos.leclercdrive.fr/image.ashx?id=2618381&use=l&cat=p&typeid=i","cat":316003},{"id":218544,"n":"Bonbons Krema Fiesta - 580g","p":5.55,"u":"9,57 €/KG","img":"https://fd15-photos.leclercdrive.fr/image.ashx?id=2735542&use=l&cat=p&typeid=i","cat":304250},{"id":218563,"n":"Sauce Tomates Cuisinées Panzani - 650G","p":2.89,"u":"4,45 €/KG","img":"https://fd15-photos.leclercdrive.fr/image.ashx?id=2977936&use=l&cat=p&typeid=i","cat":287599},{"id":218565,"n":"Chocolat noir Poulain Amandes caramel - 190g","p":5.81,"u":"30,58 €/KG","img":"https://fd15-photos.leclercdrive.fr/image.ashx?id=2620515&use=l&cat=p&typeid=i","cat":284497},{"id":218584,"n":"Curry madras 45G - DUCROS","p":2.3,"u":"51,11 €/KG","img":"https://fd15-photos.leclercdrive.fr/image.ashx?id=2620131&use=l&cat=p&typeid=i","cat":298297},{"id":218586,"n":"Curry korma 42G- DUCROS","p":2.4,"u":"57,14 €/KG","img":"https://fd15-photos.leclercdrive.fr/image.ashx?id=2620134&use=l&cat=p&typeid=i","cat":298297},{"id":218590,"n":"Gâteau fromage blanc  500G - LE STER","p":4.3,"u":"8,60 €/KG","img":"https://fd15-photos.leclercdrive.fr/image.ashx?id=2970942&use=l&cat=p&typeid=i","cat":294776},{"id":218670,"n":"Mini roulés feuilletés  Côté Table x36 - 432g","p":9.9,"u":"22,92 €/KG","img":"https://fd15-photos.leclercdrive.fr/image.ashx?id=2619856&use=l&cat=p&typeid=i","cat":319774},{"id":218804,"n":"Croquettes chat Perfect Fit Boeuf Stérilisés Adulte 1.4kg","p":11.75,"u":"8,39 €/KG","img":"https://fd15-photos.leclercdrive.fr/image.ashx?id=2622792&use=l&cat=p&typeid=i","cat":284680},{"id":218807,"n":"Croquettes chat Perfect Fit Poulet stérilisés - 1.4kg","p":11.75,"u":"8,39 €/KG","img":"https://fd15-photos.leclercdrive.fr/image.ashx?id=2622795&use=l&cat=p&typeid=i","cat":284680},{"id":218819,"n":"Croquettes chat sénior Perfect  Fit 7+ au poulet - 1,4kg","p":12.05,"u":"8,61 €/KG","img":"https://fd15-photos.leclercdrive.fr/image.ashx?id=2624332&use=l&cat=p&typeid=i","cat":284680},{"id":218829,"n":"Skyr Bio Les 2 vaches Nature 0%mg - 825g","p":7.99,"u":"9,68 €/KG","img":"https://fd15-photos.leclercdrive.fr/image.ashx?id=2624305&use=l&cat=p&typeid=i","cat":315000},{"id":218988,"n":"Bonbons Merry Canes Fizzy 154g","p":5.85,"u":"37,99 €/KG","img":"https://fd15-photos.leclercdrive.fr/image.ashx?id=2623777&use=l&cat=p&typeid=i","cat":327592},{"id":219039,"n":"Pétales de céréales Grainea Chocolat noir - 550g","p":4.95,"u":"9,00 €/KG","img":"https://fd15-photos.leclercdrive.fr/image.ashx?id=2917672&use=l&cat=p&typeid=i","cat":309512},{"id":219041,"n":"Pétales de céréales Grainea Chocolat au lait - 550g","p":5.3,"u":"9,64 €/KG","img":"https://fd15-photos.leclercdrive.fr/image.ashx?id=2856693&use=l&cat=p&typeid=i","cat":309512},{"id":219068,"n":"Thym Ducros 35g","p":2.8,"u":"80,00 €/KG","img":"https://fd15-photos.leclercdrive.fr/image.ashx?id=2624589&use=l&cat=p&typeid=i","cat":298297},{"id":219070,"n":"Poivre saveur & épices 40g","p":3.75,"u":"93,75 €/KG","img":"https://fd15-photos.leclercdrive.fr/image.ashx?id=2624592&use=l&cat=p&typeid=i","cat":284457},{"id":219125,"n":"Liquide vaisselle Uni Vert Ecologique - Rose - 500ml","p":1.85,"u":"3,70 €/L","img":"https://fd15-photos.leclercdrive.fr/image.ashx?id=2999520&use=l&cat=p&typeid=i","cat":284655},{"id":219401,"n":"Papillotes exception Revillon Ganache chocolat noir - 340g","p":13.99,"u":"41,15 €/KG","img":"https://fd15-photos.leclercdrive.fr/image.ashx?id=2628458&use=l&cat=p&typeid=i","cat":327597},{"id":219412,"n":"Dentifrice Signal  Blancheur Bicarbonate - 75ml","p":2.47,"u":"32,93 €/L","img":"https://fd15-photos.leclercdrive.fr/image.ashx?id=2834119&use=l&cat=p&typeid=i","cat":284612},{"id":219427,"n":"Fine crêpe Kambly 98g","p":4.03,"u":"41,12 €/KG","img":"https://fd15-photos.leclercdrive.fr/image.ashx?id=2629710&use=l&cat=p&typeid=i","cat":284487},{"id":219490,"n":"Vin d'Espagne grenache Bernard Cordelier - 75cl","p":3.69,"u":"4,92 €/L","img":"https://fd15-photos.leclercdrive.fr/image.ashx?id=2920909&use=l&cat=p&typeid=i","cat":289558},{"id":219602,"n":"Petits pains grillés Pasquier Froment - 225g","p":2.1,"u":"9,33 €/KG","img":"https://fd15-photos.leclercdrive.fr/image.ashx?id=2834455&use=l&cat=p&typeid=i","cat":284479},{"id":219722,"n":"Bloc de foie gras de canard Pierre de Chaumeyrac - 300g","p":18.4,"u":"61,33 €/KG","img":"https://fd15-photos.leclercdrive.fr/image.ashx?id=2804341&use=l&cat=p&typeid=i","cat":316008},{"id":219786,"n":"Pruneaux d'Agen IGP Nos Régions ont du Talent 375g","p":3.99,"u":"10,64 €/KG","img":"https://fd15-photos.leclercdrive.fr/image.ashx?id=2627398&use=l&cat=p&typeid=i","cat":284357},{"id":219921,"n":"Saumon fumé Ronde des Mers Islande 4 tranches - 140g","p":9.95,"u":"71,07 €/KG","img":"https://fd15-photos.leclercdrive.fr/image.ashx?id=2833138&use=l&cat=p&typeid=i","cat":285188},{"id":220027,"n":"Miel Soutenons nos agriculteurs Liquide - 500 g","p":12.39,"u":"24,78 €/KG","img":"https://fd15-photos.leclercdrive.fr/image.ashx?id=2925710&use=l&cat=p&typeid=i","cat":287643},{"id":220127,"n":"Muesli chia sans gluten bio  Terres et Céréales - 500g","p":6.26,"u":"12,52 €/KG","img":"https://fd15-photos.leclercdrive.fr/image.ashx?id=2634148&use=l&cat=p&typeid=i","cat":309512},{"id":220132,"n":"Dosettes café Senseo Espresso Classique x32","p":10.3,"u":"46,82 €/KG","img":"https://fd15-photos.leclercdrive.fr/image.ashx?id=2788061&use=l&cat=p&typeid=i","cat":293238},{"id":220213,"n":"Raisin rosé sans pépins Panier du Primeur - 500g","p":7.49,"u":"14,98 €/KG","img":"https://fd15-photos.leclercdrive.fr/image.ashx?id=2858144&use=l&cat=p&typeid=i","cat":284356},{"id":220240,"n":"Sachet fraîcheur chiot Pedigree Mixte en gelée - 12x100g","p":10.85,"u":"9,04 €/KG","img":"https://fd15-photos.leclercdrive.fr/image.ashx?id=2876125&use=l&cat=p&typeid=i","cat":284673},{"id":220243,"n":"Croquettes chien  Pedigree au bœuf - 3kg","p":15.89,"u":"5,30 €/KG","img":"https://fd15-photos.leclercdrive.fr/image.ashx?id=2634328&use=l&cat=p&typeid=i","cat":284672},{"id":220245,"n":"Croquettes chien  Pedigree à la volaille - 7kg","p":40.85,"u":"5,84 €/KG","img":"https://fd15-photos.leclercdrive.fr/image.ashx?id=2813495&use=l&cat=p&typeid=i","cat":284672},{"id":220249,"n":"Croquettes chien  Pedigree aux poissons - 7kg","p":40.85,"u":"5,84 €/KG","img":"https://fd15-photos.leclercdrive.fr/image.ashx?id=2981283&use=l&cat=p&typeid=i","cat":284672},{"id":220252,"n":"Croquettes chien  Pedigree à la volaille - 3kg","p":15.9,"u":"5,30 €/KG","img":"https://fd15-photos.leclercdrive.fr/image.ashx?id=2832320&use=l&cat=p&typeid=i","cat":284672},{"id":220254,"n":"Croquettes chien  Pedigree au bœuf - 7kg","p":36.15,"u":"5,16 €/KG","img":"https://fd15-photos.leclercdrive.fr/image.ashx?id=2981286&use=l&cat=p&typeid=i","cat":284672},{"id":220272,"n":"Sachet fraîcheur chat Whiskas  Carte mixte en gelée - 12x85g","p":9.45,"u":"9,26 €/KG","img":"https://fd15-photos.leclercdrive.fr/image.ashx?id=2902990&use=l&cat=p&typeid=i","cat":285286},{"id":220280,"n":"Raisin blanc sans pépins Panier du Primeur - 500g","p":7.75,"u":"15,50 €/KG","img":"https://fd15-photos.leclercdrive.fr/image.ashx?id=2858132&use=l&cat=p&typeid=i","cat":284356},{"id":220289,"n":"Stevia en poudre Edulcorel 200g","p":7.05,"u":"35,25 €/KG","img":"https://fd15-photos.leclercdrive.fr/image.ashx?id=2632680&use=l&cat=p&typeid=i","cat":324846},{"id":220293,"n":"Stevia en bûchettes x50 - 50g","p":2.99,"u":"59,80 €/KG","img":"https://fd15-photos.leclercdrive.fr/image.ashx?id=2632683&use=l&cat=p&typeid=i","cat":324846},{"id":220298,"n":"Bonbons Tubes Acid'  Copains Copines - 180g","p":2.59,"u":"14,39 €/KG","img":"https://fd15-photos.leclercdrive.fr/image.ashx?id=2934775&use=l&cat=p&typeid=i","cat":304250},{"id":220347,"n":"Sachet fraîcheur chat Whiskas  Classiques en sauce - 12x85g","p":9.45,"u":"9,26 €/KG","img":"https://fd15-photos.leclercdrive.fr/image.ashx?id=2633887&use=l&cat=p&typeid=i","cat":285286},{"id":220350,"n":"Stevia en comprimés Edulcorel x100 - 7g","p":2.2,"u":"314,29 €/KG","img":"https://fd15-photos.leclercdrive.fr/image.ashx?id=2632915&use=l&cat=p&typeid=i","cat":324846},{"id":220530,"n":"Raisin noir sans pépin Panier du Primeur - 500g","p":3.6,"u":"7,20 €/KG","img":"https://fd15-photos.leclercdrive.fr/image.ashx?id=2858138&use=l&cat=p&typeid=i","cat":284356},{"id":220710,"n":"Coulis de tomates bio Bio Village - 500g","p":2.95,"u":"5,90 €/KG","img":"https://fd15-photos.leclercdrive.fr/image.ashx?id=2635783&use=l&cat=p&typeid=i","cat":288384},{"id":220788,"n":"Recharge crème lavante mains Le Petit Marseillais Lait 250ml","p":1.66,"u":"6,64 €/L","img":"https://fd15-photos.leclercdrive.fr/image.ashx?id=2735242&use=l&cat=p&typeid=i","cat":284597},{"id":220791,"n":"Après-shampooing Garnier Cheveu coloré ou méché - 250ml","p":4.6,"u":"18,40 €/L","img":"https://fd15-photos.leclercdrive.fr/image.ashx?id=2828049&use=l&cat=p&typeid=i","cat":284607},{"id":220802,"n":"Rasoirs rechargeables Bic Click 3 Soleil - x4","p":8.24,"u":"2,06 €/P","img":"https://fd15-photos.leclercdrive.fr/image.ashx?id=2636072&use=l&cat=p&typeid=i","cat":325352},{"id":220815,"n":"Rasoirs rechargeables Femme Bic Click 3 Soleil - x1+4 recharges","p":9.95,"u":"1,99 €/P","img":"https://fd15-photos.leclercdrive.fr/image.ashx?id=2636078&use=l&cat=p&typeid=i","cat":325352},{"id":220820,"n":"Gel douche bébé So'Bio Etic Ecopack - Très doux Bio - 500ml","p":8.29,"u":"16,58 €/L","img":"https://fd15-photos.leclercdrive.fr/image.ashx?id=2637186&use=l&cat=p&typeid=i","cat":284740},{"id":220822,"n":"Gel lavant mains Le Petit Marseillais Antibactérien 300ml","p":4.19,"u":"13,97 €/L","img":"https://fd15-photos.leclercdrive.fr/image.ashx?id=2684557&use=l&cat=p&typeid=i","cat":284597},{"id":220823,"n":"Gel lavant mains Le Petit Marseillais - Lavande - 300ml","p":3.5,"u":"11,67 €/L","img":"https://fd15-photos.leclercdrive.fr/image.ashx?id=2684221&use=l&cat=p&typeid=i","cat":284597},{"id":220824,"n":"Crème lavante mains Le Petit Marseillais - Lait - 300ml","p":3.04,"u":"10,13 €/L","img":"https://fd15-photos.leclercdrive.fr/image.ashx?id=2684224&use=l&cat=p&typeid=i","cat":284597},{"id":220826,"n":"Gel lavant mains Le Petit  Marseillais Le cuisinier 250ml","p":2.49,"u":"9,96 €/L","img":"https://fd15-photos.leclercdrive.fr/image.ashx?id=2684560&use=l&cat=p&typeid=i","cat":284597},{"id":220946,"n":"Chocolat Peluche mix Kinder Pingouin - 133g","p":13.99,"u":"105,19 €/KG","img":"https://fd15-photos.leclercdrive.fr/image.ashx?id=2638072&use=l&cat=p&typeid=i","cat":327789},{"id":220999,"n":"Film Scel-O-Frais Fraîcheur - 20m","p":3.93,"img":"https://fd15-photos.leclercdrive.fr/image.ashx?id=2639615&use=l&cat=p&typeid=i","cat":285194},{"id":221109,"n":"Huile Solaire SPF50 Garnier Sublimatrice - 150ml","p":18.05,"u":"120,33 €/L","img":"https://fd15-photos.leclercdrive.fr/image.ashx?id=2669274&use=l&cat=p&typeid=i","cat":325355},{"id":221111,"n":"Huile solaire Ambre Solaire Ideal Bronze Milk SPF30 - 150ml","p":15.85,"u":"105,67 €/L","img":"https://fd15-photos.leclercdrive.fr/image.ashx?id=2640611&use=l&cat=p&typeid=i","cat":325355},{"id":221147,"n":"Serviette hygénique Always Platinum - Long+ - x10","p":3.04,"u":"0,30 €/P","img":"https://fd15-photos.leclercdrive.fr/image.ashx?id=2890442&use=l&cat=p&typeid=i","cat":284624},{"id":221163,"n":"Tablette de chocolat L'Atelier Cranberries Amandes - 150g","p":4.6,"u":"30,67 €/KG","img":"https://fd15-photos.leclercdrive.fr/image.ashx?id=2872207&use=l&cat=p&typeid=i","cat":284957},{"id":221193,"n":"Gressins sésame  Eco+ 120g","p":1.19,"u":"9,52 €/KG","img":"https://fd15-photos.leclercdrive.fr/image.ashx?id=2640004&use=l&cat=p&typeid=i","cat":297000},{"id":221203,"n":"Jus multivitamines Andros 1,5L","p":6.39,"u":"4,26 €/L","img":"https://fd15-photos.leclercdrive.fr/image.ashx?id=2904269&use=l&cat=p&typeid=i","cat":284917},{"id":221205,"n":"Fromage fondu Burger Eco+ x10 - 200g","p":1.54,"u":"7,70 €/KG","img":"https://fd15-photos.leclercdrive.fr/image.ashx?id=2956960&use=l&cat=p&typeid=i","cat":314028},{"id":221208,"n":"Disques à démaquiller x120","p":0.54,"img":"https://fd15-photos.leclercdrive.fr/image.ashx?id=2640119&use=l&cat=p&typeid=i","cat":285593},{"id":221217,"n":"Maxi croustis Cheesy Bonduelle Potiron lentille emmental -240g","p":3.62,"u":"15,08 €/KG","img":"https://fd15-photos.leclercdrive.fr/image.ashx?id=2979650&use=l&cat=p&typeid=i","cat":319822},{"id":221220,"n":"Maxi croustis Texas Bonduelle Maïs poivron haricot rouge 240g","p":3.62,"u":"15,08 €/KG","img":"https://fd15-photos.leclercdrive.fr/image.ashx?id=2979653&use=l&cat=p&typeid=i","cat":319822},{"id":221221,"n":"Mini croustis Frenchy Bonduelle Epinards courgette chèvre -240g","p":3.62,"img":"https://fd15-photos.leclercdrive.fr/image.ashx?id=2979656&use=l&cat=p&typeid=i","cat":319822},{"id":221222,"n":"Mini croustis Italian Bonduelle Aubergine poivron mozza - 240g","p":3.63,"u":"15,13 €/KG","img":"https://fd15-photos.leclercdrive.fr/image.ashx?id=2960708&use=l&cat=p&typeid=i","cat":319822},{"id":221223,"n":"Mini croustis Mexican Bonduelle Maïs haricot rouge cheddar 240g","p":3.63,"u":"15,13 €/KG","img":"https://fd15-photos.leclercdrive.fr/image.ashx?id=2996530&use=l&cat=p&typeid=i","cat":319822},{"id":221241,"n":"Dessert Cappuccino Equador Mousse au café - 2x90g","p":3.9,"u":"21,67 €/KG","img":"https://fd15-photos.leclercdrive.fr/image.ashx?id=2640215&use=l&cat=p&typeid=i","cat":284419},{"id":221272,"n":"Triangolo Fromage enfants vache Les Croisés 32 portions - 533g","p":4.79,"u":"8,99 €/KG","img":"https://fd15-photos.leclercdrive.fr/image.ashx?id=2791893&use=l&cat=p&typeid=i","cat":314030},{"id":221279,"n":"Cerneaux de noix Eco+ 400g","p":5.99,"u":"14,98 €/KG","img":"https://fd15-photos.leclercdrive.fr/image.ashx?id=2768454&use=l&cat=p&typeid=i","cat":284357},{"id":221280,"n":"Nems au poulet Eco+ x4 - 300g","p":4.25,"u":"14,17 €/KG","img":"https://fd15-photos.leclercdrive.fr/image.ashx?id=2640206&use=l&cat=p&typeid=i","cat":316003},{"id":221281,"n":"Coeur fondant Equador Caramel - 2x90g","p":4.1,"u":"22,78 €/KG","img":"https://fd15-photos.leclercdrive.fr/image.ashx?id=2640212&use=l&cat=p&typeid=i","cat":284419},{"id":221340,"n":"AOP Feta affinée En fût - 150g","p":3.75,"u":"25,00 €/KG","img":"https://fd15-photos.leclercdrive.fr/image.ashx?id=2856359&use=l&cat=p&typeid=i","cat":314026},{"id":221398,"n":"Riz Tradizioni d'Italia Carnaroli - 500g","p":3.05,"u":"6,10 €/KG","img":"https://fd15-photos.leclercdrive.fr/image.ashx?id=2641422&use=l&cat=p&typeid=i","cat":284428},{"id":221493,"n":"Stevia en comprimés Eco+ x650 - 42,25g","p":2.2,"u":"52,38 €/KG","img":"https://fd15-photos.leclercdrive.fr/image.ashx?id=2641789&use=l&cat=p&typeid=i","cat":284502},{"id":221507,"n":"Infusion nuit tranquille  Elephant - x20 - 30g","p":3.95,"u":"131,67 €/KG","img":"https://fd15-photos.leclercdrive.fr/image.ashx?id=2655647&use=l&cat=p&typeid=i","cat":293234},{"id":221508,"n":"Gel lavant mains Le Petit Marseillais Huile d'olive 300ml","p":3.5,"u":"11,67 €/L","img":"https://fd15-photos.leclercdrive.fr/image.ashx?id=2684218&use=l&cat=p&typeid=i","cat":284597},{"id":221759,"n":"Crème lavante So Bio Etic Surgras Aloe vera Bio - 500ml","p":9.6,"u":"19,20 €/L","img":"https://fd15-photos.leclercdrive.fr/image.ashx?id=2855280&use=l&cat=p&typeid=i","cat":284594},{"id":221842,"n":"Bâtonnets Surimi Coraya  L'Original x18 - 270g","p":3.9,"u":"14,44 €/KG","img":"https://fd15-photos.leclercdrive.fr/image.ashx?id=2962680&use=l&cat=p&typeid=i","cat":285189},{"id":221957,"n":"Après shampooing Nature Box Argan - 385ml","p":8.94,"u":"23,22 €/L","img":"https://fd15-photos.leclercdrive.fr/image.ashx?id=2647925&use=l&cat=p&typeid=i","cat":284607},{"id":222089,"n":"Shampoing nutrition Ultra Doux Avocat et Karité - 600ml","p":11.25,"u":"18,75 €/L","img":"https://fd15-photos.leclercdrive.fr/image.ashx?id=2944852&use=l&cat=p&typeid=i","cat":284606},{"id":222390,"n":"Décor pour gateaux Vahiné Pirate","p":1.8,"img":"https://fd15-photos.leclercdrive.fr/image.ashx?id=2649683&use=l&cat=p&typeid=i","cat":284504},{"id":222394,"n":"Décor pour gateaux Vahiné Animaux","p":1.8,"img":"https://fd15-photos.leclercdrive.fr/image.ashx?id=2649686&use=l&cat=p&typeid=i","cat":284504},{"id":222397,"n":"Décor pour gateaux Vahiné Princesse","p":1.8,"img":"https://fd15-photos.leclercdrive.fr/image.ashx?id=2649689&use=l&cat=p&typeid=i","cat":284504},{"id":222471,"n":"Sachet fraicheur chien Cesar  Sélection en sauce - 12x100g","p":12.3,"u":"1,03 €/KG","img":"https://fd15-photos.leclercdrive.fr/image.ashx?id=2651720&use=l&cat=p&typeid=i","cat":284673},{"id":222472,"n":"Ananas Eco+ Morceaux - Sirop léger - 340g","p":1.55,"u":"4,56 €/KG","img":"https://fd15-photos.leclercdrive.fr/image.ashx?id=2650907&use=l&cat=p&typeid=i","cat":284507},{"id":222479,"n":"Pop corn sucre de canne Vico Micro-ondable 240g","p":3.95,"u":"16,46 €/KG","img":"https://fd15-photos.leclercdrive.fr/image.ashx?id=2651585&use=l&cat=p&typeid=i","cat":304249},{"id":222480,"n":"Pop corn Vico Salé - 240g","p":3.68,"u":"15,33 €/KG","img":"https://fd15-photos.leclercdrive.fr/image.ashx?id=2815049&use=l&cat=p&typeid=i","cat":304249},{"id":222492,"n":"Pecharmant St Albert  75cl Nos vignerons ont du talent","p":11.46,"u":"15,28 €/L","img":"https://fd15-photos.leclercdrive.fr/image.ashx?id=2966665&use=l&cat=p&typeid=i","cat":289556},{"id":222515,"n":"Chou rouge émincé Notre Jardin 250g","p":2.99,"u":"11,96 €/KG","img":"https://fd15-photos.leclercdrive.fr/image.ashx?id=2693324&use=l&cat=p&typeid=i","cat":284352},{"id":222582,"n":"Shampoing Restaurateur Eslève Glycolic Gloss - 200ml","p":8.6,"u":"43,00 €/L","img":"https://fd15-photos.leclercdrive.fr/image.ashx?id=2657157&use=l&cat=p&typeid=i","cat":284606},{"id":222583,"n":"Soin Cheveux Lamination Elsève Glycolic Gloss - 200ml","p":11.05,"u":"55,25 €/L","img":"https://fd15-photos.leclercdrive.fr/image.ashx?id=2656796&use=l&cat=p&typeid=i","cat":284608},{"id":222594,"n":"Pur jus de raisin Jafaden  90cl","p":2.64,"u":"2,93 €/L","img":"https://fd15-photos.leclercdrive.fr/image.ashx?id=2723183&use=l&cat=p&typeid=i","cat":285435},{"id":222595,"n":"Pur jus d'ananas passion  Jafaden - 90cl","p":3.4,"u":"3,78 €/L","img":"https://fd15-photos.leclercdrive.fr/image.ashx?id=2723189&use=l&cat=p&typeid=i","cat":285435},{"id":222597,"n":"Sérum anti-taches L'Oréal Paris Bright Reveal - 30ml","p":23.85,"u":"795,00 €/L","img":"https://fd15-photos.leclercdrive.fr/image.ashx?id=2865881&use=l&cat=p&typeid=i","cat":325345},{"id":222598,"n":"Pur jus de pomme framboise Jafaden - 90cl","p":2.9,"u":"3,22 €/L","img":"https://fd15-photos.leclercdrive.fr/image.ashx?id=2723195&use=l&cat=p&typeid=i","cat":285435},{"id":222608,"n":"Jambon cru Serrano Aoste  6 tranches + 3 offertes - 150g","p":4.35,"u":"29,00 €/KG","img":"https://fd15-photos.leclercdrive.fr/image.ashx?id=2653669&use=l&cat=p&typeid=i","cat":316007},{"id":222638,"n":"Chocolat pâtissier Nestlé Corsé - 2x200g","p":7.99,"u":"19,98 €/KG","img":"https://fd15-photos.leclercdrive.fr/image.ashx?id=2905654&use=l&cat=p&typeid=i","cat":285562},{"id":222667,"n":"Tablette Chocolat Noir Crunch x2- 200g","p":3.4,"u":"17,00 €/KG","img":"https://fd15-photos.leclercdrive.fr/image.ashx?id=2899737&use=l&cat=p&typeid=i","cat":284956},{"id":222702,"n":"Dentifrice Integral 8 Signal Fraîcheur Intense 75ml","p":2.38,"u":"31,73 €/L","img":"https://fd15-photos.leclercdrive.fr/image.ashx?id=2818196&use=l&cat=p&typeid=i","cat":284612},{"id":222703,"n":"Dentifrice Signal Extra fraîcheur blancheur 75ml","p":2.41,"u":"32,13 €/L","img":"https://fd15-photos.leclercdrive.fr/image.ashx?id=2938328&use=l&cat=p&typeid=i","cat":284612},{"id":222704,"n":"Dentifrice Signal Extra fraîcheur intense - 75ml","p":2.51,"u":"33,47 €/L","img":"https://fd15-photos.leclercdrive.fr/image.ashx?id=2654212&use=l&cat=p&typeid=i","cat":284612},{"id":222740,"n":"Pommes bicolores Eco+ x4","p":1.71,"u":"0,43 €/P","img":"https://fd15-photos.leclercdrive.fr/image.ashx?id=2928210&use=l&cat=p&typeid=i","cat":284356},{"id":222742,"n":"Swiffer wetjet Kit Lavable Système anti-poussière - x1","p":40.25,"img":"https://fd15-photos.leclercdrive.fr/image.ashx?id=2927708&use=l&cat=p&typeid=i","cat":325364},{"id":222773,"n":"Sauce piquante chipotle Cholula 150ml","p":2.99,"u":"19,93 €/L","img":"https://fd15-photos.leclercdrive.fr/image.ashx?id=2654725&use=l&cat=p&typeid=i","cat":298298},{"id":222774,"n":"Sauce piquante original Cholula 150ml","p":2.94,"u":"19,60 €/L","img":"https://fd15-photos.leclercdrive.fr/image.ashx?id=2654728&use=l&cat=p&typeid=i","cat":288993},{"id":222778,"n":"Eau de javel La Croix Traditionnelle désinfectant- 5L","p":13.33,"u":"2,67 €/L","img":"https://fd15-photos.leclercdrive.fr/image.ashx?id=2672740&use=l&cat=p&typeid=i","cat":284661},{"id":222779,"n":"Eau de javel La Croix Traditionnelle - 1.5L","p":4.0,"u":"2,67 €/L","img":"https://fd15-photos.leclercdrive.fr/image.ashx?id=2667556&use=l&cat=p&typeid=i","cat":284661},{"id":222782,"n":"Adoucissant Soupline Lingettes Voile Sèche-linge Grand air-x20","p":5.15,"u":"0,26 €/P","img":"https://fd15-photos.leclercdrive.fr/image.ashx?id=2654435&use=l&cat=p&typeid=i","cat":325302},{"id":222820,"n":"Bonbons Haribo Pocket Assortiment mini sachets - 340g","p":3.95,"u":"11,62 €/KG","img":"https://fd15-photos.leclercdrive.fr/image.ashx?id=2654653&use=l&cat=p&typeid=i","cat":304250},{"id":222822,"n":"Batavia Notre Jardin 200g","p":3.19,"u":"15,95 €/KG","img":"https://fd15-photos.leclercdrive.fr/image.ashx?id=2657972&use=l&cat=p&typeid=i","cat":284353},{"id":222824,"n":"Carottes râpées Notre Jardin 250g","p":2.99,"u":"11,96 €/KG","img":"https://fd15-photos.leclercdrive.fr/image.ashx?id=2693321&use=l&cat=p&typeid=i","cat":284353},{"id":222826,"n":"Chou blanc carotte Notre Jardin 250g","p":2.99,"u":"11,96 €/KG","img":"https://fd15-photos.leclercdrive.fr/image.ashx?id=2680830&use=l&cat=p&typeid=i","cat":284353},{"id":222838,"n":"Coeur de Scarole Notre Jardin 200g","p":3.49,"u":"17,45 €/KG","img":"https://fd15-photos.leclercdrive.fr/image.ashx?id=2693327&use=l&cat=p&typeid=i","cat":284353},{"id":222839,"n":"Duo mâche et betterave Notre Jardin - 175g","p":3.49,"u":"19,94 €/KG","img":"https://fd15-photos.leclercdrive.fr/image.ashx?id=2693330&use=l&cat=p&typeid=i","cat":284353},{"id":222841,"n":"Mâche Bio Village Bio - 100g","p":3.9,"u":"39,00 €/KG","img":"https://fd15-photos.leclercdrive.fr/image.ashx?id=2663302&use=l&cat=p&typeid=i","cat":284353},{"id":222849,"n":"Mélange gourmand Notre Jardin 320g","p":4.49,"u":"14,03 €/KG","img":"https://fd15-photos.leclercdrive.fr/image.ashx?id=2693333&use=l&cat=p&typeid=i","cat":284353},{"id":222851,"n":"Mesclun Notre Jardin 125g","p":3.49,"u":"27,92 €/KG","img":"https://fd15-photos.leclercdrive.fr/image.ashx?id=2663299&use=l&cat=p&typeid=i","cat":284353},{"id":222852,"n":"Radis roses Notre Jardin 250g","p":5.39,"u":"21,56 €/KG","img":"https://fd15-photos.leclercdrive.fr/image.ashx?id=2657993&use=l&cat=p&typeid=i","cat":284352},{"id":222854,"n":"Lingette lavable Swiffer Wetj Wetjet - Microfibre - x1","p":13.05,"img":"https://fd15-photos.leclercdrive.fr/image.ashx?id=2656240&use=l&cat=p&typeid=i","cat":325364},{"id":222898,"n":"Dentifrice Sensodyne Anti-Tâches - 75ml","p":7.24,"u":"96,53 €/L","img":"https://fd15-photos.leclercdrive.fr/image.ashx?id=2997775&use=l&cat=p&typeid=i","cat":284612},{"id":222899,"n":"Dentifrice Sensodyne Email renforcé - 75ml","p":7.57,"u":"100,93 €/L","img":"https://fd15-photos.leclercdrive.fr/image.ashx?id=2997208&use=l&cat=p&typeid=i","cat":284612},{"id":222912,"n":"Sauce soja sucrée Suzi Wan 250ml","p":4.1,"u":"16,40 €/L","img":"https://fd15-photos.leclercdrive.fr/image.ashx?id=2886217&use=l&cat=p&typeid=i","cat":288992},{"id":222913,"n":"Sauce pour nems Suzi Wan 250ml","p":4.49,"u":"17,96 €/L","img":"https://fd15-photos.leclercdrive.fr/image.ashx?id=2990877&use=l&cat=p&typeid=i","cat":288992},{"id":222942,"n":"Les Palmiers snack Tokapi Fromage gouda edam - 75g","p":1.6,"u":"21,33 €/KG","img":"https://fd15-photos.leclercdrive.fr/image.ashx?id=2656396&use=l&cat=p&typeid=i","cat":297000},{"id":222964,"n":"Colin d'Alaska MSC Pêche Océan Façon Fish & Chips - 400g","p":3.69,"u":"9,23 €/KG","img":"https://fd15-photos.leclercdrive.fr/image.ashx?id=2856211&use=l&cat=p&typeid=i","cat":319788},{"id":222995,"n":"Nouilles Banzai Noodle Curry cup - 67g","p":1.94,"u":"28,96 €/KG","img":"https://fd15-photos.leclercdrive.fr/image.ashx?id=2730007&use=l&cat=p&typeid=i","cat":288992},{"id":223019,"n":"Shampooing Herbal Essences Argan - 250ml","p":4.72,"u":"18,88 €/L","img":"https://fd15-photos.leclercdrive.fr/image.ashx?id=2684629&use=l&cat=p&typeid=i","cat":284606},{"id":223023,"n":"Après-shampooing Herbal Essences - Aloe - 200ml","p":4.45,"u":"22,25 €/L","img":"https://fd15-photos.leclercdrive.fr/image.ashx?id=2759739&use=l&cat=p&typeid=i","cat":284607},{"id":223024,"n":"Shampooing Herbal Essences Aloe - 250ml","p":4.45,"u":"17,80 €/L","img":"https://fd15-photos.leclercdrive.fr/image.ashx?id=2748671&use=l&cat=p&typeid=i","cat":284606},{"id":223028,"n":"Shampooing Herbal Essences Coconut - 250ml","p":4.72,"u":"18,88 €/L","img":"https://fd15-photos.leclercdrive.fr/image.ashx?id=2677600&use=l&cat=p&typeid=i","cat":284606},{"id":223030,"n":"Après-shampooing Herbal Essences - Coconut - 200ml","p":4.72,"u":"23,60 €/L","img":"https://fd15-photos.leclercdrive.fr/image.ashx?id=2737813&use=l&cat=p&typeid=i","cat":284606},{"id":223035,"n":"Shampooing Herbal Essences Rose - 250ml","p":4.45,"u":"17,80 €/L","img":"https://fd15-photos.leclercdrive.fr/image.ashx?id=2737819&use=l&cat=p&typeid=i","cat":284606},{"id":223108,"n":"Oeufs frais sol Eco+ x30","p":9.9,"u":"0,33 €/P","img":"https://fd15-photos.leclercdrive.fr/image.ashx?id=2724817&use=l&cat=p&typeid=i","cat":284378},{"id":223117,"n":"Céréales enfant ourson miel bio  Terres et Céréales - 375g","p":3.75,"u":"10,00 €/KG","img":"https://fd15-photos.leclercdrive.fr/image.ashx?id=2659355&use=l&cat=p&typeid=i","cat":309513},{"id":223128,"n":"Amandes grillées Couleurs Vives 125g","p":4.4,"u":"35,20 €/KG","img":"https://fd15-photos.leclercdrive.fr/image.ashx?id=2659268&use=l&cat=p&typeid=i","cat":284357},{"id":223129,"n":"Boulettes kefta Férial 350g","p":4.39,"u":"12,54 €/KG","img":"https://fd15-photos.leclercdrive.fr/image.ashx?id=2660577&use=l&cat=p&typeid=i","cat":319779},{"id":223130,"n":"Mini fuet L'Origine du Goût - 100g","p":2.95,"u":"29,50 €/KG","img":"https://fd15-photos.leclercdrive.fr/image.ashx?id=2776310&use=l&cat=p&typeid=i","cat":316006},{"id":223157,"n":"Vinaigre blanc 5L - 10°","p":4.25,"u":"0,85 €/L","img":"https://fd15-photos.leclercdrive.fr/image.ashx?id=2659792&use=l&cat=p&typeid=i","cat":298543},{"id":223320,"n":"Brandade de morue Comptoir des Marées - 1kg","p":6.99,"u":"6,99 €/KG","img":"https://fd15-photos.leclercdrive.fr/image.ashx?id=2664118&use=l&cat=p&typeid=i","cat":284254},{"id":223365,"n":"Boisson aux fruits Jafun Multifruits - 4x20cl","p":2.39,"u":"2,99 €/L","img":"https://fd15-photos.leclercdrive.fr/image.ashx?id=2992570&use=l&cat=p&typeid=i","cat":295018},{"id":223375,"n":"Pop corn Menguy's Goût caramel -  3x90g","p":4.15,"u":"15,37 €/KG","img":"https://fd15-photos.leclercdrive.fr/image.ashx?id=2786633&use=l&cat=p&typeid=i","cat":304249},{"id":223394,"n":"Boisson aux fruits Jafun Tropical - 4x20cl","p":2.3,"u":"2,88 €/L","img":"https://fd15-photos.leclercdrive.fr/image.ashx?id=2992576&use=l&cat=p&typeid=i","cat":295018},{"id":223396,"n":"Boisson aux fruits Jafun Pomme cassis framboise 10x20cl","p":5.39,"u":"2,70 €/L","img":"https://fd15-photos.leclercdrive.fr/image.ashx?id=2992594&use=l&cat=p&typeid=i","cat":295018},{"id":223401,"n":"Bâtonnets Manger Main Bio Yooji Fraise banane avoine - 150g","p":5.09,"u":"33,93 €/KG","img":"https://fd15-photos.leclercdrive.fr/image.ashx?id=2662475&use=l&cat=p&typeid=i","cat":290631},{"id":223402,"n":"Bâtonnets Manger Main Bio Yooji Mangue banane avoine - 150g","p":5.09,"u":"33,93 €/KG","img":"https://fd15-photos.leclercdrive.fr/image.ashx?id=2662478&use=l&cat=p&typeid=i","cat":312394},{"id":223431,"n":"Crème dessert protéinée Hipro  Chocolat noisette - 180g","p":2.49,"u":"13,83 €/KG","img":"https://fd15-photos.leclercdrive.fr/image.ashx?id=2800294&use=l&cat=p&typeid=i","cat":285041},{"id":223452,"n":"Pur jus de pomme Jafaden 1.5L","p":3.29,"u":"2,19 €/L","img":"https://fd15-photos.leclercdrive.fr/image.ashx?id=2919667&use=l&cat=p&typeid=i","cat":284522},{"id":223462,"n":"IGP Méditerranée Vin rosé Week-end sur la Côte - 75cl","p":6.85,"u":"9,13 €/L","img":"https://fd15-photos.leclercdrive.fr/image.ashx?id=2664100&use=l&cat=p&typeid=i","cat":289558},{"id":223498,"n":"Ketchup Rustica 900g","p":2.29,"u":"2,54 €/KG","img":"https://fd15-photos.leclercdrive.fr/image.ashx?id=2954394&use=l&cat=p&typeid=i","cat":284455},{"id":223499,"n":"Ketchup Rustica 390g","p":1.28,"u":"3,28 €/KG","img":"https://fd15-photos.leclercdrive.fr/image.ashx?id=2954391&use=l&cat=p&typeid=i","cat":284455},{"id":223500,"n":"Mais croquant Notre Jardin 2x285g","p":2.4,"u":"4,21 €/KG","img":"https://fd15-photos.leclercdrive.fr/image.ashx?id=3005694&use=l&cat=p&typeid=i","cat":312611},{"id":223520,"n":"Biscuit sablé bio  Nocciolata Fourré pâte à tartiner - 250g","p":8.21,"u":"32,84 €/KG","img":"https://fd15-photos.leclercdrive.fr/image.ashx?id=2664244&use=l&cat=p&typeid=i","cat":284488},{"id":223521,"n":"Biscuit bio  Nocciolata bianca Fourré pâte à tartiner - 250g","p":6.45,"u":"25,80 €/KG","img":"https://fd15-photos.leclercdrive.fr/image.ashx?id=2664554&use=l&cat=p&typeid=i","cat":284487},{"id":223539,"n":"Bloc Energy 5 actions WC Net Fraîcheur givrée et menthe 38g","p":4.23,"u":"111,32 €/KG","img":"https://fd15-photos.leclercdrive.fr/image.ashx?id=2664455&use=l&cat=p&typeid=i","cat":284662},{"id":223540,"n":"Bloc Energy 5 actions WC Net Lavande et patchouli - 38g","p":2.8,"u":"73,68 €/KG","img":"https://fd15-photos.leclercdrive.fr/image.ashx?id=2664458&use=l&cat=p&typeid=i","cat":284662},{"id":223542,"n":"Bloc Energy WC Net Eau bleue / Marine fresh 40g","p":4.7,"u":"117,50 €/KG","img":"https://fd15-photos.leclercdrive.fr/image.ashx?id=2664464&use=l&cat=p&typeid=i","cat":284662},{"id":223554,"n":"Tablettes WC Harpic  Power Plus Fraicheur Active- x6","p":5.79,"u":"42,89 €/KG","img":"https://fd15-photos.leclercdrive.fr/image.ashx?id=2665391&use=l&cat=p&typeid=i","cat":284662},{"id":223560,"n":"Culottes fuites urinaires Always Discreet - Taille M x13","p":11.01,"u":"0,85 €/P","img":"https://fd15-photos.leclercdrive.fr/image.ashx?id=2927029&use=l&cat=p&typeid=i","cat":284628},{"id":223561,"n":"Culottes fuites urinaires Always Discreet - Taille L x11","p":11.65,"u":"1,06 €/P","img":"https://fd15-photos.leclercdrive.fr/image.ashx?id=2927032&use=l&cat=p&typeid=i","cat":284628},{"id":223563,"n":"Culottes fuites urinaires Always Discreet Noir - L x8","p":11.24,"u":"1,41 €/P","img":"https://fd15-photos.leclercdrive.fr/image.ashx?id=2685432&use=l&cat=p&typeid=i","cat":284628},{"id":223574,"n":"Serviettes fuites urinaires Always Discreet - Nuit - x12","p":9.55,"u":"0,80 €/P","img":"https://fd15-photos.leclercdrive.fr/image.ashx?id=2685459&use=l&cat=p&typeid=i","cat":284628},{"id":223575,"n":"Serviettes fuites urinaires Always Discreet - x12","p":7.88,"u":"0,66 €/P","img":"https://fd15-photos.leclercdrive.fr/image.ashx?id=2845650&use=l&cat=p&typeid=i","cat":284628},{"id":223578,"n":"Serviettes fuites urinaires Always Discreet - Long - x26","p":10.05,"u":"0,39 €/P","img":"https://fd15-photos.leclercdrive.fr/image.ashx?id=2685465&use=l&cat=p&typeid=i","cat":284628},{"id":223579,"n":"Serviettes fuites urinaires Always Discreet - Long+ - x8","p":4.47,"u":"0,56 €/P","img":"https://fd15-photos.leclercdrive.fr/image.ashx?id=3005386&use=l&cat=p&typeid=i","cat":284628},{"id":223581,"n":"Serviettes fuites urinaires Always Discreet - Long+ - x16","p":7.93,"u":"0,50 €/P","img":"https://fd15-photos.leclercdrive.fr/image.ashx?id=2685471&use=l&cat=p&typeid=i","cat":284628},{"id":223586,"n":"Serviettes fuites urinaires Always Discreet - Taille S x20","p":4.29,"u":"0,21 €/P","img":"https://fd15-photos.leclercdrive.fr/image.ashx?id=3009221&use=l&cat=p&typeid=i","cat":284628},{"id":223603,"n":"Fil dentaire Dentamyl Cire menthe - 80m","p":0.94,"u":"0,01 €/MT","img":"https://fd15-photos.leclercdrive.fr/image.ashx?id=2672888&use=l&cat=p&typeid=i","cat":285159},{"id":223606,"n":"Crème Douche Nourrissante Cadum Miel de Fleurs Bio - 750ml","p":5.8,"u":"7,73 €/L","img":"https://fd15-photos.leclercdrive.fr/image.ashx?id=2805465&use=l&cat=p&typeid=i","cat":284594},{"id":223607,"n":"Gel Corps et Cheveux Cadum Hypoallergénique - 750ml","p":9.17,"u":"12,23 €/L","img":"https://fd15-photos.leclercdrive.fr/image.ashx?id=2802512&use=l&cat=p&typeid=i","cat":284594},{"id":223608,"n":"Crème Douche Tolérance Cadum Sans Sulfate - 400ml","p":3.64,"u":"9,10 €/L","img":"https://fd15-photos.leclercdrive.fr/image.ashx?id=2696007&use=l&cat=p&typeid=i","cat":284594},{"id":223609,"n":"Douche Crème Dop Cookies au Chocolat - 290ml","p":2.85,"u":"9,83 €/L","img":"https://fd15-photos.leclercdrive.fr/image.ashx?id=2709876&use=l&cat=p&typeid=i","cat":284594},{"id":223613,"n":"Désodorisant Febreze Petit coin Coton - 7.5ml","p":5.4,"u":"675,00 €/L","img":"https://fd15-photos.leclercdrive.fr/image.ashx?id=2955236&use=l&cat=p&typeid=i","cat":311628},{"id":223646,"n":"Rillettes du Mans Bahier 220g","p":4.2,"u":"19,09 €/KG","img":"https://fd15-photos.leclercdrive.fr/image.ashx?id=3001299&use=l&cat=p&typeid=i","cat":316008},{"id":223649,"n":"Shampooing Head & shoulder 2-en-1 - Classic - 300ml","p":6.89,"u":"22,97 €/L","img":"https://fd15-photos.leclercdrive.fr/image.ashx?id=2863003&use=l&cat=p&typeid=i","cat":284606},{"id":223650,"n":"Shampooing Head & shoulder 1in1 - Classic - 330ml","p":7.35,"u":"22,27 €/L","img":"https://fd15-photos.leclercdrive.fr/image.ashx?id=2859962&use=l&cat=p&typeid=i","cat":284606},{"id":223652,"n":"Shampooing Head & shoulders Citron - 2en1 - 300ml","p":8.95,"u":"29,83 €/L","img":"https://fd15-photos.leclercdrive.fr/image.ashx?id=2863009&use=l&cat=p&typeid=i","cat":284606},{"id":223654,"n":"Shampooing Head & shoulders 2en1 - Anti-démangeaisons 300ml","p":7.35,"u":"24,50 €/L","img":"https://fd15-photos.leclercdrive.fr/image.ashx?id=2828964&use=l&cat=p&typeid=i","cat":284606},{"id":223661,"n":"Pains au chocolat Croustipate  x6 - 275g","p":2.49,"u":"9,05 €/KG","img":"https://fd15-photos.leclercdrive.fr/image.ashx?id=2902055&use=l&cat=p&typeid=i","cat":333681},{"id":223688,"n":"tasse Barbie tasse Barbie 34g","p":7.45,"u":"219,12 €/KG","img":"https://fd15-photos.leclercdrive.fr/image.ashx?id=2677537&use=l&cat=p&typeid=i","cat":327789},{"id":223797,"n":"filet de pièces mario 45g  45g","p":2.59,"u":"57,56 €/KG","img":"https://fd15-photos.leclercdrive.fr/image.ashx?id=2683880&use=l&cat=p&typeid=i","cat":327592},{"id":223834,"n":"Shampooing Head & shoulders Apple fresh - 330ml","p":6.89,"u":"20,88 €/L","img":"https://fd15-photos.leclercdrive.fr/image.ashx?id=2668767&use=l&cat=p&typeid=i","cat":284606},{"id":223836,"n":"Shampooing Head & shoulders Citrus fresh - 1in1 - 330ml","p":7.35,"u":"22,27 €/L","img":"https://fd15-photos.leclercdrive.fr/image.ashx?id=2737840&use=l&cat=p&typeid=i","cat":284606},{"id":223839,"n":"Shampooing Head & shoulders 1in1 - Anti-démangeaisons 330ml","p":6.89,"u":"20,88 €/L","img":"https://fd15-photos.leclercdrive.fr/image.ashx?id=2681329&use=l&cat=p&typeid=i","cat":284606},{"id":223841,"n":"Shampooing Head & shoulders Menthol fresh - 1in1 - 330ml","p":6.35,"u":"19,24 €/L","img":"https://fd15-photos.leclercdrive.fr/image.ashx?id=2668770&use=l&cat=p&typeid=i","cat":284606},{"id":223844,"n":"Shampooing Head & shoulders 1in1 - Lisse & soyeux - 330ml","p":7.35,"u":"22,27 €/L","img":"https://fd15-photos.leclercdrive.fr/image.ashx?id=2737843&use=l&cat=p&typeid=i","cat":284606},{"id":223850,"n":"Déodorant Spray Femme Narta Anti-Trace Blanche 48h - 200ml","p":3.55,"u":"17,75 €/L","img":"https://fd15-photos.leclercdrive.fr/image.ashx?id=2678589&use=l&cat=p&typeid=i","cat":284595},{"id":223851,"n":"Déodorant Spray Homme 48h Narta Fraîcheur Classique - 200mL","p":3.55,"u":"17,75 €/L","img":"https://fd15-photos.leclercdrive.fr/image.ashx?id=2675511&use=l&cat=p&typeid=i","cat":284618},{"id":223852,"n":"Déodorant Spray Homme Sans Alcool - Anti-transpirant 200ml","p":4.3,"u":"21,50 €/L","img":"https://fd15-photos.leclercdrive.fr/image.ashx?id=2681880&use=l&cat=p&typeid=i","cat":284618},{"id":223853,"n":"Déodorant Spray Femme Narta Fraîcheur Cologne 48h - 200ml","p":3.55,"u":"17,75 €/L","img":"https://fd15-photos.leclercdrive.fr/image.ashx?id=2678592&use=l&cat=p&typeid=i","cat":284595},{"id":223855,"n":"Déodorant Spray Homme 48h Narta Anti-Traces Blanches - 200ml","p":3.55,"u":"17,75 €/L","img":"https://fd15-photos.leclercdrive.fr/image.ashx?id=2681883&use=l&cat=p&typeid=i","cat":284618},{"id":223857,"n":"Déodorant Spray Femme Narta 48h Sans Alcool - 200ML","p":3.55,"u":"17,75 €/L","img":"https://fd15-photos.leclercdrive.fr/image.ashx?id=2680242&use=l&cat=p&typeid=i","cat":284595},{"id":223861,"n":"Couches Pampers Baby Dry Maxi - T2 4-8kg - x136","p":38.66,"u":"0,28 €/P","img":"https://fd15-photos.leclercdrive.fr/image.ashx?id=2685477&use=l&cat=p&typeid=i","cat":284737},{"id":223863,"n":"Couches Pampers Baby-Dry Maxi T4+ - 10-15kg - x94","p":39.35,"u":"0,42 €/P","img":"https://fd15-photos.leclercdrive.fr/image.ashx?id=2685483&use=l&cat=p&typeid=i","cat":284737},{"id":223864,"n":"Couches Pampers Baby dry Maxi T4 - 9-14kg - x106","p":39.35,"u":"0,37 €/P","img":"https://fd15-photos.leclercdrive.fr/image.ashx?id=2685486&use=l&cat=p&typeid=i","cat":284737},{"id":223865,"n":"Couches Pampers Baby dry Maxi T3 - 6-10kg - x124","p":39.45,"u":"0,32 €/P","img":"https://fd15-photos.leclercdrive.fr/image.ashx?id=2685489&use=l&cat=p&typeid=i","cat":284737},{"id":223866,"n":"Couches-culottes Pampers Baby  Dry Maxi - T4 - 9-15kg - x90","p":38.66,"u":"0,43 €/P","img":"https://fd15-photos.leclercdrive.fr/image.ashx?id=2685501&use=l&cat=p&typeid=i","cat":290633},{"id":223883,"n":"Gel cheveux Taft  Effet mouillé - 300ml","p":8.6,"u":"28,67 €/L","img":"https://fd15-photos.leclercdrive.fr/image.ashx?id=2666773&use=l&cat=p&typeid=i","cat":284609},{"id":223885,"n":"Crème de douche Ushuaïa Coco - 300ml","p":3.94,"u":"13,13 €/L","img":"https://fd15-photos.leclercdrive.fr/image.ashx?id=2682303&use=l&cat=p&typeid=i","cat":284594},{"id":223893,"n":"Lingettes de nettoyage Swiffer Wet Jet - x12","p":8.75,"u":"0,73 €/P","img":"https://fd15-photos.leclercdrive.fr/image.ashx?id=2948525&use=l&cat=p&typeid=i","cat":325364},{"id":223916,"n":"Filtres à café Melitta Doux blanc 1x4 - x80","p":5.9,"img":"https://fd15-photos.leclercdrive.fr/image.ashx?id=2667100&use=l&cat=p&typeid=i","cat":284751},{"id":223917,"n":"Filtres à café Melitta Gourmet intense 1x4 - x80","p":4.9,"img":"https://fd15-photos.leclercdrive.fr/image.ashx?id=2882050&use=l&cat=p&typeid=i","cat":284751},{"id":223919,"n":"Papier aluminium Albal 30m","p":5.2,"img":"https://fd15-photos.leclercdrive.fr/image.ashx?id=2667109&use=l&cat=p&typeid=i","cat":285194},{"id":223920,"n":"Film fraîcheur Albal 50m","p":4.79,"img":"https://fd15-photos.leclercdrive.fr/image.ashx?id=2929059&use=l&cat=p&typeid=i","cat":285194},{"id":223922,"n":"Bonbon Fun for all Trolli  1kg","p":9.39,"u":"9,39 €/KG","img":"https://fd15-photos.leclercdrive.fr/image.ashx?id=2890352&use=l&cat=p&typeid=i","cat":304250},{"id":223925,"n":"Riz Long grain Ben's original Vrac 10mn - 1kg","p":6.19,"u":"6,19 €/KG","img":"https://fd15-photos.leclercdrive.fr/image.ashx?id=2990961&use=l&cat=p&typeid=i","cat":284428},{"id":223965,"n":"Ampoule LED Foxter Standard - E27 60W  - Chaud x1","p":3.99,"img":"https://fd15-photos.leclercdrive.fr/image.ashx?id=2670491&use=l&cat=p&typeid=i","cat":300573},{"id":223966,"n":"Ampoule LED Foxter Standard - E27 60W - Froid - x1","p":3.79,"img":"https://fd15-photos.leclercdrive.fr/image.ashx?id=2670494&use=l&cat=p&typeid=i","cat":300573},{"id":223975,"n":"Ampoule LED Foxter Standard - B22 60W - Chaud - x1","p":2.15,"img":"https://fd15-photos.leclercdrive.fr/image.ashx?id=2670482&use=l&cat=p&typeid=i","cat":300573},{"id":224082,"n":"Biscuits croquants Délichoc Chocolat au lait pocket - 250g","p":5.25,"u":"21,00 €/KG","img":"https://fd15-photos.leclercdrive.fr/image.ashx?id=2682192&use=l&cat=p&typeid=i","cat":284488},{"id":224091,"n":"Mascarpone 48%MG Tradizioni d'Italia - 250g","p":3.45,"u":"13,80 €/KG","img":"https://fd15-photos.leclercdrive.fr/image.ashx?id=2667577&use=l&cat=p&typeid=i","cat":314026},{"id":224109,"n":"Ouassous  Crevettes d'eau douce 800g","p":11.9,"u":"14,88 €/KG","img":"https://fd15-photos.leclercdrive.fr/image.ashx?id=2676332&use=l&cat=p&typeid=i","cat":284343},{"id":224110,"n":"Ouassous  Crevettes d'eau douce 800g","p":12.5,"u":"15,63 €/KG","img":"https://fd15-photos.leclercdrive.fr/image.ashx?id=2676335&use=l&cat=p&typeid=i","cat":284343},{"id":224130,"n":"Côtes de porc  1kg","p":6.9,"u":"6,90 €/KG","img":"https://fd15-photos.leclercdrive.fr/image.ashx?id=2676368&use=l&cat=p&typeid=i","cat":284331},{"id":224137,"n":"Côtes de porc  2kg","p":13.5,"u":"6,75 €/KG","img":"https://fd15-photos.leclercdrive.fr/image.ashx?id=2676374&use=l&cat=p&typeid=i","cat":284331},{"id":224138,"n":"Ragoût de porc  1kg","p":3.9,"u":"3,90 €/KG","img":"https://fd15-photos.leclercdrive.fr/image.ashx?id=2676377&use=l&cat=p&typeid=i","cat":284331},{"id":224140,"n":"Bun's jambon ketchup McCain 460g","p":5.89,"u":"12,80 €/KG","img":"https://fd15-photos.leclercdrive.fr/image.ashx?id=2741180&use=l&cat=p&typeid=i","cat":319822},{"id":224141,"n":"Bun's bolognaise McCain 460g","p":6.1,"u":"13,26 €/KG","img":"https://fd15-photos.leclercdrive.fr/image.ashx?id=2750675&use=l&cat=p&typeid=i","cat":319822},{"id":224145,"n":"Ailes de poulet  1kg","p":3.79,"u":"3,79 €/KG","img":"https://fd15-photos.leclercdrive.fr/image.ashx?id=2676386&use=l&cat=p&typeid=i","cat":284336},{"id":224146,"n":"Bun's Raclette McCain 460g","p":9.07,"u":"19,72 €/KG","img":"https://fd15-photos.leclercdrive.fr/image.ashx?id=2750678&use=l&cat=p&typeid=i","cat":319822},{"id":224149,"n":"Cuisses de poulet  10kg","p":24.9,"u":"2,49 €/KG","img":"https://fd15-photos.leclercdrive.fr/image.ashx?id=2676395&use=l&cat=p&typeid=i","cat":284336},{"id":224150,"n":"Cuisses de Poulet  1kg","p":3.99,"u":"3,99 €/KG","img":"https://fd15-photos.leclercdrive.fr/image.ashx?id=2676398&use=l&cat=p&typeid=i","cat":284336},{"id":224154,"n":"Haut de cuisse de Poulet  1kg","p":3.45,"u":"3,45 €/KG","img":"https://fd15-photos.leclercdrive.fr/image.ashx?id=2676410&use=l&cat=p&typeid=i","cat":284336},{"id":224155,"n":"Manchons de poulet  1kg","p":4.15,"u":"4,15 €/KG","img":"https://fd15-photos.leclercdrive.fr/image.ashx?id=2676413&use=l&cat=p&typeid=i","cat":284336},{"id":224156,"n":"Pilons de poulet  1kg","p":3.99,"u":"3,99 €/KG","img":"https://fd15-photos.leclercdrive.fr/image.ashx?id=2676416&use=l&cat=p&typeid=i","cat":284336},{"id":224228,"n":"Cotons maxi carrés Love & Green Bio - Hypoallergéniques - x70","p":4.39,"u":"0,06 €/P","img":"https://fd15-photos.leclercdrive.fr/image.ashx?id=2669289&use=l&cat=p&typeid=i","cat":285593},{"id":224273,"n":"Rasoirs Wilkinson My intuition Hydro silk - x3","p":13.2,"u":"4,40 €/P","img":"https://fd15-photos.leclercdrive.fr/image.ashx?id=2680353&use=l&cat=p&typeid=i","cat":325352},{"id":224292,"n":"Fromage fondu Kiri 8 portions - 144g","p":2.49,"u":"17,29 €/KG","img":"https://fd15-photos.leclercdrive.fr/image.ashx?id=2229440&use=l&cat=p&typeid=i","cat":314030},{"id":224293,"n":"Fromage fondu Kiri 12 portions - 216g","p":3.65,"u":"16,90 €/KG","img":"https://fd15-photos.leclercdrive.fr/image.ashx?id=2229404&use=l&cat=p&typeid=i","cat":314030},{"id":224294,"n":"Fromage fondu Kiri 6 portions - 108g","p":1.99,"u":"18,43 €/KG","img":"https://fd15-photos.leclercdrive.fr/image.ashx?id=2229401&use=l&cat=p&typeid=i","cat":314030},{"id":224296,"n":"Fromage fondu Kiri 18 portions - 324g","p":4.99,"u":"15,40 €/KG","img":"https://fd15-photos.leclercdrive.fr/image.ashx?id=2229386&use=l&cat=p&typeid=i","cat":314030},{"id":224297,"n":"Fromage fondu Kiri Boîte de 10 portions - 180g","p":2.95,"u":"16,39 €/KG","img":"https://fd15-photos.leclercdrive.fr/image.ashx?id=2229446&use=l&cat=p&typeid=i","cat":314030},{"id":224355,"n":"Masque Nutrition Intense Elsève Cheveux très Secs - 310ml","p":9.9,"u":"31,94 €/L","img":"https://fd15-photos.leclercdrive.fr/image.ashx?id=2739312&use=l&cat=p&typeid=i","cat":284608},{"id":224363,"n":"Piles alcalines Eco+ LR03 - x4","p":1.0,"u":"0,25 €/P","img":"https://fd15-photos.leclercdrive.fr/image.ashx?id=2714829&use=l&cat=p&typeid=i","cat":300572},{"id":224364,"n":"Piles alcalines Eco+ LR6 - x4","p":1.0,"u":"0,25 €/P","img":"https://fd15-photos.leclercdrive.fr/image.ashx?id=2714832&use=l&cat=p&typeid=i","cat":300572},{"id":224434,"n":"Yaourt à la grecque Délisse Vanille - 4x150g","p":3.25,"u":"5,42 €/KG","img":"https://fd15-photos.leclercdrive.fr/image.ashx?id=2885143&use=l&cat=p&typeid=i","cat":314999},{"id":224507,"n":"Tasse céramique Avengers Iron Man - Chocolat - 34g","p":6.2,"u":"182,35 €/KG","img":"https://fd15-photos.leclercdrive.fr/image.ashx?id=2671598&use=l&cat=p&typeid=i","cat":327789},{"id":224670,"n":"Eau minérale naturelle Hépar 6x75cl","p":9.79,"u":"2,18 €/L","img":"https://fd15-photos.leclercdrive.fr/image.ashx?id=2673361&use=l&cat=p&typeid=i","cat":284535},{"id":224760,"n":"Infusion Elephant  detox fraicheur x20 - 36g","p":2.44,"u":"67,78 €/KG","img":"https://fd15-photos.leclercdrive.fr/image.ashx?id=2677639&use=l&cat=p&typeid=i","cat":293234},{"id":224763,"n":"Infusion Elephant Pure relaxation - x20 - 32g","p":3.45,"u":"107,81 €/KG","img":"https://fd15-photos.leclercdrive.fr/image.ashx?id=2677636&use=l&cat=p&typeid=i","cat":293234},{"id":224805,"n":"Biscuits Kinder Kinderini Nature et cacao - 250g","p":5.25,"u":"21,00 €/KG","img":"https://fd15-photos.leclercdrive.fr/image.ashx?id=2708372&use=l&cat=p&typeid=i","cat":284488},{"id":224808,"n":"Riz Citron Ben's original  Express 2mn - 220g","p":2.85,"u":"12,95 €/KG","img":"https://fd15-photos.leclercdrive.fr/image.ashx?id=2906442&use=l&cat=p&typeid=i","cat":287600},{"id":224822,"n":"Muesli energie Bjorg Bio - 375g","p":5.99,"u":"15,97 €/KG","img":"https://fd15-photos.leclercdrive.fr/image.ashx?id=2906259&use=l&cat=p&typeid=i","cat":309512},{"id":224825,"n":"Croustillant Bjorg Bio Chocolat intense - 450g","p":5.99,"u":"13,31 €/KG","img":"https://fd15-photos.leclercdrive.fr/image.ashx?id=2939472&use=l&cat=p&typeid=i","cat":309512},{"id":224830,"n":"Riz Complet Ben's original Vrac 12mn - 1kg","p":7.65,"u":"7,65 €/KG","img":"https://fd15-photos.leclercdrive.fr/image.ashx?id=2886307&use=l&cat=p&typeid=i","cat":284428},{"id":224849,"n":"Désinfectant nettoyant Sanytol Pin - 1L","p":4.2,"u":"4,20 €/L","img":"https://fd15-photos.leclercdrive.fr/image.ashx?id=2674581&use=l&cat=p&typeid=i","cat":325357},{"id":224851,"n":"Désinfectant nettoyant Sanytol Fraicheur - 1L","p":4.59,"u":"4,59 €/L","img":"https://fd15-photos.leclercdrive.fr/image.ashx?id=2674584&use=l&cat=p&typeid=i","cat":325357},{"id":224856,"n":"Jus innocent ananas fraise 900ml","p":7.15,"u":"7,94 €/L","img":"https://fd15-photos.leclercdrive.fr/image.ashx?id=2879122&use=l&cat=p&typeid=i","cat":285435},{"id":224858,"n":"Boisson aux fruits innocent Citron et citron vert 750ml","p":3.29,"u":"4,39 €/L","img":"https://fd15-photos.leclercdrive.fr/image.ashx?id=2890391&use=l&cat=p&typeid=i","cat":284354},{"id":224859,"n":"Boisson aux fruits innocent Tropical 750ml","p":3.29,"u":"4,39 €/L","img":"https://fd15-photos.leclercdrive.fr/image.ashx?id=2890394&use=l&cat=p&typeid=i","cat":284354},{"id":224860,"n":"Boisson aux fruits innocent  fruits rouges 750ml","p":3.35,"u":"4,47 €/L","img":"https://fd15-photos.leclercdrive.fr/image.ashx?id=2890388&use=l&cat=p&typeid=i","cat":284354},{"id":224873,"n":"Riz Paella Ben's original Express 2mn - 220g","p":2.85,"u":"12,95 €/KG","img":"https://fd15-photos.leclercdrive.fr/image.ashx?id=2995310&use=l&cat=p&typeid=i","cat":287600},{"id":224874,"n":"Riz Champignons Ben's original Express 2mn - 220g","p":2.25,"u":"10,23 €/KG","img":"https://fd15-photos.leclercdrive.fr/image.ashx?id=2995307&use=l&cat=p&typeid=i","cat":287600},{"id":224876,"n":"Riz Long grain Ben's original  Express 2mn - 220g","p":2.49,"u":"11,32 €/KG","img":"https://fd15-photos.leclercdrive.fr/image.ashx?id=2995298&use=l&cat=p&typeid=i","cat":287600},{"id":224877,"n":"Riz Cantonais Ben's original  Express 2mn - 220g","p":2.85,"u":"12,95 €/KG","img":"https://fd15-photos.leclercdrive.fr/image.ashx?id=2995304&use=l&cat=p&typeid=i","cat":287600},{"id":224879,"n":"Riz Curry Ben's original Express 2mn - 220g","p":2.85,"u":"12,95 €/KG","img":"https://fd15-photos.leclercdrive.fr/image.ashx?id=2906433&use=l&cat=p&typeid=i","cat":287600},{"id":224881,"n":"Risotto Poulet Ben's original  Express 3mn - 250g","p":3.99,"u":"15,96 €/KG","img":"https://fd15-photos.leclercdrive.fr/image.ashx?id=2886124&use=l&cat=p&typeid=i","cat":287600},{"id":224882,"n":"Riz Long grain Ben's original  Sachet cuisson 10mn - 1kg","p":5.55,"u":"5,55 €/KG","img":"https://fd15-photos.leclercdrive.fr/image.ashx?id=2957272&use=l&cat=p&typeid=i","cat":284428},{"id":224888,"n":"Riz Long grain Ben's original Vrac 20mn - 1kg","p":6.05,"u":"6,05 €/KG","img":"https://fd15-photos.leclercdrive.fr/image.ashx?id=2886301&use=l&cat=p&typeid=i","cat":284428},{"id":224916,"n":"Biscuits speculoos Eco+ 600g","p":2.89,"u":"4,82 €/KG","img":"https://fd15-photos.leclercdrive.fr/image.ashx?id=2675058&use=l&cat=p&typeid=i","cat":284487},{"id":224926,"n":"Ketchup Bio Village Bio - 330g","p":2.47,"u":"7,48 €/KG","img":"https://fd15-photos.leclercdrive.fr/image.ashx?id=2958374&use=l&cat=p&typeid=i","cat":284455},{"id":224927,"n":"Boulette oignons bio Cereal Bio  Veggie - 175g","p":4.28,"u":"24,46 €/KG","img":"https://fd15-photos.leclercdrive.fr/image.ashx?id=2675097&use=l&cat=p&typeid=i","cat":284953},{"id":224928,"n":"Boulette barbecue Cereal Bio  Veggie - 175g","p":4.18,"u":"23,89 €/KG","img":"https://fd15-photos.leclercdrive.fr/image.ashx?id=2675094&use=l&cat=p&typeid=i","cat":284953},{"id":224931,"n":"Boisson soja Bjorg Bio Proteines - 1L","p":3.69,"u":"3,69 €/L","img":"https://fd15-photos.leclercdrive.fr/image.ashx?id=2939469&use=l&cat=p&typeid=i","cat":316067},{"id":224933,"n":"Infusions Elephant Coffret découverte x50 - 89g","p":11.9,"pp":10.11,"u":"113,60 €/KG","img":"https://fd15-photos.leclercdrive.fr/image.ashx?id=2834839&use=l&cat=p&typeid=i","cat":293234},{"id":224937,"n":"Plat en morceaux Bledina 200g","p":3.85,"u":"19,25 €/KG","img":"https://fd15-photos.leclercdrive.fr/image.ashx?id=2866298&use=l&cat=p&typeid=i","cat":312239},{"id":224941,"n":"Champagne Veuve Clicquot Brut - 12,5% - 75cl","p":63.75,"u":"85,00 €/L","img":"https://fd15-photos.leclercdrive.fr/image.ashx?id=2675070&use=l&cat=p&typeid=i","cat":284542},{"id":224967,"n":"Gel douche Ushuaïa Lait de coco - 400ml","p":4.19,"u":"10,48 €/L","img":"https://fd15-photos.leclercdrive.fr/image.ashx?id=2680266&use=l&cat=p&typeid=i","cat":284594},{"id":224970,"n":"Camembert Eco+ 240g","p":1.99,"u":"8,29 €/KG","img":"https://fd15-photos.leclercdrive.fr/image.ashx?id=2675036&use=l&cat=p&typeid=i","cat":314033},{"id":224971,"n":"Gel douche Ushuaïa Hydratant - Grenade - 400ml","p":4.19,"u":"10,48 €/L","img":"https://fd15-photos.leclercdrive.fr/image.ashx?id=2680269&use=l&cat=p&typeid=i","cat":284594},{"id":224987,"n":"Lotion Neutrogena visibly clear Désincrustant - 200ml","p":8.55,"u":"42,75 €/L","img":"https://fd15-photos.leclercdrive.fr/image.ashx?id=2795809&use=l&cat=p&typeid=i","cat":284603},{"id":225198,"n":"Nettoyant spray Chanteclair Anticalcaire - 625ml","p":5.5,"u":"8,80 €/L","img":"https://fd15-photos.leclercdrive.fr/image.ashx?id=2677585&use=l&cat=p&typeid=i","cat":325362},{"id":225210,"n":"Infusion Yogi Bio Gingembre Citron  X15 - 30g","p":3.76,"u":"125,33 €/KG","img":"https://fd15-photos.leclercdrive.fr/image.ashx?id=2677498&use=l&cat=p&typeid=i","cat":293234},{"id":225214,"n":"Infusion Yogi bio  Gingembre orange - x15 - 27g","p":4.5,"u":"166,67 €/KG","img":"https://fd15-photos.leclercdrive.fr/image.ashx?id=2677492&use=l&cat=p&typeid=i","cat":293234},{"id":225227,"n":"Complement alimentaire Vitavea Suprabiotique flore intestinale","p":6.15,"u":"0,21 €/P","img":"https://fd15-photos.leclercdrive.fr/image.ashx?id=2890905&use=l&cat=p&typeid=i","cat":313217},{"id":225247,"n":"Pain nature Gerblé   Sans Gluten  - 200g","p":3.5,"u":"17,50 €/KG","img":"https://fd15-photos.leclercdrive.fr/image.ashx?id=2677303&use=l&cat=p&typeid=i","cat":318654},{"id":225248,"n":"Tartine céréales Gerblé  Matin - 125g","p":2.84,"u":"22,72 €/KG","img":"https://fd15-photos.leclercdrive.fr/image.ashx?id=2688866&use=l&cat=p&typeid=i","cat":318651},{"id":225250,"n":"Recettes du Marché Tramier  Marinade Citron & Thym 150g","p":3.3,"u":"22,00 €/KG","img":"https://fd15-photos.leclercdrive.fr/image.ashx?id=2882617&use=l&cat=p&typeid=i","cat":284458},{"id":225252,"n":"Vinaigre de cidre Clovis 50cl","p":8.24,"u":"16,48 €/L","img":"https://fd15-photos.leclercdrive.fr/image.ashx?id=2677258&use=l&cat=p&typeid=i","cat":298543},{"id":225253,"n":"Recettes du Marché Tramier  Marinade Piment & Paprika 150g","p":6.7,"u":"44,67 €/L","img":"https://fd15-photos.leclercdrive.fr/image.ashx?id=2882614&use=l&cat=p&typeid=i","cat":284450},{"id":225255,"n":"Complément alimentaire Juvamine Articulations","p":8.39,"u":"699,17 €/KG","img":"https://fd15-photos.leclercdrive.fr/image.ashx?id=2676663&use=l&cat=p&typeid=i","cat":313217},{"id":225256,"n":"Recettes du Marché Tramier  Basilic Herbes de Provence 150g","p":6.7,"u":"44,67 €/KG","img":"https://fd15-photos.leclercdrive.fr/image.ashx?id=2882611&use=l&cat=p&typeid=i","cat":284450},{"id":225275,"n":"Doomino Chocolat blanc St-Michel - 180g","p":2.65,"u":"14,72 €/KG","img":"https://fd15-photos.leclercdrive.fr/image.ashx?id=2950003&use=l&cat=p&typeid=i","cat":284495},{"id":225277,"n":"Moelleux au chocolat  Bonne maman - 300g","p":5.32,"u":"17,73 €/KG","img":"https://fd15-photos.leclercdrive.fr/image.ashx?id=2936287&use=l&cat=p&typeid=i","cat":284495},{"id":225278,"n":"Petits feuilletés Bonne maman - 250g","p":3.45,"u":"13,80 €/KG","img":"https://fd15-photos.leclercdrive.fr/image.ashx?id=2950012&use=l&cat=p&typeid=i","cat":284488},{"id":225292,"n":"Dessert végétal Charles & Alice Coco citron - 2x110g","p":2.79,"u":"12,68 €/KG","img":"https://fd15-photos.leclercdrive.fr/image.ashx?id=2911357&use=l&cat=p&typeid=i","cat":316071},{"id":225309,"n":"Bière blonde Kronenbourg 4,2° - 30x25cl","p":27.95,"u":"3,73 €/L","img":"https://fd15-photos.leclercdrive.fr/image.ashx?id=2992759&use=l&cat=p&typeid=i","cat":334873},{"id":225313,"n":"Complément alimentaire Juvamine Charbon - x40 - 16g","p":7.3,"u":"456,25 €/KG","img":"https://fd15-photos.leclercdrive.fr/image.ashx?id=2785853&use=l&cat=p&typeid=i","cat":313217},{"id":225323,"n":"Complément alimentaire Vitavea Curcuma intense","p":7.7,"u":"0,26 €/P","img":"https://fd15-photos.leclercdrive.fr/image.ashx?id=2903221&use=l&cat=p&typeid=i","cat":313217},{"id":225342,"n":"Dentifrice Oral-B Pro-Expert Dents sensibles - 3x75ml","p":10.3,"u":"45,78 €/L","img":"https://fd15-photos.leclercdrive.fr/image.ashx?id=2788013&use=l&cat=p&typeid=i","cat":284612},{"id":225440,"n":"Duo de poissons Fleury Michon Riz cuisiné sauce citron - 280g","p":4.99,"u":"17,82 €/KG","img":"https://fd15-photos.leclercdrive.fr/image.ashx?id=3003266&use=l&cat=p&typeid=i","cat":333665},{"id":225441,"n":"Fusilli au poulet Fleury Michon Sauce champignons - 280g","p":4.5,"u":"16,07 €/KG","img":"https://fd15-photos.leclercdrive.fr/image.ashx?id=3003233&use=l&cat=p&typeid=i","cat":333665},{"id":225442,"n":"Jambon purée Fleury Michon à la crème fraîche - 300g","p":4.5,"u":"15,00 €/KG","img":"https://fd15-photos.leclercdrive.fr/image.ashx?id=3003269&use=l&cat=p&typeid=i","cat":333665},{"id":225443,"n":"Risotto Fleury Michon Saint Jacques poireaux - 280g","p":5.99,"u":"21,39 €/KG","img":"https://fd15-photos.leclercdrive.fr/image.ashx?id=3003263&use=l&cat=p&typeid=i","cat":333665},{"id":225461,"n":"Déodorant Bille Homme 48h Narta Anti-traces - 50ml","p":3.55,"u":"71,00 €/L","img":"https://fd15-photos.leclercdrive.fr/image.ashx?id=2681859&use=l&cat=p&typeid=i","cat":284618},{"id":225462,"n":"Déodorant Bille Femme Narta Anti-Transpirant 48h - 50ml","p":4.3,"u":"86,00 €/L","img":"https://fd15-photos.leclercdrive.fr/image.ashx?id=2681862&use=l&cat=p&typeid=i","cat":284595},{"id":225463,"n":"Déodorant Bille Homme 48h Narta Fraîcheur Polaire - 50ml","p":3.55,"u":"71,00 €/L","img":"https://fd15-photos.leclercdrive.fr/image.ashx?id=2681865&use=l&cat=p&typeid=i","cat":284618},{"id":225464,"n":"Déodorant Bille bio Femme Narta Sans Alcool - 50ml","p":3.55,"u":"71,00 €/L","img":"https://fd15-photos.leclercdrive.fr/image.ashx?id=2681868&use=l&cat=p&typeid=i","cat":284595},{"id":225466,"n":"Déodorant Bille Femme Narta Anti-Traces Sans alcool - 50ml","p":3.55,"u":"71,00 €/L","img":"https://fd15-photos.leclercdrive.fr/image.ashx?id=2681874&use=l&cat=p&typeid=i","cat":284595},{"id":225467,"n":"Déodorant Bille Homme 48h Narta Invisible Sans Alcool - 50ml","p":3.55,"u":"71,00 €/L","img":"https://fd15-photos.leclercdrive.fr/image.ashx?id=2681877&use=l&cat=p&typeid=i","cat":284618},{"id":225468,"n":"Déodorant Bille Homme 48h Narta Anti-Traces Blanches - 50ml","p":3.55,"u":"71,00 €/L","img":"https://fd15-photos.leclercdrive.fr/image.ashx?id=2681886&use=l&cat=p&typeid=i","cat":284618},{"id":225472,"n":"Shampooing Head & Shoulders  Menthol fresh - 300ml","p":6.89,"u":"22,97 €/L","img":"https://fd15-photos.leclercdrive.fr/image.ashx?id=2843517&use=l&cat=p&typeid=i","cat":284606},{"id":225483,"n":"Feuilletés au chèvre Soignon La Compagnie Artique x4 - 320g","p":7.45,"u":"23,28 €/KG","img":"https://fd15-photos.leclercdrive.fr/image.ashx?id=2681080&use=l&cat=p&typeid=i","cat":319774},{"id":225608,"n":"Triangolo Fromage enfants vache Les Croisés 8 portions - 140g","p":1.36,"u":"9,71 €/KG","img":"https://fd15-photos.leclercdrive.fr/image.ashx?id=2791917&use=l&cat=p&typeid=i","cat":314030},{"id":225614,"n":"Désinfectant Sanytol Eucalyptus - Multi-usage 500ml","p":3.99,"u":"7,98 €/L","img":"https://fd15-photos.leclercdrive.fr/image.ashx?id=2894800&use=l&cat=p&typeid=i","cat":325357},{"id":225615,"n":"Chips NRT Sel du Morbihan - 125g","p":1.94,"u":"15,52 €/KG","img":"https://fd15-photos.leclercdrive.fr/image.ashx?id=2771432&use=l&cat=p&typeid=i","cat":284447},{"id":225616,"n":"Chips NRT Piment d'espelette - 125g","p":2.15,"u":"17,20 €/KG","img":"https://fd15-photos.leclercdrive.fr/image.ashx?id=2771435&use=l&cat=p&typeid=i","cat":284447},{"id":225618,"n":"Chips NRT Herbes de provence - 125g","p":2.15,"u":"17,20 €/KG","img":"https://fd15-photos.leclercdrive.fr/image.ashx?id=2771438&use=l&cat=p&typeid=i","cat":284447},{"id":225619,"n":"Désinfectant nettoyant Sanytol Multi-surfaces - Eucalyptus 1L","p":3.99,"u":"3,99 €/L","img":"https://fd15-photos.leclercdrive.fr/image.ashx?id=2866319&use=l&cat=p&typeid=i","cat":284907},{"id":225622,"n":"Lingettes optiques - Nettoyant lunettes x52","p":1.65,"u":"0,03 €/P","img":"https://fd15-photos.leclercdrive.fr/image.ashx?id=2681536&use=l&cat=p&typeid=i","cat":288862},{"id":225623,"n":"Lingettes optiques - Nettoyant  lunettes x30","p":1.0,"u":"0,03 €/P","img":"https://fd15-photos.leclercdrive.fr/image.ashx?id=2681539&use=l&cat=p&typeid=i","cat":288862},{"id":225626,"n":"Lingettes bébé Pampers Aqua Harmonie - 3x44","p":9.69,"u":"0,07 €/P","img":"https://fd15-photos.leclercdrive.fr/image.ashx?id=2903848&use=l&cat=p&typeid=i","cat":284738},{"id":225634,"n":"Yaourt brassé Velouté Fruix  Fruits rouges - 16x125g","p":7.8,"u":"3,90 €/KG","img":"https://fd15-photos.leclercdrive.fr/image.ashx?id=2201207&use=l&cat=p&typeid=i","cat":284410},{"id":225643,"n":"Sirop Monin Vanille expérience - 33cl","p":3.95,"u":"11,97 €/L","img":"https://fd15-photos.leclercdrive.fr/image.ashx?id=2682941&use=l&cat=p&typeid=i","cat":295020},{"id":225645,"n":"Crêpes au caramel Whaou x8 - 256g","p":3.75,"u":"14,65 €/KG","img":"https://fd15-photos.leclercdrive.fr/image.ashx?id=2962869&use=l&cat=p&typeid=i","cat":284494},{"id":225647,"n":"Maïs Géant Vert extra tendre sans résidu pesticides - 3x140g","p":3.94,"u":"9,38 €/KG","img":"https://fd15-photos.leclercdrive.fr/image.ashx?id=2977366&use=l&cat=p&typeid=i","cat":312611},{"id":225651,"n":"Cônes Extrême Nestlé Chocolat x4 - 284g","p":4.59,"u":"16,16 €/KG","img":"https://fd15-photos.leclercdrive.fr/image.ashx?id=2694674&use=l&cat=p&typeid=i","cat":284264},{"id":225652,"n":"Cônes Extrême Nestlé Vanille x4 - 284g","p":4.69,"u":"16,51 €/KG","img":"https://fd15-photos.leclercdrive.fr/image.ashx?id=2695295&use=l&cat=p&typeid=i","cat":284264},{"id":225655,"n":"Huile d'olive Terra Delyssa Vierge extra - 75cl","p":12.89,"u":"17,19 €/L","img":"https://fd15-photos.leclercdrive.fr/image.ashx?id=2686153&use=l&cat=p&typeid=i","cat":284453},{"id":225657,"n":"Mon Huile d'Olive Tramier  Subtile 1l","p":8.8,"u":"8,80 €/L","img":"https://fd15-photos.leclercdrive.fr/image.ashx?id=2834047&use=l&cat=p&typeid=i","cat":284453},{"id":225662,"n":"Purée lisse petits pois Yooji Bio - 4 mois - 400g","p":4.89,"u":"12,23 €/KG","img":"https://fd15-photos.leclercdrive.fr/image.ashx?id=2683187&use=l&cat=p&typeid=i","cat":319805},{"id":225663,"n":"Yakitoris au poulet Tables du Monde x8 - 210g","p":5.99,"u":"28,52 €/KG","img":"https://fd15-photos.leclercdrive.fr/image.ashx?id=2682015&use=l&cat=p&typeid=i","cat":319774},{"id":225666,"n":"Brochettes boeuf fromage Tables du Monde x6 - 226g","p":8.2,"u":"36,28 €/KG","img":"https://fd15-photos.leclercdrive.fr/image.ashx?id=2682021&use=l&cat=p&typeid=i","cat":319774},{"id":225703,"n":"Aérosol répulsif Raid Moustiques - 300ml","p":4.95,"u":"16,50 €/L","img":"https://fd15-photos.leclercdrive.fr/image.ashx?id=2736385&use=l&cat=p&typeid=i","cat":298368},{"id":225704,"n":"Recharge électrique Raid Liquide - 32ml - 45 nuits x1","p":7.6,"img":"https://fd15-photos.leclercdrive.fr/image.ashx?id=2788850&use=l&cat=p&typeid=i","cat":298368},{"id":225706,"n":"Aérosol répulsif Raid Fourmis et cafards - 300ml","p":5.5,"u":"18,33 €/L","img":"https://fd15-photos.leclercdrive.fr/image.ashx?id=2736382&use=l&cat=p&typeid=i","cat":298368},{"id":225711,"n":"Infusion Yogi Relaxation Bio - x15 - 27g","p":4.5,"u":"166,67 €/KG","img":"https://fd15-photos.leclercdrive.fr/image.ashx?id=2683193&use=l&cat=p&typeid=i","cat":293234},{"id":225712,"n":"Infusion Yogi Bio Défenses immunitaires x15 - 30g","p":4.5,"u":"150,00 €/KG","img":"https://fd15-photos.leclercdrive.fr/image.ashx?id=2683196&use=l&cat=p&typeid=i","cat":293234},{"id":225714,"n":"Infusion Yogi Bio Elixir pour la gorge x15 - 27g","p":3.85,"u":"142,59 €/KG","img":"https://fd15-photos.leclercdrive.fr/image.ashx?id=2683199&use=l&cat=p&typeid=i","cat":293234},{"id":225717,"n":"Infusion Yogi Bio Curcuma gingembre - x15 - 30g","p":4.5,"u":"150,00 €/KG","img":"https://fd15-photos.leclercdrive.fr/image.ashx?id=2683202&use=l&cat=p&typeid=i","cat":293234},{"id":225743,"n":"Coloration Permanente Garnier Color Sensation 1.0 Noir","p":6.95,"img":"https://fd15-photos.leclercdrive.fr/image.ashx?id=2684254&use=l&cat=p&typeid=i","cat":288899},{"id":225744,"n":"Coloration Permanente Garnier 2.10 Noir Bleuté","p":6.95,"img":"https://fd15-photos.leclercdrive.fr/image.ashx?id=2684242&use=l&cat=p&typeid=i","cat":288899},{"id":225747,"n":"Coloration Permanente Garnier 5.35 Châtain Clair Cannelle","p":6.95,"img":"https://fd15-photos.leclercdrive.fr/image.ashx?id=2684251&use=l&cat=p&typeid=i","cat":288899},{"id":225749,"n":"Masque Lissant Ultra Doux Eau de Riz - 340ml","p":9.55,"u":"28,09 €/L","img":"https://fd15-photos.leclercdrive.fr/image.ashx?id=2684233&use=l&cat=p&typeid=i","cat":284608},{"id":225751,"n":"Shampoing Lissant Ultra Doux Cheveux longs - 250ml","p":4.55,"u":"18,20 €/L","img":"https://fd15-photos.leclercdrive.fr/image.ashx?id=2684236&use=l&cat=p&typeid=i","cat":284606},{"id":225752,"n":"Après-shampooing Garnier Ultra Doux - Eau de riz - 200ml","p":4.55,"u":"22,75 €/L","img":"https://fd15-photos.leclercdrive.fr/image.ashx?id=2684239&use=l&cat=p&typeid=i","cat":284607},{"id":225755,"n":"Crème dépilatoire Veet Men Peaux sensibles - 400ml","p":12.0,"u":"30,00 €/L","img":"https://fd15-photos.leclercdrive.fr/image.ashx?id=2785448&use=l&cat=p&typeid=i","cat":284617},{"id":225768,"n":"Protèges-slips Eco+ A plat -  Normal - x50","p":1.25,"u":"0,03 €/P","img":"https://fd15-photos.leclercdrive.fr/image.ashx?id=2824745&use=l&cat=p&typeid=i","cat":284625},{"id":225769,"n":"Change culottes Mots d'enfants T7 - 17kg - x15","p":4.99,"u":"0,33 €/P","img":"https://fd15-photos.leclercdrive.fr/image.ashx?id=2907249&use=l&cat=p&typeid=i","cat":290633},{"id":225770,"n":"Filtres à café Plantation N°2 - x80","p":1.9,"u":"0,02 €/P","img":"https://fd15-photos.leclercdrive.fr/image.ashx?id=2756940&use=l&cat=p&typeid=i","cat":284751},{"id":225771,"n":"Disque à démaquiller Inell Lavables - x5","p":5.47,"u":"1,09 €/P","img":"https://fd15-photos.leclercdrive.fr/image.ashx?id=2683496&use=l&cat=p&typeid=i","cat":285593},{"id":225773,"n":"Mouchoirs Lotus Sensitive - x110","p":3.59,"u":"0,03 €/P","img":"https://fd15-photos.leclercdrive.fr/image.ashx?id=2684296&use=l&cat=p&typeid=i","cat":284638},{"id":225784,"n":"Bandes de cire Veet Pure Froide - Aisselles - x16","p":8.15,"u":"0,51 €/P","img":"https://fd15-photos.leclercdrive.fr/image.ashx?id=2970795&use=l&cat=p&typeid=i","cat":325351},{"id":225785,"n":"Bandes de cire Veet Pure Jambes - x20","p":6.64,"u":"0,33 €/P","img":"https://fd15-photos.leclercdrive.fr/image.ashx?id=2964956&use=l&cat=p&typeid=i","cat":325351},{"id":225788,"n":"Recharge savon Dettol Karité - 250ml","p":5.09,"u":"20,36 €/L","img":"https://fd15-photos.leclercdrive.fr/image.ashx?id=2969016&use=l&cat=p&typeid=i","cat":284597},{"id":225819,"n":"Canderel liquide 200 ml","p":5.0,"u":"25,00 €/L","img":"https://fd15-photos.leclercdrive.fr/image.ashx?id=2812828&use=l&cat=p&typeid=i","cat":324846},{"id":225931,"n":"Tuiles Monster Munch  Crazy barbecue - 150g","p":3.95,"u":"26,33 €/KG","img":"https://fd15-photos.leclercdrive.fr/image.ashx?id=2923993&use=l&cat=p&typeid=i","cat":287899},{"id":225933,"n":"Jus d'orange avec pulpe Montebelo - 1L","p":3.89,"u":"3,89 €/L","img":"https://fd15-photos.leclercdrive.fr/image.ashx?id=2743502&use=l&cat=p&typeid=i","cat":284354},{"id":225936,"n":"Jus d'orange sans pulpe Montebelo - 1L","p":3.19,"u":"3,19 €/L","img":"https://fd15-photos.leclercdrive.fr/image.ashx?id=2743505&use=l&cat=p&typeid=i","cat":284354},{"id":225937,"n":"Citronnade duo de citrons Montebelo - 1L","p":2.19,"u":"2,19 €/L","img":"https://fd15-photos.leclercdrive.fr/image.ashx?id=2743523&use=l&cat=p&typeid=i","cat":284354},{"id":225939,"n":"Jus d'orange maracuja Montebelo - 1L","p":3.69,"u":"3,69 €/L","img":"https://fd15-photos.leclercdrive.fr/image.ashx?id=2896381&use=l&cat=p&typeid=i","cat":284354},{"id":225941,"n":"Jus de mangue ananas Montebelo  Citron vert 1L","p":3.69,"u":"3,69 €/L","img":"https://fd15-photos.leclercdrive.fr/image.ashx?id=2903668&use=l&cat=p&typeid=i","cat":284354},{"id":225943,"n":"Jus d'orange eau de coco mangue Montebelo - 1L","p":3.69,"u":"3,69 €/L","img":"https://fd15-photos.leclercdrive.fr/image.ashx?id=2903671&use=l&cat=p&typeid=i","cat":284354},{"id":225945,"n":"Boisson Gazeuse Maison Perrier Magnetic Juice Citron 4x25cl","p":4.84,"u":"4,84 €/L","img":"https://fd15-photos.leclercdrive.fr/image.ashx?id=2924884&use=l&cat=p&typeid=i","cat":284536},{"id":225947,"n":"Bière blonde 1664 5,5° 24x25cl","p":29.99,"u":"5,00 €/L","img":"https://fd15-photos.leclercdrive.fr/image.ashx?id=2686597&use=l&cat=p&typeid=i","cat":334873},{"id":226006,"n":"Cracky's soufflés de maïs Crème oignon Menguy's - 180g","p":2.09,"u":"11,61 €/KG","img":"https://fd15-photos.leclercdrive.fr/image.ashx?id=2845386&use=l&cat=p&typeid=i","cat":284449},{"id":226036,"n":"Parfum de linge Lenor Unstoppable aérien x19 235g","p":11.15,"u":"47,45 €/KG","img":"https://fd15-photos.leclercdrive.fr/image.ashx?id=2863018&use=l&cat=p&typeid=i","cat":325302},{"id":226058,"n":"Emincés de poulet à la normande Marie - 300g","p":4.67,"u":"15,57 €/KG","img":"https://fd15-photos.leclercdrive.fr/image.ashx?id=2686825&use=l&cat=p&typeid=i","cat":333665},{"id":226059,"n":"Spaghetti à la bolognaise Marie - 300g","p":4.6,"u":"15,33 €/KG","img":"https://fd15-photos.leclercdrive.fr/image.ashx?id=2686828&use=l&cat=p&typeid=i","cat":333665},{"id":226063,"n":"Spaghetti au poulet et pesto WW - 290g","p":4.55,"u":"15,69 €/KG","img":"https://fd15-photos.leclercdrive.fr/image.ashx?id=2880733&use=l&cat=p&typeid=i","cat":333665},{"id":226110,"n":"Rollino Balconi Noisette - 222g","p":2.34,"u":"10,54 €/KG","img":"https://fd15-photos.leclercdrive.fr/image.ashx?id=2922206&use=l&cat=p&typeid=i","cat":284495},{"id":226111,"n":"Muesli  Grainea Chocolat noir - 500g","p":3.28,"u":"6,56 €/KG","img":"https://fd15-photos.leclercdrive.fr/image.ashx?id=2931859&use=l&cat=p&typeid=i","cat":309512},{"id":226112,"n":"Marbré chocolat Ker Cadelac Pepites de chocolat - 475g","p":3.74,"u":"7,87 €/KG","img":"https://fd15-photos.leclercdrive.fr/image.ashx?id=2687878&use=l&cat=p&typeid=i","cat":294776},{"id":226113,"n":"Brioches Pitch Pépites de chocolats -300g","p":3.65,"u":"12,17 €/KG","img":"https://fd15-photos.leclercdrive.fr/image.ashx?id=2687872&use=l&cat=p&typeid=i","cat":293505},{"id":226115,"n":"Gourde compotes Pom'potes 5 fruits jaunes - 4x90g","p":3.54,"u":"9,83 €/KG","img":"https://fd15-photos.leclercdrive.fr/image.ashx?id=2991825&use=l&cat=p&typeid=i","cat":284508},{"id":226122,"n":"Biscuits Delacre Cigarettes Russes - 230g","p":2.45,"u":"10,65 €/KG","img":"https://fd15-photos.leclercdrive.fr/image.ashx?id=2688833&use=l&cat=p&typeid=i","cat":284490},{"id":226135,"n":"Adoucissant liquide Lenor Jasmin & rose - 840ml","p":6.03,"u":"7,18 €/L","img":"https://fd15-photos.leclercdrive.fr/image.ashx?id=2690141&use=l&cat=p&typeid=i","cat":284650},{"id":226141,"n":"Purée lisse Bio Yooji Patate douce - Dès 4 mois 400g","p":5.2,"u":"13,00 €/KG","img":"https://fd15-photos.leclercdrive.fr/image.ashx?id=2689246&use=l&cat=p&typeid=i","cat":290631},{"id":226142,"n":"Purée lisse bébé Yooji Potiron Bio - 4 mois - 400g","p":4.75,"u":"11,88 €/KG","img":"https://fd15-photos.leclercdrive.fr/image.ashx?id=2689243&use=l&cat=p&typeid=i","cat":290631},{"id":226210,"n":"Compote Materne Pomme Pêche Rhône-Alpes - 400g","p":1.99,"u":"4,98 €/KG","img":"https://fd15-photos.leclercdrive.fr/image.ashx?id=3003119&use=l&cat=p&typeid=i","cat":284416},{"id":226236,"n":"Lessive Bébé Persavon Amande douce Bio - x30 - 1.5L","p":10.9,"u":"7,27 €/L","img":"https://fd15-photos.leclercdrive.fr/image.ashx?id=2691552&use=l&cat=p&typeid=i","cat":284640},{"id":226250,"n":"Pizza 4 Fromages grandissima Ristorante - 560g","p":6.3,"u":"11,25 €/KG","img":"https://fd15-photos.leclercdrive.fr/image.ashx?id=2993083&use=l&cat=p&typeid=i","cat":284256},{"id":226258,"n":"Bavoir manche Mots d'enfant Chiens marine - 6-18 mois - x1","p":4.83,"img":"https://fd15-photos.leclercdrive.fr/image.ashx?id=2691757&use=l&cat=p&typeid=i","cat":289435},{"id":226259,"n":"Bavoir manche Mots d'enfant Ecureuil rose - 6-18 mois - x1","p":4.83,"img":"https://fd15-photos.leclercdrive.fr/image.ashx?id=2691760&use=l&cat=p&typeid=i","cat":289435},{"id":226260,"n":"Bavoir manche Mots d'enfant Crayon coeur rose - 6-18 mois","p":10.9,"img":"https://fd15-photos.leclercdrive.fr/image.ashx?id=2691763&use=l&cat=p&typeid=i","cat":289435},{"id":226268,"n":"Bavoir manche Mots d'enfant Feuilles roses - 6-18 mois - x1","p":5.9,"img":"https://fd15-photos.leclercdrive.fr/image.ashx?id=2691751&use=l&cat=p&typeid=i","cat":289435},{"id":226295,"n":"Purée amandes Rigoni di Asiago Bio - 220g","p":9.99,"u":"45,41 €/KG","img":"https://fd15-photos.leclercdrive.fr/image.ashx?id=2966791&use=l&cat=p&typeid=i","cat":284481},{"id":226296,"n":"Biscuit Flammekueche Savour 100g","p":2.15,"u":"21,50 €/L","img":"https://fd15-photos.leclercdrive.fr/image.ashx?id=2781889&use=l&cat=p&typeid=i","cat":297000},{"id":226307,"n":"Biscuits Savour Chorizo - 100g","p":1.99,"u":"19,90 €/KG","img":"https://fd15-photos.leclercdrive.fr/image.ashx?id=2781883&use=l&cat=p&typeid=i","cat":297000},{"id":226313,"n":"Purée d'amande bio Jardin Bio 170g","p":11.3,"u":"66,47 €/KG","img":"https://fd15-photos.leclercdrive.fr/image.ashx?id=2692533&use=l&cat=p&typeid=i","cat":284481},{"id":226324,"n":"Sauce Nos Régions ont du Talent Marmande boeuf - 300g","p":2.99,"u":"9,97 €/KG","img":"https://fd15-photos.leclercdrive.fr/image.ashx?id=2691537&use=l&cat=p&typeid=i","cat":288384},{"id":226327,"n":"Sauce Nos Régions ont du Talent Marmande oignon ail - 300g","p":2.25,"u":"7,50 €/KG","img":"https://fd15-photos.leclercdrive.fr/image.ashx?id=2954172&use=l&cat=p&typeid=i","cat":288384},{"id":226334,"n":"Vinaigre de cidre breton NRT - 75cl","p":1.99,"u":"2,65 €/L","img":"https://fd15-photos.leclercdrive.fr/image.ashx?id=2856630&use=l&cat=p&typeid=i","cat":298543},{"id":226342,"n":"Goupillon brosse Mots d'enfant Gris - x1","p":3.9,"img":"https://fd15-photos.leclercdrive.fr/image.ashx?id=2691866&use=l&cat=p&typeid=i","cat":284742},{"id":226346,"n":"Boisson Gazeuse Maison Perrier Forever Gingembre Citron 1L","p":1.79,"u":"1,79 €/L","img":"https://fd15-photos.leclercdrive.fr/image.ashx?id=2692818&use=l&cat=p&typeid=i","cat":284536},{"id":226348,"n":"Céréales P'tit Déli Caramel & Chocolat - 400g","p":2.44,"u":"6,10 €/KG","img":"https://fd15-photos.leclercdrive.fr/image.ashx?id=2691528&use=l&cat=p&typeid=i","cat":309513},{"id":226349,"n":"Boisson Gazeuse Maison Perrier Chic Citrus Fizz 4x25cl","p":4.84,"u":"4,84 €/L","img":"https://fd15-photos.leclercdrive.fr/image.ashx?id=2841595&use=l&cat=p&typeid=i","cat":284536},{"id":226350,"n":"Boisson Gazeuse Maison Perrier Chic Lemonjito 4x25cl","p":4.84,"u":"4,84 €/L","img":"https://fd15-photos.leclercdrive.fr/image.ashx?id=2692809&use=l&cat=p&typeid=i","cat":284536},{"id":226398,"n":"Céréales Eco+ Caramel cacao - 750g","p":4.35,"u":"5,80 €/KG","img":"https://fd15-photos.leclercdrive.fr/image.ashx?id=2691559&use=l&cat=p&typeid=i","cat":309513},{"id":226402,"n":"Lentilles Bonduelle - 265g","p":2.15,"u":"8,11 €/KG","img":"https://fd15-photos.leclercdrive.fr/image.ashx?id=2691992&use=l&cat=p&typeid=i","cat":312609},{"id":226403,"n":"Confiture Saint Mamet Myrtille - 310g","p":4.35,"u":"14,03 €/KG","img":"https://fd15-photos.leclercdrive.fr/image.ashx?id=2775526&use=l&cat=p&typeid=i","cat":284480},{"id":226406,"n":"Confiture Saint Mamet 310g","p":2.99,"u":"9,65 €/KG","img":"https://fd15-photos.leclercdrive.fr/image.ashx?id=2775416&use=l&cat=p&typeid=i","cat":284480},{"id":226411,"n":"Filets  maquereaux Petit Navire 95g","p":3.35,"u":"35,26 €/KG","img":"https://fd15-photos.leclercdrive.fr/image.ashx?id=2693470&use=l&cat=p&typeid=i","cat":303868},{"id":226420,"n":"Huile d'olive Terra Delyssa Bio - 75cl","p":12.59,"u":"16,79 €/L","img":"https://fd15-photos.leclercdrive.fr/image.ashx?id=2854963&use=l&cat=p&typeid=i","cat":284453},{"id":226430,"n":"Café grains Plantation Pérou pur arabica - 500g","p":11.9,"u":"23,80 €/KG","img":"https://fd15-photos.leclercdrive.fr/image.ashx?id=2824313&use=l&cat=p&typeid=i","cat":293237},{"id":226443,"n":"Miel Tradition 1912 200g","p":3.2,"u":"16,00 €/KG","img":"https://fd15-photos.leclercdrive.fr/image.ashx?id=2803763&use=l&cat=p&typeid=i","cat":287643},{"id":226449,"n":"Lait de coco Eco+ 200ml","p":0.85,"u":"4,25 €/L","img":"https://fd15-photos.leclercdrive.fr/image.ashx?id=2691790&use=l&cat=p&typeid=i","cat":288992},{"id":226452,"n":"Madeleines Ker Cadelac x27 - 445g","p":3.69,"u":"8,29 €/KG","img":"https://fd15-photos.leclercdrive.fr/image.ashx?id=2745658&use=l&cat=p&typeid=i","cat":284492},{"id":226453,"n":"Madeleines longues Le Ster Chocolat noisettes x20 - 250g","p":2.6,"u":"10,40 €/KG","img":"https://fd15-photos.leclercdrive.fr/image.ashx?id=2962578&use=l&cat=p&typeid=i","cat":284492},{"id":226460,"n":"Madeleines Ker Cadelac Extra moelleuses - 800g","p":6.5,"u":"8,13 €/KG","img":"https://fd15-photos.leclercdrive.fr/image.ashx?id=2693575&use=l&cat=p&typeid=i","cat":284492},{"id":226462,"n":"Gateau yaourt marbré Le Ster Chocolat - 480g","p":4.29,"u":"8,94 €/KG","img":"https://fd15-photos.leclercdrive.fr/image.ashx?id=2986365&use=l&cat=p&typeid=i","cat":294776},{"id":226465,"n":"Gâteau au fromage blanc Le Ster Pépites de chocolat 500g","p":4.99,"u":"9,98 €/KG","img":"https://fd15-photos.leclercdrive.fr/image.ashx?id=2716246&use=l&cat=p&typeid=i","cat":294776},{"id":226466,"n":"Quatre quarts Le Ster 500g","p":6.66,"u":"13,32 €/KG","img":"https://fd15-photos.leclercdrive.fr/image.ashx?id=2970939&use=l&cat=p&typeid=i","cat":294776},{"id":226484,"n":"Cookies Crunchy Kinder Pépites au cacao et lait - 136g","p":3.95,"u":"29,04 €/KG","img":"https://fd15-photos.leclercdrive.fr/image.ashx?id=2691995&use=l&cat=p&typeid=i","cat":325066},{"id":226489,"n":"Speculoos Lotus Biscoff 8x125g","p":8.96,"u":"8,96 €/KG","img":"https://fd15-photos.leclercdrive.fr/image.ashx?id=2861749&use=l&cat=p&typeid=i","cat":284487},{"id":226496,"n":"Biscuit Lotus Biscoff Speculoos Original Pocket 186g (12x2p)","p":2.25,"u":"12,10 €/KG","img":"https://fd15-photos.leclercdrive.fr/image.ashx?id=2695004&use=l&cat=p&typeid=i","cat":284487},{"id":226522,"n":"Déodorant aérosol Dove Invisible dry - 2x200ml","p":8.75,"u":"21,88 €/L","img":"https://fd15-photos.leclercdrive.fr/image.ashx?id=2838833&use=l&cat=p&typeid=i","cat":284595},{"id":226523,"n":"Bisuits roudor Saint Michel 150g","p":2.3,"u":"15,33 €/KG","img":"https://fd15-photos.leclercdrive.fr/image.ashx?id=3001982&use=l&cat=p&typeid=i","cat":284487},{"id":226524,"n":"Déodorant aérosol Dove Original - 2x200ml","p":8.75,"u":"21,88 €/L","img":"https://fd15-photos.leclercdrive.fr/image.ashx?id=2838836&use=l&cat=p&typeid=i","cat":284595},{"id":226534,"n":"Huile de tournesol Tramier  1L","p":7.65,"u":"7,65 €/L","img":"https://fd15-photos.leclercdrive.fr/image.ashx?id=2695097&use=l&cat=p&typeid=i","cat":284453},{"id":226538,"n":"Huile d'olive Terra Delyssa Vierge extra - 75cl","p":11.79,"u":"15,72 €/L","img":"https://fd15-photos.leclercdrive.fr/image.ashx?id=2849256&use=l&cat=p&typeid=i","cat":284453},{"id":226554,"n":"Petit déjeuner Gullon Avoine Fourrage Chocolat 220g","p":3.15,"u":"14,32 €/KG","img":"https://fd15-photos.leclercdrive.fr/image.ashx?id=2698102&use=l&cat=p&typeid=i","cat":318651},{"id":226570,"n":"Gouter fourré Gullon Mega duo - 500g","p":2.69,"u":"5,38 €/KG","img":"https://fd15-photos.leclercdrive.fr/image.ashx?id=2698951&use=l&cat=p&typeid=i","cat":284488},{"id":226583,"n":"Boisson gazeuse Maison Perrier Magnetic Juice Fraise 4x25cl","p":4.84,"u":"4,84 €/L","img":"https://fd15-photos.leclercdrive.fr/image.ashx?id=2887314&use=l&cat=p&typeid=i","cat":284536},{"id":226585,"n":"Panaché Falsbourg 33cl","p":0.7,"u":"2,12 €/L","img":"https://fd15-photos.leclercdrive.fr/image.ashx?id=2692016&use=l&cat=p&typeid=i","cat":334877},{"id":226593,"n":"Croustis chèvres Soignon 100g","p":2.75,"u":"27,50 €/KG","img":"https://fd15-photos.leclercdrive.fr/image.ashx?id=2769729&use=l&cat=p&typeid=i","cat":314027},{"id":226624,"n":"Biberon col large Serenity+ Nuk 150ml","p":7.9,"img":"https://fd15-photos.leclercdrive.fr/image.ashx?id=2694536&use=l&cat=p&typeid=i","cat":284742},{"id":226627,"n":"Biberon col large Serenity+ Nuk Verre - Blanc - 120ml","p":7.9,"img":"https://fd15-photos.leclercdrive.fr/image.ashx?id=2694551&use=l&cat=p&typeid=i","cat":284742},{"id":226629,"n":"Biberon col large Serenity+ Nuk Verre - Multicolore - 240ml","p":9.9,"img":"https://fd15-photos.leclercdrive.fr/image.ashx?id=2694539&use=l&cat=p&typeid=i","cat":284742},{"id":226637,"n":"Biberon col large Serenity Nuk Avion - 250ml","p":6.9,"img":"https://fd15-photos.leclercdrive.fr/image.ashx?id=2694533&use=l&cat=p&typeid=i","cat":284742},{"id":226641,"n":"Réhausseur de chaise Tigex Taupe - x1","p":32.9,"img":"https://fd15-photos.leclercdrive.fr/image.ashx?id=2694524&use=l&cat=p&typeid=i","cat":289435},{"id":226657,"n":"Boisson Gazeuse Maison Perrier Forever Citron 1L","p":1.8,"u":"1,80 €/L","img":"https://fd15-photos.leclercdrive.fr/image.ashx?id=2887311&use=l&cat=p&typeid=i","cat":284536},{"id":226659,"n":"Boisson Gazeuse Maison Perrier Forever Orange 1L","p":1.8,"u":"1,80 €/L","img":"https://fd15-photos.leclercdrive.fr/image.ashx?id=2695106&use=l&cat=p&typeid=i","cat":284536},{"id":226661,"n":"Boisson Gazeuse Maison Perrier Forever Menthe 1L","p":1.5,"u":"1,50 €/L","img":"https://fd15-photos.leclercdrive.fr/image.ashx?id=2695112&use=l&cat=p&typeid=i","cat":284536},{"id":226662,"n":"Sac cabas en toile de jute Bleu -x1","p":2.99,"img":"https://fd15-photos.leclercdrive.fr/image.ashx?id=2693102&use=l&cat=p&typeid=i","cat":313597},{"id":226664,"n":"Boisson Gazeuse Maison Perrier Forever Citron Vert 6x50cl","p":5.2,"u":"1,73 €/L","img":"https://fd15-photos.leclercdrive.fr/image.ashx?id=2695109&use=l&cat=p&typeid=i","cat":284536},{"id":226665,"n":"Sac cabas en toile de jute Vert - x1","p":2.99,"img":"https://fd15-photos.leclercdrive.fr/image.ashx?id=2693105&use=l&cat=p&typeid=i","cat":313597},{"id":226666,"n":"Sac cabas en toile de jute Rose - x1","p":2.99,"img":"https://fd15-photos.leclercdrive.fr/image.ashx?id=2693108&use=l&cat=p&typeid=i","cat":313597},{"id":226671,"n":"Shampoing Fortifiant Dop Aux œufs sans silicone - 400ml","p":3.6,"u":"9,00 €/L","img":"https://fd15-photos.leclercdrive.fr/image.ashx?id=2704101&use=l&cat=p&typeid=i","cat":284606},{"id":226672,"n":"Shampoing Antipelliculaire Dop Sans silicone - 400ml","p":3.5,"u":"8,75 €/L","img":"https://fd15-photos.leclercdrive.fr/image.ashx?id=2704104&use=l&cat=p&typeid=i","cat":284606},{"id":226673,"n":"Shampoing Nourrissant 2en1 Dop Cheveux secs ou bouclés - 400ml","p":3.6,"u":"9,00 €/L","img":"https://fd15-photos.leclercdrive.fr/image.ashx?id=2871976&use=l&cat=p&typeid=i","cat":284606},{"id":226675,"n":"Shampoing brillance Dop Aux vitamines - 400ml","p":3.5,"u":"8,75 €/L","img":"https://fd15-photos.leclercdrive.fr/image.ashx?id=2704113&use=l&cat=p&typeid=i","cat":284606},{"id":226736,"n":"Capsules lave-vaisselle Fairy  Platinium+ Citron x39 - 481g","p":19.2,"u":"39,92 €/KG","img":"https://fd15-photos.leclercdrive.fr/image.ashx?id=2695142&use=l&cat=p&typeid=i","cat":284656},{"id":226739,"n":"Capsules lave-vaiselle Fairy  Tout en 1 Original x56 - 581g","p":26.65,"u":"45,87 €/KG","img":"https://fd15-photos.leclercdrive.fr/image.ashx?id=2737870&use=l&cat=p&typeid=i","cat":284656},{"id":226776,"n":"Thé noir fruits rouges Lipton 20 sachets - 30g","p":2.99,"u":"99,67 €/KG","img":"https://fd15-photos.leclercdrive.fr/image.ashx?id=2695359&use=l&cat=p&typeid=i","cat":293233},{"id":226777,"n":"Thé noir vanille et caramel 20 sachets - 34g","p":2.99,"u":"87,94 €/KG","img":"https://fd15-photos.leclercdrive.fr/image.ashx?id=2736703&use=l&cat=p&typeid=i","cat":293233},{"id":226778,"n":"Thé noir orange Lipton 20 sachets - 34g","p":2.99,"u":"87,94 €/KG","img":"https://fd15-photos.leclercdrive.fr/image.ashx?id=2695371&use=l&cat=p&typeid=i","cat":293233},{"id":226781,"n":"Thé noir pêche mangue Lipton 20 sachets - 34g","p":2.99,"u":"87,94 €/KG","img":"https://fd15-photos.leclercdrive.fr/image.ashx?id=2695362&use=l&cat=p&typeid=i","cat":293233},{"id":226797,"n":"Parfum de linge billes Lenor  Bouquet floral - x19 doses","p":11.4,"u":"48,51 €/KG","img":"https://fd15-photos.leclercdrive.fr/image.ashx?id=2839454&use=l&cat=p&typeid=i","cat":325302},{"id":226799,"n":"Parfum de linge billes Lenor Envolée d'air - x19 doses","p":12.05,"u":"51,28 €/KG","img":"https://fd15-photos.leclercdrive.fr/image.ashx?id=2839460&use=l&cat=p&typeid=i","cat":325302},{"id":226801,"n":"Parfum de linge billes Lenor  Jasmin Rose de mai x19 doses","p":11.4,"u":"48,51 €/KG","img":"https://fd15-photos.leclercdrive.fr/image.ashx?id=2841598&use=l&cat=p&typeid=i","cat":325302},{"id":226805,"n":"Glace cone Extreme  Fraise vanille x4 - 284g","p":4.59,"u":"16,16 €/KG","img":"https://fd15-photos.leclercdrive.fr/image.ashx?id=2694680&use=l&cat=p&typeid=i","cat":284264},{"id":226806,"n":"Liquide de rinçage Sun Brillance - 500ml","p":6.85,"u":"13,70 €/L","img":"https://fd15-photos.leclercdrive.fr/image.ashx?id=2829099&use=l&cat=p&typeid=i","cat":284657},{"id":226807,"n":"Liquide de rinçage Sun Séchage - 500ml","p":6.85,"u":"13,70 €/L","img":"https://fd15-photos.leclercdrive.fr/image.ashx?id=2738716&use=l&cat=p&typeid=i","cat":284657},{"id":226814,"n":"Dentifrice Oral-B Pro-expert Nettoyage intense - 75ml","p":5.26,"u":"70,13 €/L","img":"https://fd15-photos.leclercdrive.fr/image.ashx?id=2695058&use=l&cat=p&typeid=i","cat":284612},{"id":226815,"n":"Dentifrice Oral-B kids 0-6ans - 50ml","p":1.75,"u":"35,00 €/L","img":"https://fd15-photos.leclercdrive.fr/image.ashx?id=2737801&use=l&cat=p&typeid=i","cat":288898},{"id":226818,"n":"Dentifrice Sensodyne Soin  complet Triple action - 75ml","p":7.85,"u":"104,67 €/L","img":"https://fd15-photos.leclercdrive.fr/image.ashx?id=2997778&use=l&cat=p&typeid=i","cat":284612},{"id":226831,"n":"Nettoyant machine Sun Pendant le cycle x4 - 60g","p":7.75,"u":"16,15 €/KG","img":"https://fd15-photos.leclercdrive.fr/image.ashx?id=2738713&use=l&cat=p&typeid=i","cat":284657},{"id":226856,"n":"P'tit onctueux pêche Nestlé sans sucres ajoutés - 4x90g","p":2.69,"u":"7,47 €/KG","img":"https://fd15-photos.leclercdrive.fr/image.ashx?id=2695124&use=l&cat=p&typeid=i","cat":312392},{"id":226876,"n":"P'tit brassé banane Nestlé mangue sans sucre - 4x90g","p":3.05,"u":"8,47 €/KG","img":"https://fd15-photos.leclercdrive.fr/image.ashx?id=2696133&use=l&cat=p&typeid=i","cat":312392},{"id":226878,"n":"Gourdes Nestlé Naturnes Fruitées - 360g","p":9.45,"u":"15,00 €/KG","img":"https://fd15-photos.leclercdrive.fr/image.ashx?id=2696136&use=l&cat=p&typeid=i","cat":312393},{"id":226880,"n":"Brioche tressée Harrys Allégée en sucres - 450G","p":5.9,"u":"13,11 €/KG","img":"https://fd15-photos.leclercdrive.fr/image.ashx?id=2962467&use=l&cat=p&typeid=i","cat":284478},{"id":226881,"n":"Infusion detox Pukka Fruits rouges x20 - 34g","p":8.08,"u":"237,65 €/KG","img":"https://fd15-photos.leclercdrive.fr/image.ashx?id=2859803&use=l&cat=p&typeid=i","cat":293234},{"id":226882,"n":"Chocolat en poudre Nesquik 300g","p":3.7,"u":"12,33 €/KG","img":"https://fd15-photos.leclercdrive.fr/image.ashx?id=3005374&use=l&cat=p&typeid=i","cat":293235},{"id":226886,"n":"Muesli cranberry citron bio  Terres et Céréales - 500g","p":4.65,"u":"9,30 €/KG","img":"https://fd15-photos.leclercdrive.fr/image.ashx?id=2772065&use=l&cat=p&typeid=i","cat":309512},{"id":226899,"n":"Mini bille chocolaté M&Ms 176g","p":4.6,"u":"26,14 €/KG","img":"https://fd15-photos.leclercdrive.fr/image.ashx?id=3009074&use=l&cat=p&typeid=i","cat":304238},{"id":226900,"n":"Bière blonde La Bête 8°  50cl canette","p":3.45,"u":"6,90 €/L","img":"https://fd15-photos.leclercdrive.fr/image.ashx?id=2695914&use=l&cat=p&typeid=i","cat":334853},{"id":226909,"n":"Dragées chocolatées M&M's crispy  187g","p":4.99,"u":"26,68 €/KG","img":"https://fd15-photos.leclercdrive.fr/image.ashx?id=3014868&use=l&cat=p&typeid=i","cat":304238},{"id":226920,"n":"Bonbons Skittles  152g","p":3.1,"u":"20,39 €/KG","img":"https://fd15-photos.leclercdrive.fr/image.ashx?id=3008984&use=l&cat=p&typeid=i","cat":304250},{"id":226938,"n":"Capsules café Dolce Gusto intensité 5 Grande - x30 255g","p":12.15,"u":"0,41 €/P","img":"https://fd15-photos.leclercdrive.fr/image.ashx?id=2891755&use=l&cat=p&typeid=i","cat":284843},{"id":227006,"n":"Crème glacée Häagen-Dazs  Chocolat belge - 400g","p":7.2,"u":"18,00 €/KG","img":"https://fd15-photos.leclercdrive.fr/image.ashx?id=2886891&use=l&cat=p&typeid=i","cat":284725},{"id":227071,"n":"Thé pétillant Lipton Ice Tea Citron citron vert - 1.25L","p":3.69,"u":"2,95 €/L","img":"https://fd15-photos.leclercdrive.fr/image.ashx?id=2887707&use=l&cat=p&typeid=i","cat":295019},{"id":227165,"n":"Serum Acide Hyaluronique Mixa 30mL","p":15.55,"u":"518,33 €/L","img":"https://fd15-photos.leclercdrive.fr/image.ashx?id=2698711&use=l&cat=p&typeid=i","cat":325345},{"id":227166,"n":"Sérum Anti-tâches Vitamine C Mixa 30 mL","p":15.55,"u":"518,33 €/L","img":"https://fd15-photos.leclercdrive.fr/image.ashx?id=2698714&use=l&cat=p&typeid=i","cat":325345},{"id":227167,"n":"Serum anti-imperfections Niacinamide Mixa 30mL","p":15.55,"u":"518,33 €/L","img":"https://fd15-photos.leclercdrive.fr/image.ashx?id=2698717&use=l&cat=p&typeid=i","cat":325345},{"id":227307,"n":"Café capsules Dolce Gusto Starbucks White Moka - 123g","p":6.5,"u":"52,85 €/KG","img":"https://fd15-photos.leclercdrive.fr/image.ashx?id=3000459&use=l&cat=p&typeid=i","cat":284749},{"id":227311,"n":"Bière Pelican rouge  50cl","p":4.8,"u":"9,60 €/L","img":"https://fd15-photos.leclercdrive.fr/image.ashx?id=2700107&use=l&cat=p&typeid=i","cat":334853},{"id":227312,"n":"Jus de clémentine et mandarine Andros - 1L","p":4.49,"u":"4,49 €/L","img":"https://fd15-photos.leclercdrive.fr/image.ashx?id=2882875&use=l&cat=p&typeid=i","cat":284354},{"id":227318,"n":"P'tite Céréale Nestlé Vanille - 415g","p":3.75,"u":"9,04 €/KG","img":"https://fd15-photos.leclercdrive.fr/image.ashx?id=2700773&use=l&cat=p&typeid=i","cat":312225},{"id":227320,"n":"Céréales Nesquik 675g","p":5.34,"u":"7,91 €/KG","img":"https://fd15-photos.leclercdrive.fr/image.ashx?id=2971434&use=l&cat=p&typeid=i","cat":309513},{"id":227321,"n":"Herbes de provence Sainte Lucie 16g","p":2.25,"u":"140,63 €/KG","img":"https://fd15-photos.leclercdrive.fr/image.ashx?id=2700134&use=l&cat=p&typeid=i","cat":298297},{"id":227323,"n":"Céréales Crunch Nestlé 675g","p":5.99,"u":"8,87 €/KG","img":"https://fd15-photos.leclercdrive.fr/image.ashx?id=2949085&use=l&cat=p&typeid=i","cat":309513},{"id":227325,"n":"P'tite céréales Nestlé Saveur biscuit - 415g","p":3.75,"u":"9,04 €/KG","img":"https://fd15-photos.leclercdrive.fr/image.ashx?id=2700776&use=l&cat=p&typeid=i","cat":312225},{"id":227329,"n":"P'tite céréale Nestlé 415g","p":3.5,"u":"8,43 €/KG","img":"https://fd15-photos.leclercdrive.fr/image.ashx?id=2700770&use=l&cat=p&typeid=i","cat":312225},{"id":227331,"n":"P'tite céréales Nestlé Cacao - 415g","p":3.75,"u":"9,04 €/KG","img":"https://fd15-photos.leclercdrive.fr/image.ashx?id=2700767&use=l&cat=p&typeid=i","cat":312225},{"id":227337,"n":"Pépites  chocolat La Patelière 100g","p":3.15,"u":"31,50 €/KG","img":"https://fd15-photos.leclercdrive.fr/image.ashx?id=2906328&use=l&cat=p&typeid=i","cat":284504},{"id":227339,"n":"Capsules Nescafé Dolce Gusto  Lungo - x16","p":7.35,"u":"81,67 €/KG","img":"https://fd15-photos.leclercdrive.fr/image.ashx?id=2907716&use=l&cat=p&typeid=i","cat":293239},{"id":227341,"n":"Céréales Lion Nestlé 1.05kg","p":6.39,"u":"6,39 €/KG","img":"https://fd15-photos.leclercdrive.fr/image.ashx?id=2995433&use=l&cat=p&typeid=i","cat":309513},{"id":227352,"n":"Céréales Chocapic  645g","p":6.46,"u":"10,02 €/KG","img":"https://fd15-photos.leclercdrive.fr/image.ashx?id=2977732&use=l&cat=p&typeid=i","cat":309513},{"id":227366,"n":"Compote Charles & Alice Mangue avec morceaux - 4x95g","p":3.99,"u":"10,50 €/KG","img":"https://fd15-photos.leclercdrive.fr/image.ashx?id=2857350&use=l&cat=p&typeid=i","cat":284416},{"id":227367,"n":"Compote Charles & Alice Poire avec morceaux - 4x95g","p":3.99,"u":"10,50 €/KG","img":"https://fd15-photos.leclercdrive.fr/image.ashx?id=2857353&use=l&cat=p&typeid=i","cat":284416},{"id":227369,"n":"Compote Charles & Alice Pêche avec morceaux - 4x95g","p":3.99,"u":"10,50 €/KG","img":"https://fd15-photos.leclercdrive.fr/image.ashx?id=2962839&use=l&cat=p&typeid=i","cat":284416},{"id":227372,"n":"Céréales Lion 675g","p":6.17,"u":"9,14 €/KG","img":"https://fd15-photos.leclercdrive.fr/image.ashx?id=2997256&use=l&cat=p&typeid=i","cat":309513},{"id":227373,"n":"Gelée de viande Eco+ 12x100g","p":3.95,"u":"3,29 €/KG","img":"https://fd15-photos.leclercdrive.fr/image.ashx?id=2744216&use=l&cat=p&typeid=i","cat":285286},{"id":227374,"n":"Céréales Chocapic 375g","p":4.06,"u":"10,83 €/KG","img":"https://fd15-photos.leclercdrive.fr/image.ashx?id=2977408&use=l&cat=p&typeid=i","cat":309513},{"id":227375,"n":"Capsule Nescafé Farmers Origins  Brazil Int 8 - x10","p":4.47,"pp":3.49,"u":"79,32 €/KG","img":"https://fd15-photos.leclercdrive.fr/image.ashx?id=2952166&use=l&cat=p&typeid=i","cat":284749},{"id":227376,"n":"Croquette Friskies Vitafit  Boeuf - 3kg","p":12.65,"u":"4,22 €/KG","img":"https://fd15-photos.leclercdrive.fr/image.ashx?id=2986999&use=l&cat=p&typeid=i","cat":284672},{"id":227377,"n":"Croquette Friskies Vitafit Boeuf - 12kg","p":42.35,"img":"https://fd15-photos.leclercdrive.fr/image.ashx?id=2986984&use=l&cat=p&typeid=i","cat":284672},{"id":227378,"n":"Croquettes Friskies junior Poulet & legumes - 1.5kg","p":6.9,"u":"4,60 €/KG","img":"https://fd15-photos.leclercdrive.fr/image.ashx?id=2699612&use=l&cat=p&typeid=i","cat":284680},{"id":227381,"n":"Croquettes Friskies Vitafit Poulet & legumes - 3kg","p":12.65,"u":"4,22 €/KG","img":"https://fd15-photos.leclercdrive.fr/image.ashx?id=2986981&use=l&cat=p&typeid=i","cat":284672},{"id":227383,"n":"Lait infantile Hipp Biologique Bio Dès 10 mois Combiotic  800g","p":23.45,"u":"29,31 €/KG","img":"https://fd15-photos.leclercdrive.fr/image.ashx?id=2926834&use=l&cat=p&typeid=i","cat":290219},{"id":227391,"n":"Croquettes Friskies Saumon & legumes - 3 kg","p":12.35,"u":"4,12 €/KG","img":"https://fd15-photos.leclercdrive.fr/image.ashx?id=2940615&use=l&cat=p&typeid=i","cat":284680},{"id":227397,"n":"Croquettes Friskies  Dinde & legumes - 1.5kg","p":7.4,"u":"4,93 €/KG","img":"https://fd15-photos.leclercdrive.fr/image.ashx?id=2699621&use=l&cat=p&typeid=i","cat":284680},{"id":227400,"n":"Croquettes chat Friskies Saumon et legumes - 1.5 kg","p":7.05,"u":"4,70 €/KG","img":"https://fd15-photos.leclercdrive.fr/image.ashx?id=2940600&use=l&cat=p&typeid=i","cat":284680},{"id":227409,"n":"Gel douche Le Petit Marseillais Mangue Bio et passion 650ml","p":5.76,"u":"8,86 €/L","img":"https://fd15-photos.leclercdrive.fr/image.ashx?id=2700497&use=l&cat=p&typeid=i","cat":284594},{"id":227410,"n":"Gel douche Le Petit Marseillais Mimosa et Citron bio - 250ml","p":2.35,"u":"9,40 €/L","img":"https://fd15-photos.leclercdrive.fr/image.ashx?id=2700500&use=l&cat=p&typeid=i","cat":284594},{"id":227412,"n":"Masque pieds Scholl Exfoliant talon - x1","p":10.35,"img":"https://fd15-photos.leclercdrive.fr/image.ashx?id=2981313&use=l&cat=p&typeid=i","cat":325354},{"id":227413,"n":"Semelles GelActiv' Scholl Décontracté - Taille 1","p":22.19,"img":"https://fd15-photos.leclercdrive.fr/image.ashx?id=2700665&use=l&cat=p&typeid=i","cat":325354},{"id":227425,"n":"Boîte mouchoirs Lotus Classic+ - Pur Blanc - x80","p":2.65,"img":"https://fd15-photos.leclercdrive.fr/image.ashx?id=2700698&use=l&cat=p&typeid=i","cat":284638},{"id":227437,"n":"Purée Mousline x4 - 520g","p":3.89,"u":"7,48 €/KG","img":"https://fd15-photos.leclercdrive.fr/image.ashx?id=3004420&use=l&cat=p&typeid=i","cat":284431},{"id":227439,"n":"Purée Mousline  x8 - 1.04 kg","p":6.55,"u":"6,30 €/KG","img":"https://fd15-photos.leclercdrive.fr/image.ashx?id=2963757&use=l&cat=p&typeid=i","cat":284431},{"id":227448,"n":"Céréales Crunch 375g","p":3.71,"u":"9,89 €/KG","img":"https://fd15-photos.leclercdrive.fr/image.ashx?id=2939760&use=l&cat=p&typeid=i","cat":309513},{"id":227500,"n":"Mélange de légumes Bonduelle Duo carottes panais - 750g","p":3.33,"u":"4,44 €/KG","img":"https://fd15-photos.leclercdrive.fr/image.ashx?id=2910109&use=l&cat=p&typeid=i","cat":319805},{"id":227506,"n":"Capsule Nescafé Farmers Origins  India Int 9 - x18","p":8.7,"u":"110,13 €/KG","img":"https://fd15-photos.leclercdrive.fr/image.ashx?id=2700791&use=l&cat=p&typeid=i","cat":284749},{"id":227507,"n":"Capsule Nescafé Farmers Origins  India Int 9 - x10","p":4.47,"pp":3.49,"u":"79,32 €/KG","img":"https://fd15-photos.leclercdrive.fr/image.ashx?id=2952169&use=l&cat=p&typeid=i","cat":284749},{"id":227512,"n":"Chips Savour  Sel de guerande - 120g","p":1.76,"u":"14,67 €/KG","img":"https://fd15-photos.leclercdrive.fr/image.ashx?id=2743828&use=l&cat=p&typeid=i","cat":284447},{"id":227514,"n":"Chips Savour Sweet Chili - 120g","p":1.9,"u":"15,83 €/KG","img":"https://fd15-photos.leclercdrive.fr/image.ashx?id=2743825&use=l&cat=p&typeid=i","cat":284447},{"id":227515,"n":"Chips Savour Vinaigre de cidre - 120g","p":1.9,"u":"15,83 €/KG","img":"https://fd15-photos.leclercdrive.fr/image.ashx?id=2743822&use=l&cat=p&typeid=i","cat":284447},{"id":227516,"n":"Chips Savour Cheddar & Ciboulette - 120g","p":2.0,"u":"16,67 €/KG","img":"https://fd15-photos.leclercdrive.fr/image.ashx?id=2743819&use=l&cat=p&typeid=i","cat":284447},{"id":227520,"n":"Chips Lay's Sel & vinaigre - 130g","p":1.69,"u":"13,00 €/KG","img":"https://fd15-photos.leclercdrive.fr/image.ashx?id=3011161&use=l&cat=p&typeid=i","cat":284447},{"id":227528,"n":"Chips Lay's Poulet - 135g","p":1.75,"u":"12,96 €/KG","img":"https://fd15-photos.leclercdrive.fr/image.ashx?id=2995079&use=l&cat=p&typeid=i","cat":284447},{"id":227542,"n":"Croquettes pour chien Friskies Vitafit 12kg","p":42.35,"u":"3,53 €/KG","img":"https://fd15-photos.leclercdrive.fr/image.ashx?id=2986987&use=l&cat=p&typeid=i","cat":284672},{"id":227558,"n":"Biscuit goûter fourré Gullon Méga duo tout chocolat - 500g","p":2.4,"u":"4,80 €/KG","img":"https://fd15-photos.leclercdrive.fr/image.ashx?id=2700755&use=l&cat=p&typeid=i","cat":284488},{"id":227562,"n":"Culottes Fuites urinaires Always Discreet Taille L- x9","p":10.92,"u":"1,21 €/P","img":"https://fd15-photos.leclercdrive.fr/image.ashx?id=2927038&use=l&cat=p&typeid=i","cat":284628},{"id":227563,"n":"Serviettes Fuites urinaires  Always Discreet - Normal - x30","p":10.05,"u":"0,34 €/P","img":"https://fd15-photos.leclercdrive.fr/image.ashx?id=2700806&use=l&cat=p&typeid=i","cat":284628},{"id":227564,"n":"Dentifrice Oral-B  Pro science Protection émail - 75ml","p":4.65,"u":"62,00 €/L","img":"https://fd15-photos.leclercdrive.fr/image.ashx?id=2737798&use=l&cat=p&typeid=i","cat":284612},{"id":227592,"n":"Jambon cru Serrano Aoste 6 tranches - 100g","p":3.25,"u":"32,50 €/KG","img":"https://fd15-photos.leclercdrive.fr/image.ashx?id=2937184&use=l&cat=p&typeid=i","cat":316007},{"id":227595,"n":"Jambon Fleury Michon  Simplement Bon x10 - 350g","p":7.99,"u":"22,83 €/KG","img":"https://fd15-photos.leclercdrive.fr/image.ashx?id=2842699&use=l&cat=p&typeid=i","cat":316009},{"id":227600,"n":"Croquettes chat Friskies Boeuf, poulet et légumes - 3kg","p":12.35,"u":"4,12 €/KG","img":"https://fd15-photos.leclercdrive.fr/image.ashx?id=2940603&use=l&cat=p&typeid=i","cat":284680},{"id":227602,"n":"Croquettes Friskies  Poulet & légumes  1,5 kg","p":7.39,"u":"4,93 €/KG","img":"https://fd15-photos.leclercdrive.fr/image.ashx?id=2701400&use=l&cat=p&typeid=i","cat":284680},{"id":227603,"n":"Croquettes chat stérilisé Friskies Agneau légumes - 1.5kg","p":6.9,"u":"4,60 €/KG","img":"https://fd15-photos.leclercdrive.fr/image.ashx?id=2701064&use=l&cat=p&typeid=i","cat":284680},{"id":227605,"n":"Croquettes petit chien Friskies Poulet & légumes - 1.5kg","p":7.25,"u":"4,83 €/KG","img":"https://fd15-photos.leclercdrive.fr/image.ashx?id=2986314&use=l&cat=p&typeid=i","cat":294526},{"id":227608,"n":"Croquettes Friskies Junior  Poulet avec du lait - 3kg","p":12.4,"u":"4,13 €/KG","img":"https://fd15-photos.leclercdrive.fr/image.ashx?id=2986900&use=l&cat=p&typeid=i","cat":284672},{"id":227612,"n":"Croquettes chien light Friskies Poulet & légumes - 3kg","p":11.89,"u":"3,96 €/KG","img":"https://fd15-photos.leclercdrive.fr/image.ashx?id=2987002&use=l&cat=p&typeid=i","cat":284672},{"id":227633,"n":"Barres chocolatées Twix  x10 -210g","p":5.19,"u":"24,71 €/KG","img":"https://fd15-photos.leclercdrive.fr/image.ashx?id=2980091&use=l&cat=p&typeid=i","cat":284498},{"id":227638,"n":"Canard WC Fresh disc Garden - 1 appli + 6 disques","p":5.68,"img":"https://fd15-photos.leclercdrive.fr/image.ashx?id=2845581&use=l&cat=p&typeid=i","cat":284662},{"id":227639,"n":"Canard WC Fresh disc Tropical - 2 recharges","p":8.05,"img":"https://fd15-photos.leclercdrive.fr/image.ashx?id=2845584&use=l&cat=p&typeid=i","cat":284662},{"id":227640,"n":"Canard WC Fresh disc Garden - 2 recharges","p":8.05,"u":"4,03 €/P","img":"https://fd15-photos.leclercdrive.fr/image.ashx?id=2845587&use=l&cat=p&typeid=i","cat":284662},{"id":227669,"n":"Boisson Gazeuse Maison Perrier Chic Roséllini 4x25cl","p":4.84,"u":"4,84 €/L","img":"https://fd15-photos.leclercdrive.fr/image.ashx?id=2701403&use=l&cat=p&typeid=i","cat":284536},{"id":227674,"n":"Bière blonde Abbaye Alveringem 75cl","p":5.59,"u":"7,45 €/L","img":"https://fd15-photos.leclercdrive.fr/image.ashx?id=2699935&use=l&cat=p&typeid=i","cat":334852},{"id":227676,"n":"Bière aromatisée Desquiles sans alcool - 3x33cl","p":4.2,"u":"4,24 €/L","img":"https://fd15-photos.leclercdrive.fr/image.ashx?id=2699932&use=l&cat=p&typeid=i","cat":334877},{"id":227683,"n":"Barres Caramel salé Twix x5 - 230g","p":4.25,"u":"18,48 €/KG","img":"https://fd15-photos.leclercdrive.fr/image.ashx?id=2701019&use=l&cat=p&typeid=i","cat":284498},{"id":227690,"n":"Parfum de linge Lenor Ambre orchidée x19D - 235g","p":11.4,"u":"48,51 €/KG","img":"https://fd15-photos.leclercdrive.fr/image.ashx?id=2839457&use=l&cat=p&typeid=i","cat":325302},{"id":227701,"n":"Chocolat Pâtissier Nestlé Dessert Blanc - 170g","p":4.3,"u":"25,29 €/KG","img":"https://fd15-photos.leclercdrive.fr/image.ashx?id=2895062&use=l&cat=p&typeid=i","cat":284957},{"id":227702,"n":"Fromage enfant La Vache qui rit Pik&Croq 8 portions - 280g","p":3.95,"u":"14,11 €/KG","img":"https://fd15-photos.leclercdrive.fr/image.ashx?id=2945436&use=l&cat=p&typeid=i","cat":314030},{"id":227729,"n":"Café au lait Soluble Nescafé 3en1 - x10 - 165g","p":4.9,"u":"29,70 €/KG","img":"https://fd15-photos.leclercdrive.fr/image.ashx?id=2854759&use=l&cat=p&typeid=i","cat":284843},{"id":227731,"n":"Céréales Nesquik  375g","p":3.97,"u":"10,59 €/KG","img":"https://fd15-photos.leclercdrive.fr/image.ashx?id=2977411&use=l&cat=p&typeid=i","cat":309513},{"id":227734,"n":"Compotes gourdes Pom'potes Multivariétés - 12x90g","p":8.95,"u":"8,29 €/KG","img":"https://fd15-photos.leclercdrive.fr/image.ashx?id=2890857&use=l&cat=p&typeid=i","cat":284508},{"id":227737,"n":"Capsule Nescafé Farmers Origins  Colombia Int 6 - x10","p":4.47,"pp":3.49,"u":"79,32 €/KG","img":"https://fd15-photos.leclercdrive.fr/image.ashx?id=2701968&use=l&cat=p&typeid=i","cat":284749},{"id":227738,"n":"Capsule Nescafé Farmers Origins  Africas Int 10 - x10","p":4.47,"pp":3.49,"u":"79,32 €/KG","img":"https://fd15-photos.leclercdrive.fr/image.ashx?id=2952172&use=l&cat=p&typeid=i","cat":284749},{"id":227739,"n":"Capsule Nescafé Farmers Origins  Colombia Décaféiné Int 6 - x10","p":4.47,"pp":3.49,"u":"65,85 €/KG","img":"https://fd15-photos.leclercdrive.fr/image.ashx?id=2701977&use=l&cat=p&typeid=i","cat":284749},{"id":227740,"n":"Capsule Nescafé Farmers Origins  Brazil Int 8 - x18","p":8.7,"u":"110,13 €/KG","img":"https://fd15-photos.leclercdrive.fr/image.ashx?id=3001521&use=l&cat=p&typeid=i","cat":284749},{"id":227744,"n":"Capsule Nescafé Farmers Origins  Andes Int 5 - x10","p":4.47,"pp":3.49,"u":"79,32 €/KG","img":"https://fd15-photos.leclercdrive.fr/image.ashx?id=2701965&use=l&cat=p&typeid=i","cat":284749},{"id":227745,"n":"Lait Combiotic Hipp Bio jusqu' à 6mois 800g","p":22.75,"u":"28,44 €/KG","img":"https://fd15-photos.leclercdrive.fr/image.ashx?id=2926843&use=l&cat=p&typeid=i","cat":284726},{"id":227746,"n":"Lait Combiotic nutrigest Hipp Bio - 800g","p":24.3,"u":"30,38 €/KG","img":"https://fd15-photos.leclercdrive.fr/image.ashx?id=2926840&use=l&cat=p&typeid=i","cat":284726},{"id":227780,"n":"Liqueur GET Menthe & Citrons 17,9° - 70cl","p":17.29,"u":"24,70 €/L","img":"https://fd15-photos.leclercdrive.fr/image.ashx?id=2840629&use=l&cat=p&typeid=i","cat":286032},{"id":227818,"n":"Fromage enfant La Vache qui rit Pik&Croq 5 portions - 175g","p":2.55,"u":"14,57 €/KG","img":"https://fd15-photos.leclercdrive.fr/image.ashx?id=2945433&use=l&cat=p&typeid=i","cat":314030},{"id":227819,"n":"Biscotte Pasquier Blé complet x64 - 550g","p":4.5,"u":"8,18 €/KG","img":"https://fd15-photos.leclercdrive.fr/image.ashx?id=2702807&use=l&cat=p&typeid=i","cat":284479},{"id":227822,"n":"Chips Lay's  Paprika - 130g","p":1.85,"u":"14,23 €/KG","img":"https://fd15-photos.leclercdrive.fr/image.ashx?id=3011158&use=l&cat=p&typeid=i","cat":284447},{"id":227823,"n":"Chips Lay's Emmental - 135g","p":1.75,"u":"12,96 €/KG","img":"https://fd15-photos.leclercdrive.fr/image.ashx?id=3011155&use=l&cat=p&typeid=i","cat":284447},{"id":227824,"n":"Pépites chocolats La Pateliere 100g","p":3.15,"u":"31,50 €/KG","img":"https://fd15-photos.leclercdrive.fr/image.ashx?id=2701800&use=l&cat=p&typeid=i","cat":284504},{"id":227831,"n":"Spray Nettoyant Menager Cif  Anti-calcaire Universel 750 ml","p":5.52,"u":"7,36 €/L","img":"https://fd15-photos.leclercdrive.fr/image.ashx?id=2890520&use=l&cat=p&typeid=i","cat":325362},{"id":227835,"n":"Baby carottes Notre Jardin 250g","p":3.9,"u":"15,60 €/KG","img":"https://fd15-photos.leclercdrive.fr/image.ashx?id=2701581&use=l&cat=p&typeid=i","cat":284352},{"id":227838,"n":"Yaourt hyperprotéiné Sport  Vanille - 4x120g","p":3.25,"u":"6,77 €/P","img":"https://fd15-photos.leclercdrive.fr/image.ashx?id=2881250&use=l&cat=p&typeid=i","cat":315000},{"id":227839,"n":"Yaourt hyperprotéiné Sport Citron - 4x120g","p":3.25,"u":"6,77 €/KG","img":"https://fd15-photos.leclercdrive.fr/image.ashx?id=2881253&use=l&cat=p&typeid=i","cat":315000},{"id":227845,"n":"Oeufs Bio Village Bio x15","p":7.69,"u":"0,51 €/P","img":"https://fd15-photos.leclercdrive.fr/image.ashx?id=2724877&use=l&cat=p&typeid=i","cat":284378},{"id":227882,"n":"Concentré Sodastream Cola - 440ml","p":5.9,"u":"13,41 €/L","img":"https://fd15-photos.leclercdrive.fr/image.ashx?id=2703350&use=l&cat=p&typeid=i","cat":295020},{"id":227884,"n":"Bâtonnet Magnum White choco Cookie - x3 - 222g","p":3.05,"u":"13,74 €/KG","img":"https://fd15-photos.leclercdrive.fr/image.ashx?id=2793071&use=l&cat=p&typeid=i","cat":284265},{"id":227894,"n":"Bâtonnet Magnum Caramel salé Amandes x3 - 222g","p":3.39,"u":"15,27 €/KG","img":"https://fd15-photos.leclercdrive.fr/image.ashx?id=2793038&use=l&cat=p&typeid=i","cat":284265},{"id":227896,"n":"Glace Carte d'Or Les Essentiels Vanille de Madagascar 700ml","p":3.79,"u":"10,33 €/KG","img":"https://fd15-photos.leclercdrive.fr/image.ashx?id=2831149&use=l&cat=p&typeid=i","cat":284263},{"id":227897,"n":"Glace Bâtonnet MAGNUM Amande 4x100ml","p":5.3,"u":"17,67 €/KG","img":"https://fd15-photos.leclercdrive.fr/image.ashx?id=2849364&use=l&cat=p&typeid=i","cat":284265},{"id":227898,"n":"Bâtonnet Magnum Classic x4 - 300g","p":5.3,"u":"17,67 €/KG","img":"https://fd15-photos.leclercdrive.fr/image.ashx?id=2966794&use=l&cat=p&typeid=i","cat":284265},{"id":227900,"n":"Glace Bâtonnet MAGNUM Chocolat Blanc 4x100ml","p":5.3,"u":"18,03 €/KG","img":"https://fd15-photos.leclercdrive.fr/image.ashx?id=3011944&use=l&cat=p&typeid=i","cat":284265},{"id":227902,"n":"Batonnets glace Magnum Chocolat Blanc Amande x4 - 300g","p":5.3,"u":"17,67 €/KG","img":"https://fd15-photos.leclercdrive.fr/image.ashx?id=3009296&use=l&cat=p&typeid=i","cat":284265},{"id":227903,"n":"Glace Bâtonnet MAGNUM Amande 8x100ml","p":8.49,"u":"14,15 €/KG","img":"https://fd15-photos.leclercdrive.fr/image.ashx?id=3009299&use=l&cat=p&typeid=i","cat":284265},{"id":227904,"n":"Glace Bâtonnet MAGNUM Classique 8x100ml","p":8.49,"u":"14,15 €/KG","img":"https://fd15-photos.leclercdrive.fr/image.ashx?id=2974057&use=l&cat=p&typeid=i","cat":284265},{"id":227905,"n":"Bâtonnet Magnum Chocolat blanc x8 - 588g","p":8.49,"u":"14,44 €/KG","img":"https://fd15-photos.leclercdrive.fr/image.ashx?id=2805663&use=l&cat=p&typeid=i","cat":284265},{"id":227906,"n":"Glace Bâtonnet Mini MAGNUM Amande 6x55ml","p":4.55,"u":"17,11 €/KG","img":"https://fd15-photos.leclercdrive.fr/image.ashx?id=2843544&use=l&cat=p&typeid=i","cat":284265},{"id":227907,"n":"Glace Bâtonnet MAGNUM Classique 6x55ml","p":4.55,"u":"18,27 €/KG","img":"https://fd15-photos.leclercdrive.fr/image.ashx?id=2967968&use=l&cat=p&typeid=i","cat":284265},{"id":227909,"n":"Glace Bâtonnet Mini MAGNUM Amande & Chocolat Blanc 6x55ml","p":5.05,"u":"15,30 €/L","img":"https://fd15-photos.leclercdrive.fr/image.ashx?id=2843541&use=l&cat=p&typeid=i","cat":284265},{"id":227918,"n":"Pois chiches Eco+ - 265g","p":0.8,"u":"3,02 €/KG","img":"https://fd15-photos.leclercdrive.fr/image.ashx?id=3003747&use=l&cat=p&typeid=i","cat":312609},{"id":227963,"n":"Tartines croustillantes Wasa Flocons d'avoine - 265g","p":4.19,"u":"15,81 €/KG","img":"https://fd15-photos.leclercdrive.fr/image.ashx?id=2749527&use=l&cat=p&typeid=i","cat":284479},{"id":227964,"n":"Tartines croustillantes Wasa Sensation graines de chia -245g","p":4.05,"u":"16,53 €/KG","img":"https://fd15-photos.leclercdrive.fr/image.ashx?id=2749524&use=l&cat=p&typeid=i","cat":284479},{"id":228047,"n":"Yaourt à boire Sport Fraise framboise 4x190g","p":5.59,"u":"7,36 €/KG","img":"https://fd15-photos.leclercdrive.fr/image.ashx?id=2716976&use=l&cat=p&typeid=i","cat":284415},{"id":228048,"n":"Yaourt à boire Sport Vanille cookie 4x190g","p":5.59,"u":"6,99 €/P","img":"https://fd15-photos.leclercdrive.fr/image.ashx?id=2716979&use=l&cat=p&typeid=i","cat":284415},{"id":228049,"n":"Yaourt à boire Sport Mangue passion 4x190g","p":5.59,"u":"7,36 €/KG","img":"https://fd15-photos.leclercdrive.fr/image.ashx?id=2716982&use=l&cat=p&typeid=i","cat":284415},{"id":228053,"n":"Yaourt à la grecque Délisse Sur lit de mangue 4x150g","p":2.79,"u":"4,65 €/KG","img":"https://fd15-photos.leclercdrive.fr/image.ashx?id=2885146&use=l&cat=p&typeid=i","cat":314999},{"id":228103,"n":"Thé glacé Lipton Ice Tea Pêche Zéro sucres - canettes 6x33cl","p":6.9,"u":"3,48 €/L","img":"https://fd15-photos.leclercdrive.fr/image.ashx?id=2959442&use=l&cat=p&typeid=i","cat":295019},{"id":228126,"n":"Noix de cajou grillées 200g","p":3.15,"u":"15,75 €/KG","img":"https://fd15-photos.leclercdrive.fr/image.ashx?id=2713664&use=l&cat=p&typeid=i","cat":284357},{"id":228127,"n":"Lasagnes saumon épinards  Comptoir des marées - 900g","p":8.55,"u":"9,50 €/KG","img":"https://fd15-photos.leclercdrive.fr/image.ashx?id=2732668&use=l&cat=p&typeid=i","cat":284254},{"id":228129,"n":"Assortiment mochis glacés Tables du Monde x6 - 210g","p":6.99,"u":"33,29 €/KG","img":"https://fd15-photos.leclercdrive.fr/image.ashx?id=2703673&use=l&cat=p&typeid=i","cat":284266},{"id":228179,"n":"IGP Méditerranée vin rosé Studio by Miraval - 1.5L","p":32.46,"u":"21,64 €/L","img":"https://fd15-photos.leclercdrive.fr/image.ashx?id=2990538&use=l&cat=p&typeid=i","cat":289558},{"id":228195,"n":"Sirop Frucci Citron - 1.3L","p":5.55,"u":"4,27 €/L","img":"https://fd15-photos.leclercdrive.fr/image.ashx?id=2898044&use=l&cat=p&typeid=i","cat":295020},{"id":228196,"n":"Sirop Frucci  Pêche - 1.3L","p":6.1,"u":"4,69 €/L","img":"https://fd15-photos.leclercdrive.fr/image.ashx?id=2898047&use=l&cat=p&typeid=i","cat":295020},{"id":228197,"n":"Sirop Frucci Fraise - 1.3L","p":6.2,"u":"4,77 €/L","img":"https://fd15-photos.leclercdrive.fr/image.ashx?id=2898041&use=l&cat=p&typeid=i","cat":295020},{"id":228199,"n":"Sirop Frucci Menthe - 1.3L","p":5.24,"u":"4,03 €/L","img":"https://fd15-photos.leclercdrive.fr/image.ashx?id=2898038&use=l&cat=p&typeid=i","cat":295020},{"id":228206,"n":"Pâte à pizza Croustipate prête à dérouler - 300g","p":1.99,"u":"6,63 €/KG","img":"https://fd15-photos.leclercdrive.fr/image.ashx?id=2902058&use=l&cat=p&typeid=i","cat":333681},{"id":228300,"n":"Ampoule LED Foxter Standard E27 75W - x1","p":4.39,"img":"https://fd15-photos.leclercdrive.fr/image.ashx?id=2706171&use=l&cat=p&typeid=i","cat":300573},{"id":228303,"n":"Ampoules led Eco+ Lot de 3 - Sphère E14 40w","p":7.99,"img":"https://fd15-photos.leclercdrive.fr/image.ashx?id=2706165&use=l&cat=p&typeid=i","cat":300573},{"id":228305,"n":"Ampoule tube LED1 Foxter G13 18w - x1","p":6.99,"img":"https://fd15-photos.leclercdrive.fr/image.ashx?id=2706174&use=l&cat=p&typeid=i","cat":300573},{"id":228306,"n":"Ampoule tube LED1 Foxter G13 36w - x1","p":12.99,"img":"https://fd15-photos.leclercdrive.fr/image.ashx?id=2706177&use=l&cat=p&typeid=i","cat":300573},{"id":228376,"n":"Recharge électrique Raid  Moustiques 45 nuits - x3","p":17.65,"u":"5,88 €/P","img":"https://fd15-photos.leclercdrive.fr/image.ashx?id=2788856&use=l&cat=p&typeid=i","cat":298368},{"id":228396,"n":"Thé glacé Lipton Ice Tea Pêche - 6x33cl","p":5.99,"u":"3,03 €/L","img":"https://fd15-photos.leclercdrive.fr/image.ashx?id=2852471&use=l&cat=p&typeid=i","cat":295019},{"id":228403,"n":"Olives Atelier Blini A l'Andalouse - 150g","p":3.25,"u":"21,67 €/KG","img":"https://fd15-photos.leclercdrive.fr/image.ashx?id=2936899&use=l&cat=p&typeid=i","cat":316002},{"id":228408,"n":"Bâtonnet de glace Trium Vanille - x8 - 628g","p":5.1,"u":"8,12 €/KG","img":"https://fd15-photos.leclercdrive.fr/image.ashx?id=2911729&use=l&cat=p&typeid=i","cat":284265},{"id":228409,"n":"Bâtonnets Trium  Vanille chocolat blanc x8 616g","p":4.95,"u":"8,04 €/KG","img":"https://fd15-photos.leclercdrive.fr/image.ashx?id=2911732&use=l&cat=p&typeid=i","cat":284265},{"id":228463,"n":"Liquide vaisselle mini Paic Citron - 500ml","p":2.35,"u":"4,70 €/L","img":"https://fd15-photos.leclercdrive.fr/image.ashx?id=2708020&use=l&cat=p&typeid=i","cat":284655},{"id":228464,"n":"Recharge Adoucissant Soupline Grand Air - 1L - x45","p":7.4,"u":"7,40 €/L","img":"https://fd15-photos.leclercdrive.fr/image.ashx?id=2860598&use=l&cat=p&typeid=i","cat":284650},{"id":228465,"n":"Nettoyant ménager Ajax Fête des fleurs muguets 1.25L","p":3.45,"u":"2,76 €/L","img":"https://fd15-photos.leclercdrive.fr/image.ashx?id=2926072&use=l&cat=p&typeid=i","cat":284907},{"id":228469,"n":"Perles de linge Soupline Grand Air - 230g","p":11.69,"u":"50,83 €/KG","img":"https://fd15-photos.leclercdrive.fr/image.ashx?id=2708032&use=l&cat=p&typeid=i","cat":325302},{"id":228475,"n":"Gel douche homme Adidas Power Booster - 250ml","p":3.27,"u":"13,08 €/L","img":"https://fd15-photos.leclercdrive.fr/image.ashx?id=2707891&use=l&cat=p&typeid=i","cat":284619},{"id":228479,"n":"Déodorant femme Rexona Invisible Aqua 72h - 100ml","p":5.45,"u":"54,50 €/L","img":"https://fd15-photos.leclercdrive.fr/image.ashx?id=2944488&use=l&cat=p&typeid=i","cat":284595},{"id":228481,"n":"Gel Douche Dove Advanced Care Nutrition Intense 400ml","p":6.84,"u":"17,10 €/L","img":"https://fd15-photos.leclercdrive.fr/image.ashx?id=2991036&use=l&cat=p&typeid=i","cat":284594},{"id":228486,"n":"Gel douche Dove Fraîcheur - 450ml","p":5.11,"u":"11,36 €/L","img":"https://fd15-photos.leclercdrive.fr/image.ashx?id=2738707&use=l&cat=p&typeid=i","cat":284594},{"id":228487,"n":"Lessive liquide Le Chat L'Expert bicarbonate x44 -1.98L","p":19.95,"img":"https://fd15-photos.leclercdrive.fr/image.ashx?id=2918676&use=l&cat=p&typeid=i","cat":284640},{"id":228490,"n":"Lessive liquide Le Chat  L'Expert bicarbonate x66 -2.97L","p":25.4,"u":"8,55 €/L","img":"https://fd15-photos.leclercdrive.fr/image.ashx?id=2877781&use=l&cat=p&typeid=i","cat":284640},{"id":228494,"n":"Lessive liquide Le Chat Sensitive Marseille x42 - 1.89L","p":19.95,"u":"10,56 €/L","img":"https://fd15-photos.leclercdrive.fr/image.ashx?id=2884348&use=l&cat=p&typeid=i","cat":284640},{"id":228495,"n":"Lessive liquide Le Chat  Sensitive 0%  x42 - 1.89L","p":19.95,"u":"10,56 €/L","img":"https://fd15-photos.leclercdrive.fr/image.ashx?id=2918679&use=l&cat=p&typeid=i","cat":284640},{"id":228499,"n":"Lessive liquide X-tra Total 4 en 1 x63 - 2.835L","p":18.95,"u":"6,68 €/L","img":"https://fd15-photos.leclercdrive.fr/image.ashx?id=2921561&use=l&cat=p&typeid=i","cat":284640},{"id":228501,"n":"Lessive liquide X-tra Total Savon de Marseille x63  -2.835L","p":17.75,"u":"6,26 €/L","img":"https://fd15-photos.leclercdrive.fr/image.ashx?id=2921564&use=l&cat=p&typeid=i","cat":284640},{"id":228502,"n":"Lessive liquide X-tra Total Déo fraîcheur x57 - 2.565L","p":18.85,"u":"7,35 €/L","img":"https://fd15-photos.leclercdrive.fr/image.ashx?id=2708564&use=l&cat=p&typeid=i","cat":284640},{"id":228503,"n":"Recharge lessive Maison Verte Huiles essentielles x33 -1.485L","p":12.65,"u":"8,52 €/L","img":"https://fd15-photos.leclercdrive.fr/image.ashx?id=2890625&use=l&cat=p&typeid=i","cat":284644},{"id":228504,"n":"Liquide vaisselle Mir vinaigre Framboise dégraissant  - 450ml","p":3.2,"u":"7,11 €/L","img":"https://fd15-photos.leclercdrive.fr/image.ashx?id=2979725&use=l&cat=p&typeid=i","cat":284655},{"id":228506,"n":"Lessive liquide Mir Black Raviveur noir x27 - 1.35L","p":13.25,"u":"9,81 €/L","img":"https://fd15-photos.leclercdrive.fr/image.ashx?id=2881323&use=l&cat=p&typeid=i","cat":284644},{"id":228510,"n":"Lessive liquide Super Croix X-tra Bora Bora x42 - 1.89L","p":16.89,"u":"8,94 €/L","img":"https://fd15-photos.leclercdrive.fr/image.ashx?id=2876263&use=l&cat=p&typeid=i","cat":284640},{"id":228541,"n":"Sirop Teisseire  Menthe verte - 1,30L","p":8.69,"u":"6,68 €/L","img":"https://fd15-photos.leclercdrive.fr/image.ashx?id=2709094&use=l&cat=p&typeid=i","cat":295020},{"id":228555,"n":"Burger rond façon bouchère Tendre et plus - 15% MG 8x125g","p":15.3,"u":"15,30 €/KG","img":"https://fd15-photos.leclercdrive.fr/image.ashx?id=2708597&use=l&cat=p&typeid=i","cat":319778},{"id":228707,"n":"Gel Canard WC intense garden 750ml","p":4.79,"u":"6,39 €/L","img":"https://fd15-photos.leclercdrive.fr/image.ashx?id=2845014&use=l&cat=p&typeid=i","cat":284662},{"id":228708,"n":"Gel Canard WC intense tropical 750ml","p":4.79,"u":"6,39 €/L","img":"https://fd15-photos.leclercdrive.fr/image.ashx?id=2844334&use=l&cat=p&typeid=i","cat":284662},{"id":228733,"n":"Citronnade Tropicana Citron - 90cl","p":3.99,"u":"4,43 €/L","img":"https://fd15-photos.leclercdrive.fr/image.ashx?id=3014392&use=l&cat=p&typeid=i","cat":285435},{"id":228735,"n":"Citronnade Tropicana Framboise hibiscus - 90cl","p":3.75,"u":"4,17 €/L","img":"https://fd15-photos.leclercdrive.fr/image.ashx?id=3014395&use=l&cat=p&typeid=i","cat":285435},{"id":228802,"n":"Feuilletés aux St Jacques La Compagnie Artique - 4x80g","p":7.19,"u":"22,47 €/KG","img":"https://fd15-photos.leclercdrive.fr/image.ashx?id=2710128&use=l&cat=p&typeid=i","cat":319776},{"id":228810,"n":"Capsules Nescafé Dolce Gusto Espresso Décaféiné - x16","p":7.35,"u":"76,56 €/KG","img":"https://fd15-photos.leclercdrive.fr/image.ashx?id=2710446&use=l&cat=p&typeid=i","cat":293239},{"id":228812,"n":"Détachant poudre Vanish  Stop odeurs - 470g+235g offerts","p":8.3,"u":"11,77 €/KG","img":"https://fd15-photos.leclercdrive.fr/image.ashx?id=2720776&use=l&cat=p&typeid=i","cat":284651},{"id":228813,"n":"Détachant poudre Vanish  470g +235g offerts","p":8.3,"u":"11,77 €/KG","img":"https://fd15-photos.leclercdrive.fr/image.ashx?id=2720767&use=l&cat=p&typeid=i","cat":284651},{"id":228814,"n":"Détachant poudre Vanish  Blanc - 470g +235g offerts","p":8.3,"u":"11,77 €/KG","img":"https://fd15-photos.leclercdrive.fr/image.ashx?id=2720770&use=l&cat=p&typeid=i","cat":284651},{"id":228833,"n":"Chips ondulées Pom'Lisse Tomate basilic - 135g","p":1.52,"u":"11,26 €/KG","img":"https://fd15-photos.leclercdrive.fr/image.ashx?id=2711066&use=l&cat=p&typeid=i","cat":284447},{"id":228836,"n":"Chips ondulées Pom'Lisse Olive noire - 135g","p":1.52,"u":"11,26 €/KG","img":"https://fd15-photos.leclercdrive.fr/image.ashx?id=2709978&use=l&cat=p&typeid=i","cat":284447},{"id":228837,"n":"Haricots rouges Eco+ 250g","p":0.93,"u":"3,72 €/KG","img":"https://fd15-photos.leclercdrive.fr/image.ashx?id=3003750&use=l&cat=p&typeid=i","cat":312606},{"id":228905,"n":"Soin capillaire Expess Le  Petit Marseillais Coco -200ml","p":4.84,"u":"24,20 €/L","img":"https://fd15-photos.leclercdrive.fr/image.ashx?id=2711947&use=l&cat=p&typeid=i","cat":284608},{"id":228915,"n":"Saucisson sec pur porc 180g","p":6.85,"u":"38,06 €/KG","img":"https://fd15-photos.leclercdrive.fr/image.ashx?id=2891046&use=l&cat=p&typeid=i","cat":316006},{"id":228916,"n":"Saucisson sec fumé 180g","p":6.85,"u":"38,06 €/KG","img":"https://fd15-photos.leclercdrive.fr/image.ashx?id=2891052&use=l&cat=p&typeid=i","cat":316006},{"id":228917,"n":"Saucisson sec au poivre 180g","p":6.85,"u":"38,06 €/KG","img":"https://fd15-photos.leclercdrive.fr/image.ashx?id=2891055&use=l&cat=p&typeid=i","cat":316006},{"id":228918,"n":"Saucisson sec au Beaufort 180g","p":6.85,"u":"38,06 €/KG","img":"https://fd15-photos.leclercdrive.fr/image.ashx?id=2889601&use=l&cat=p&typeid=i","cat":316006},{"id":228919,"n":"Saucisson sec au noix 180g","p":6.85,"u":"38,06 €/KG","img":"https://fd15-photos.leclercdrive.fr/image.ashx?id=2890217&use=l&cat=p&typeid=i","cat":316006},{"id":228920,"n":"Saucisson sec aux noisettes 180g","p":6.85,"u":"38,06 €/KG","img":"https://fd15-photos.leclercdrive.fr/image.ashx?id=2888491&use=l&cat=p&typeid=i","cat":316006},{"id":228921,"n":"Saucisson sec au Roquefort 180g","p":6.85,"u":"38,06 €/KG","img":"https://fd15-photos.leclercdrive.fr/image.ashx?id=2889604&use=l&cat=p&typeid=i","cat":316006},{"id":228923,"n":"Saucisson sec au porc  et sanglier - 180g","p":6.85,"u":"38,06 €/KG","img":"https://fd15-photos.leclercdrive.fr/image.ashx?id=2888494&use=l&cat=p&typeid=i","cat":316006},{"id":228934,"n":"P'tit brassé Pomme  Nestlé Framboise céréale 2X115g","p":2.3,"u":"10,00 €/KG","img":"https://fd15-photos.leclercdrive.fr/image.ashx?id=2712130&use=l&cat=p&typeid=i","cat":312392},{"id":228935,"n":"Dessert P'tit brassé Nestlé Banane mangue céréales 2x115g","p":2.3,"u":"10,00 €/KG","img":"https://fd15-photos.leclercdrive.fr/image.ashx?id=2712127&use=l&cat=p&typeid=i","cat":312392},{"id":228942,"n":"Dessert P'tit brassé  Mini pêche - 6x50g","p":2.65,"u":"8,83 €/KG","img":"https://fd15-photos.leclercdrive.fr/image.ashx?id=2955989&use=l&cat=p&typeid=i","cat":312392},{"id":228946,"n":"Biscuits Mulino Bianco Pan di Stelle - 350g","p":6.42,"u":"18,34 €/KG","img":"https://fd15-photos.leclercdrive.fr/image.ashx?id=2712103&use=l&cat=p&typeid=i","cat":284488},{"id":228951,"n":"Biscuits Mulino Bianco Taralucci - 350g","p":4.8,"u":"13,71 €/KG","img":"https://fd15-photos.leclercdrive.fr/image.ashx?id=2712097&use=l&cat=p&typeid=i","cat":284487},{"id":228953,"n":"Boisson Gazeuse Maison Perrier Magnetic Juice Ananas 4x25cl","p":4.84,"u":"4,84 €/L","img":"https://fd15-photos.leclercdrive.fr/image.ashx?id=2924890&use=l&cat=p&typeid=i","cat":284536},{"id":228955,"n":"Cassoulet William Saurin A la créole - 840g","p":7.1,"u":"8,45 €/KG","img":"https://fd15-photos.leclercdrive.fr/image.ashx?id=2773077&use=l&cat=p&typeid=i","cat":284440},{"id":228957,"n":"Dessert P'tit brassé  Mini banane - 300g","p":2.4,"u":"8,00 €/KG","img":"https://fd15-photos.leclercdrive.fr/image.ashx?id=2958203&use=l&cat=p&typeid=i","cat":312392},{"id":228965,"n":"P'tite céréales Nestlé Saveur biscuit - 270g","p":4.3,"u":"1,59 €/L","img":"https://fd15-photos.leclercdrive.fr/image.ashx?id=2712813&use=l&cat=p&typeid=i","cat":312225},{"id":228966,"n":"Infusion Pukka Bio Digestion - x20 - 40g","p":7.5,"u":"187,50 €/KG","img":"https://fd15-photos.leclercdrive.fr/image.ashx?id=2903719&use=l&cat=p&typeid=i","cat":293234},{"id":228969,"n":"Infusion Pukka bio Nuit enchanté x20 - 32g","p":6.4,"u":"200,00 €/KG","img":"https://fd15-photos.leclercdrive.fr/image.ashx?id=2938824&use=l&cat=p&typeid=i","cat":293234},{"id":228970,"n":"Chips Tortilla Doritos Chili - 250g","p":4.55,"u":"18,20 €/KG","img":"https://fd15-photos.leclercdrive.fr/image.ashx?id=2959439&use=l&cat=p&typeid=i","cat":287899},{"id":228976,"n":"Infusion Saveurs du soir Lipton Grand sud - 32g","p":2.85,"u":"89,06 €/KG","img":"https://fd15-photos.leclercdrive.fr/image.ashx?id=2718741&use=l&cat=p&typeid=i","cat":293234},{"id":228977,"n":"Lessive Liquide  X-tra Total Blanc et couleurs x44  -1.98L","p":14.55,"u":"7,35 €/L","img":"https://fd15-photos.leclercdrive.fr/image.ashx?id=2875351&use=l&cat=p&typeid=i","cat":284640},{"id":228988,"n":"Infusion Maroc Lipton Menthe & epices x20 - 40g","p":3.35,"u":"83,75 €/KG","img":"https://fd15-photos.leclercdrive.fr/image.ashx?id=2718744&use=l&cat=p&typeid=i","cat":293234},{"id":228992,"n":"Thé vert Lipton Bio  x20 - 28g","p":4.74,"u":"169,29 €/KG","img":"https://fd15-photos.leclercdrive.fr/image.ashx?id=2739405&use=l&cat=p&typeid=i","cat":293233},{"id":228995,"n":"Coffret thé noir Lipton Sensations x50 - 82g","p":11.9,"pp":10.11,"u":"123,29 €/KG","img":"https://fd15-photos.leclercdrive.fr/image.ashx?id=2719636&use=l&cat=p&typeid=i","cat":293233},{"id":228998,"n":"Infusion verveine Elephant  Menthe poivrée x20 - 34g","p":2.95,"u":"86,76 €/KG","img":"https://fd15-photos.leclercdrive.fr/image.ashx?id=2719633&use=l&cat=p&typeid=i","cat":293234},{"id":229001,"n":"Biscuits mini fourrés BN  Framboise - x5 - 175g","p":3.75,"u":"21,43 €/KG","img":"https://fd15-photos.leclercdrive.fr/image.ashx?id=2748230&use=l&cat=p&typeid=i","cat":284489},{"id":229009,"n":"Kit Tacos Old El Paso Street Vibes al pastor - 257g","p":7.05,"u":"27,43 €/KG","img":"https://fd15-photos.leclercdrive.fr/image.ashx?id=2764634&use=l&cat=p&typeid=i","cat":288993},{"id":229010,"n":"Kit tacos Old El Paso Street Vibes barbacoa - 255g","p":6.7,"u":"26,27 €/KG","img":"https://fd15-photos.leclercdrive.fr/image.ashx?id=2764631&use=l&cat=p&typeid=i","cat":288993},{"id":229015,"n":"Sauce soja Suzi Wan 135ml","p":2.15,"u":"15,93 €/L","img":"https://fd15-photos.leclercdrive.fr/image.ashx?id=2906664&use=l&cat=p&typeid=i","cat":288992},{"id":229029,"n":"Tomates entières Alro 400g","p":1.64,"u":"6,83 €/KG","img":"https://fd15-photos.leclercdrive.fr/image.ashx?id=2994545&use=l&cat=p&typeid=i","cat":289010},{"id":229031,"n":"Biscuit apéritif Ancel Bretzels - 260g","p":5.25,"u":"20,19 €/KG","img":"https://fd15-photos.leclercdrive.fr/image.ashx?id=2749137&use=l&cat=p&typeid=i","cat":297000},{"id":229037,"n":"Sauce thai green curry  Sharwood's Cooking - 415g","p":3.8,"u":"9,16 €/KG","img":"https://fd15-photos.leclercdrive.fr/image.ashx?id=2792897&use=l&cat=p&typeid=i","cat":288992},{"id":229043,"n":"Bière Desperados Tropical - 3x33cl  5.9% vol.","p":6.89,"u":"6,96 €/L","img":"https://fd15-photos.leclercdrive.fr/image.ashx?id=2983126&use=l&cat=p&typeid=i","cat":334878},{"id":229044,"n":"Mini naans Sharwood's  X4 - 260g","p":3.44,"u":"13,23 €/KG","img":"https://fd15-photos.leclercdrive.fr/image.ashx?id=2850165&use=l&cat=p&typeid=i","cat":289012},{"id":229056,"n":"Nouilles instantanées Tanoshi Blé curry - sachet 85g","p":1.29,"u":"15,18 €/KG","img":"https://fd15-photos.leclercdrive.fr/image.ashx?id=2912053&use=l&cat=p&typeid=i","cat":288992},{"id":229061,"n":"Sauce soja salée Tanoshi 200ml","p":3.35,"u":"16,75 €/L","img":"https://fd15-photos.leclercdrive.fr/image.ashx?id=2921603&use=l&cat=p&typeid=i","cat":288992},{"id":229062,"n":"Nouilles Ramen Tanoshi Crevettes - 360g","p":4.3,"u":"11,94 €/KG","img":"https://fd15-photos.leclercdrive.fr/image.ashx?id=2731954&use=l&cat=p&typeid=i","cat":288992},{"id":229065,"n":"Sauce soja  Kikkoman 1L","p":14.49,"u":"14,49 €/L","img":"https://fd15-photos.leclercdrive.fr/image.ashx?id=2849373&use=l&cat=p&typeid=i","cat":288992},{"id":229067,"n":"Biscuit crackers Pavesi x12 - 250g","p":2.78,"u":"11,12 €/KG","img":"https://fd15-photos.leclercdrive.fr/image.ashx?id=2890463&use=l&cat=p&typeid=i","cat":289010},{"id":229069,"n":"Crackers pavesi  sans grains de sel - 250g","p":2.68,"u":"10,72 €/KG","img":"https://fd15-photos.leclercdrive.fr/image.ashx?id=2890454&use=l&cat=p&typeid=i","cat":289010},{"id":229102,"n":"Capsule Nescafé Farmers Origins  Africas Int 10 - x18","p":8.5,"u":"107,59 €/KG","img":"https://fd15-photos.leclercdrive.fr/image.ashx?id=2714588&use=l&cat=p&typeid=i","cat":284749},{"id":229127,"n":"Ampoules led Flamme E14 40w - x3","p":7.99,"img":"https://fd15-photos.leclercdrive.fr/image.ashx?id=2713503&use=l&cat=p&typeid=i","cat":300573},{"id":229131,"n":"Ampoules Led Standard B22 40w - x1","p":1.99,"img":"https://fd15-photos.leclercdrive.fr/image.ashx?id=2713506&use=l&cat=p&typeid=i","cat":300573},{"id":229133,"n":"Ampoule Led Standard B22 60w - x1","p":2.99,"img":"https://fd15-photos.leclercdrive.fr/image.ashx?id=2713512&use=l&cat=p&typeid=i","cat":300573},{"id":229134,"n":"Ampoule Led Standard B22 75w - x1","p":2.69,"img":"https://fd15-photos.leclercdrive.fr/image.ashx?id=2713515&use=l&cat=p&typeid=i","cat":300573},{"id":229135,"n":"Ampoule Led Standard B22 100w - x1","p":2.99,"img":"https://fd15-photos.leclercdrive.fr/image.ashx?id=2713518&use=l&cat=p&typeid=i","cat":300573},{"id":229141,"n":"Ampoules Led Flammes E14 25w - x1","p":2.19,"img":"https://fd15-photos.leclercdrive.fr/image.ashx?id=2713521&use=l&cat=p&typeid=i","cat":300573},{"id":229149,"n":"Epices curry Sainte Lucie Madras - 34g","p":2.2,"u":"64,71 €/KG","img":"https://fd15-photos.leclercdrive.fr/image.ashx?id=2974309&use=l&cat=p&typeid=i","cat":298297},{"id":229150,"n":"Epices curry Sainte Lucy Balti - 45g","p":2.55,"u":"56,67 €/KG","img":"https://fd15-photos.leclercdrive.fr/image.ashx?id=2713886&use=l&cat=p&typeid=i","cat":298297},{"id":229154,"n":"Ampoule Led Spheriques E14 40w - x1","p":2.59,"img":"https://fd15-photos.leclercdrive.fr/image.ashx?id=2713524&use=l&cat=p&typeid=i","cat":300573},{"id":229160,"n":"Ampoule Led Flamme E14 40w - x1","p":2.49,"img":"https://fd15-photos.leclercdrive.fr/image.ashx?id=2713530&use=l&cat=p&typeid=i","cat":300573},{"id":229162,"n":"Ampoule Led Spot E14 25w - x1","p":5.99,"img":"https://fd15-photos.leclercdrive.fr/image.ashx?id=2713533&use=l&cat=p&typeid=i","cat":300573},{"id":229167,"n":"Eau de source Cristaline  Petillante - 6x33cl","p":3.25,"u":"1,64 €/L","img":"https://fd15-photos.leclercdrive.fr/image.ashx?id=2714018&use=l&cat=p&typeid=i","cat":284536},{"id":229172,"n":"Ampoule Led Standard E27 40w - x1","p":1.99,"img":"https://fd15-photos.leclercdrive.fr/image.ashx?id=2713536&use=l&cat=p&typeid=i","cat":300573},{"id":229176,"n":"Ampoule LED Standard E27 60w - x1","p":2.39,"img":"https://fd15-photos.leclercdrive.fr/image.ashx?id=2713545&use=l&cat=p&typeid=i","cat":300573},{"id":229177,"n":"Ampoule Led Standard E27 60w - x1","p":3.49,"img":"https://fd15-photos.leclercdrive.fr/image.ashx?id=2713548&use=l&cat=p&typeid=i","cat":300573},{"id":229179,"n":"Ampoule Led Standard E27 75w - x1","p":1.99,"img":"https://fd15-photos.leclercdrive.fr/image.ashx?id=2713551&use=l&cat=p&typeid=i","cat":300573},{"id":229181,"n":"Ampoule Led Standard E27 100w - x1","p":2.99,"img":"https://fd15-photos.leclercdrive.fr/image.ashx?id=2713554&use=l&cat=p&typeid=i","cat":300573},{"id":229184,"n":"Ampoule Led Capsule G4 15w - x2","p":7.99,"img":"https://fd15-photos.leclercdrive.fr/image.ashx?id=2713560&use=l&cat=p&typeid=i","cat":300573},{"id":229193,"n":"Ampoule Led Spot Gu10 35w - x1","p":2.59,"img":"https://fd15-photos.leclercdrive.fr/image.ashx?id=2713569&use=l&cat=p&typeid=i","cat":300573},{"id":229224,"n":"Glace pâte à tartiner Nutella 230g","p":6.8,"u":"29,57 €/KG","img":"https://fd15-photos.leclercdrive.fr/image.ashx?id=2905672&use=l&cat=p&typeid=i","cat":284725},{"id":229234,"n":"Glace Cacolac Fudge  Lait et Cacao - 348g","p":5.65,"u":"16,24 €/KG","img":"https://fd15-photos.leclercdrive.fr/image.ashx?id=2733841&use=l&cat=p&typeid=i","cat":284265},{"id":229235,"n":"Glace Cacolac praliné noisette 348g","p":5.65,"u":"16,24 €/KG","img":"https://fd15-photos.leclercdrive.fr/image.ashx?id=2733844&use=l&cat=p&typeid=i","cat":284265},{"id":229237,"n":"Glace Cacolac vanille  348g","p":5.45,"u":"15,66 €/KG","img":"https://fd15-photos.leclercdrive.fr/image.ashx?id=2733847&use=l&cat=p&typeid=i","cat":284265},{"id":229243,"n":"Soin capillaire express Le  Petit Marseillais Karité -200ml","p":4.84,"u":"24,20 €/L","img":"https://fd15-photos.leclercdrive.fr/image.ashx?id=2735248&use=l&cat=p&typeid=i","cat":284608},{"id":229288,"n":"Glace Carte d'Or Café - 374g","p":3.79,"u":"10,13 €/KG","img":"https://fd15-photos.leclercdrive.fr/image.ashx?id=2973348&use=l&cat=p&typeid=i","cat":284263},{"id":229289,"n":"Glace Carte d'Or Chocolat Noir - 374g","p":3.79,"u":"10,13 €/KG","img":"https://fd15-photos.leclercdrive.fr/image.ashx?id=2849370&use=l&cat=p&typeid=i","cat":284263},{"id":229292,"n":"Glace Carte d'Or Caramel fleur de sel - 373g","p":3.79,"u":"10,16 €/KG","img":"https://fd15-photos.leclercdrive.fr/image.ashx?id=3009302&use=l&cat=p&typeid=i","cat":284263},{"id":229293,"n":"Crème Glacée Carte D'Or crème  de Vanille de Madagascar 700ml","p":3.79,"u":"10,33 €/KG","img":"https://fd15-photos.leclercdrive.fr/image.ashx?id=2793062&use=l&cat=p&typeid=i","cat":284263},{"id":229295,"n":"Glace Carte d'Or Citron de Sicile - 453g","p":3.79,"u":"8,37 €/KG","img":"https://fd15-photos.leclercdrive.fr/image.ashx?id=2769251&use=l&cat=p&typeid=i","cat":284263},{"id":229315,"n":"AOP Mâcon-Lugny Blanc sec La vigne du Cloître - 75cl","p":15.23,"u":"20,31 €/L","img":"https://fd15-photos.leclercdrive.fr/image.ashx?id=2774538&use=l&cat=p&typeid=i","cat":289557},{"id":229358,"n":"Liquide vaisselle Mir Vinaigre et Framboise - 675ml","p":2.6,"u":"3,85 €/L","img":"https://fd15-photos.leclercdrive.fr/image.ashx?id=2723503&use=l&cat=p&typeid=i","cat":284655},{"id":229372,"n":"\"Canard\" Bloc WC  Tropical Adventure","p":4.28,"img":"https://fd15-photos.leclercdrive.fr/image.ashx?id=2844694&use=l&cat=p&typeid=i","cat":284662},{"id":229373,"n":"\"Canard\" Bloc WC  Garden Escape - x2","p":4.28,"u":"2,14 €/P","img":"https://fd15-photos.leclercdrive.fr/image.ashx?id=2844697&use=l&cat=p&typeid=i","cat":284662},{"id":229394,"n":"Crème glacée La Laitière Café - 490g","p":5.25,"u":"10,71 €/KG","img":"https://fd15-photos.leclercdrive.fr/image.ashx?id=3000021&use=l&cat=p&typeid=i","cat":284263},{"id":229395,"n":"Crème glacée La Laitière Menthe Chocolat - 490g","p":5.25,"u":"10,71 €/KG","img":"https://fd15-photos.leclercdrive.fr/image.ashx?id=2877889&use=l&cat=p&typeid=i","cat":284263},{"id":229396,"n":"Sorbet La Laitière Citron - 558g","p":4.25,"u":"7,62 €/KG","img":"https://fd15-photos.leclercdrive.fr/image.ashx?id=2877895&use=l&cat=p&typeid=i","cat":284263},{"id":229397,"n":"Sorbet La Laitière Fraise - 558g","p":5.25,"u":"9,41 €/KG","img":"https://fd15-photos.leclercdrive.fr/image.ashx?id=3000018&use=l&cat=p&typeid=i","cat":284263},{"id":229414,"n":"Chocolat Poulain maxi Lait Feuilleté - 190g","p":4.13,"u":"21,74 €/KG","img":"https://fd15-photos.leclercdrive.fr/image.ashx?id=2867140&use=l&cat=p&typeid=i","cat":284497},{"id":229419,"n":"Grilletine Pasquier Biscuitée x18 - 255g","p":3.2,"u":"12,55 €/KG","img":"https://fd15-photos.leclercdrive.fr/image.ashx?id=2716177&use=l&cat=p&typeid=i","cat":284479},{"id":229421,"n":"Biscuits BN Flipz  Chocolat au lait - 90g","p":3.5,"u":"38,89 €/KG","img":"https://fd15-photos.leclercdrive.fr/image.ashx?id=2716084&use=l&cat=p&typeid=i","cat":284488},{"id":229429,"n":"Gaufrettes Loacker Classic Peanut butter - 90g","p":1.59,"u":"17,67 €/KG","img":"https://fd15-photos.leclercdrive.fr/image.ashx?id=2725852&use=l&cat=p&typeid=i","cat":284487},{"id":229451,"n":"Croquettes Friskies junior  Poulet avec du lait - 7kg","p":24.75,"u":"3,54 €/KG","img":"https://fd15-photos.leclercdrive.fr/image.ashx?id=2986990&use=l&cat=p&typeid=i","cat":284672},{"id":229497,"n":"Chips Lay's  Bolognaise - 130g","p":1.85,"u":"14,23 €/KG","img":"https://fd15-photos.leclercdrive.fr/image.ashx?id=3011149&use=l&cat=p&typeid=i","cat":284447},{"id":229498,"n":"Chips Lay's Moutarde pickles - 135g","p":1.95,"u":"14,44 €/KG","img":"https://fd15-photos.leclercdrive.fr/image.ashx?id=3011152&use=l&cat=p&typeid=i","cat":284447},{"id":229547,"n":"Cassoulet William Saurin à la créole - 420g","p":4.75,"u":"11,31 €/KG","img":"https://fd15-photos.leclercdrive.fr/image.ashx?id=2771939&use=l&cat=p&typeid=i","cat":284440},{"id":229548,"n":"Chips Lay's Barbecue 75g","p":1.81,"u":"24,13 €/KG","img":"https://fd15-photos.leclercdrive.fr/image.ashx?id=2721407&use=l&cat=p&typeid=i","cat":284447},{"id":229593,"n":"Tablettes lave-vaisselle Visior Tout en 1 citron x45 - 765g","p":7.49,"u":"9,79 €/KG","img":"https://fd15-photos.leclercdrive.fr/image.ashx?id=2931850&use=l&cat=p&typeid=i","cat":284656},{"id":229596,"n":"Capsules Starbucks by Nespresso  Vanille Int 5 - x10","p":5.8,"u":"113,73 €/KG","img":"https://fd15-photos.leclercdrive.fr/image.ashx?id=2718263&use=l&cat=p&typeid=i","cat":284749},{"id":229599,"n":"Capsules Starbucks by Nespresso  Caramel Int 5 - x10","p":5.8,"u":"113,73 €/KG","img":"https://fd15-photos.leclercdrive.fr/image.ashx?id=2718260&use=l&cat=p&typeid=i","cat":284749},{"id":229601,"n":"Miel d'acacia de Bourgogne Nos Région ont du Talent 375g","p":7.9,"u":"21,07 €/KG","img":"https://fd15-photos.leclercdrive.fr/image.ashx?id=2771441&use=l&cat=p&typeid=i","cat":287643},{"id":229615,"n":"AOP Crémant de loire Demi sec  Les Caractères - 75cl","p":9.59,"u":"12,79 €/L","img":"https://fd15-photos.leclercdrive.fr/image.ashx?id=2898862&use=l&cat=p&typeid=i","cat":284545},{"id":229742,"n":"Désinfectant nettoyant Sanytol Pamplemousse - 1L","p":4.55,"u":"4,55 €/L","img":"https://fd15-photos.leclercdrive.fr/image.ashx?id=2718937&use=l&cat=p&typeid=i","cat":284907},{"id":229782,"n":"Steaks hachés Black Angus 4x125g","p":10.9,"u":"21,80 €/KG","img":"https://fd15-photos.leclercdrive.fr/image.ashx?id=2719564&use=l&cat=p&typeid=i","cat":319778},{"id":229815,"n":"Adoucissant Air Fresh Lenor x57 - 798g","p":9.99,"u":"0,18 €/P","img":"https://fd15-photos.leclercdrive.fr/image.ashx?id=2719750&use=l&cat=p&typeid=i","cat":284650},{"id":229820,"n":"Adoucissant Air Frais Lenor Fraicheur 57 lavages - 798g","p":9.99,"u":"0,18 €/P","img":"https://fd15-photos.leclercdrive.fr/image.ashx?id=2719756&use=l&cat=p&typeid=i","cat":284650},{"id":229879,"n":"Apéritif Campari 25% vol - 70cl","p":19.7,"u":"28,14 €/L","img":"https://fd15-photos.leclercdrive.fr/image.ashx?id=3009155&use=l&cat=p&typeid=i","cat":286032},{"id":229982,"n":"Coulommiers Eco+ 320g","p":2.59,"u":"8,09 €/KG","img":"https://fd15-photos.leclercdrive.fr/image.ashx?id=2726824&use=l&cat=p&typeid=i","cat":314033},{"id":230095,"n":"Barre chocolatée Kitkat Noisette - x4 - 166g","p":4.25,"u":"25,60 €/KG","img":"https://fd15-photos.leclercdrive.fr/image.ashx?id=2895056&use=l&cat=p&typeid=i","cat":284498},{"id":230117,"n":"Nectar multi-fruits Compal 1L","p":2.55,"u":"2,55 €/L","img":"https://fd15-photos.leclercdrive.fr/image.ashx?id=2837970&use=l&cat=p&typeid=i","cat":284917},{"id":230119,"n":"Nectar poire Compal 1L","p":2.4,"u":"2,40 €/L","img":"https://fd15-photos.leclercdrive.fr/image.ashx?id=2837913&use=l&cat=p&typeid=i","cat":284915},{"id":230151,"n":"Tablette de chocolat Lindt Création blanc rocher - 145g","p":6.35,"u":"43,79 €/KG","img":"https://fd15-photos.leclercdrive.fr/image.ashx?id=2720446&use=l&cat=p&typeid=i","cat":284957},{"id":230155,"n":"Tablette chocolat Poulain Noir extra - 400g","p":6.38,"u":"15,95 €/KG","img":"https://fd15-photos.leclercdrive.fr/image.ashx?id=2964502&use=l&cat=p&typeid=i","cat":284956},{"id":230158,"n":"Tablette de chocolat Poulain Noir extra mini carrés - 210g","p":5.16,"u":"24,57 €/KG","img":"https://fd15-photos.leclercdrive.fr/image.ashx?id=2720761&use=l&cat=p&typeid=i","cat":284497},{"id":230167,"n":"Lessive liquide X-tra Total  Ecopack  x41 - 1.845L","p":11.5,"u":"6,23 €/L","img":"https://fd15-photos.leclercdrive.fr/image.ashx?id=2890124&use=l&cat=p&typeid=i","cat":284640},{"id":230176,"n":"Le Comté Président affiné 6 mois 200g","p":5.55,"u":"27,75 €/KG","img":"https://fd15-photos.leclercdrive.fr/image.ashx?id=2721730&use=l&cat=p&typeid=i","cat":314034},{"id":230319,"n":"Fromage Fol Epi Caractère x6 - 130g","p":3.02,"u":"23,23 €/KG","img":"https://fd15-photos.leclercdrive.fr/image.ashx?id=2765931&use=l&cat=p&typeid=i","cat":314028},{"id":230323,"n":"Fromage Fol Epi  Extra fondant x6 - 130g","p":2.97,"u":"22,85 €/KG","img":"https://fd15-photos.leclercdrive.fr/image.ashx?id=2765934&use=l&cat=p&typeid=i","cat":314028},{"id":230328,"n":"Lait écrémé Candia Sans lactose - 8L","p":14.99,"u":"1,87 €/L","img":"https://fd15-photos.leclercdrive.fr/image.ashx?id=2721937&use=l&cat=p&typeid=i","cat":284949},{"id":230340,"n":"IGP Peyrassol La Croix rosé Méditerranée - 75cl","p":16.6,"u":"22,13 €/L","img":"https://fd15-photos.leclercdrive.fr/image.ashx?id=2962896&use=l&cat=p&typeid=i","cat":289558},{"id":230371,"n":"Crème glacée L'Angelys Vanille cookies - 300g","p":7.2,"u":"24,00 €/KG","img":"https://fd15-photos.leclercdrive.fr/image.ashx?id=2963760&use=l&cat=p&typeid=i","cat":284725},{"id":230376,"n":"Creme glacée L'Angelys Coulis caramel - 300g","p":7.2,"u":"24,00 €/KG","img":"https://fd15-photos.leclercdrive.fr/image.ashx?id=2963772&use=l&cat=p&typeid=i","cat":284725},{"id":230639,"n":"Cerneaux de noix de Grenoble Nos Régions ont du Talent 125g","p":2.99,"u":"23,92 €/KG","img":"https://fd15-photos.leclercdrive.fr/image.ashx?id=2723258&use=l&cat=p&typeid=i","cat":284357},{"id":230647,"n":"Dessert végétal Andros Chocolat - 4x100g","p":3.15,"u":"7,88 €/KG","img":"https://fd15-photos.leclercdrive.fr/image.ashx?id=2872003&use=l&cat=p&typeid=i","cat":316071},{"id":230740,"n":"Serviettes incontinence Eco+ Extra - x10","p":1.45,"img":"https://fd15-photos.leclercdrive.fr/image.ashx?id=2722979&use=l&cat=p&typeid=i","cat":284628},{"id":230754,"n":"Huile solaire Lovea Solaire - SPF30 - 150ml","p":20.85,"u":"139,00 €/L","img":"https://fd15-photos.leclercdrive.fr/image.ashx?id=2723827&use=l&cat=p&typeid=i","cat":325349},{"id":230758,"n":"Dentifrice Oral-B 3D White Arctic Fresh - 75ml","p":5.44,"u":"72,53 €/L","img":"https://fd15-photos.leclercdrive.fr/image.ashx?id=2902385&use=l&cat=p&typeid=i","cat":284612},{"id":230772,"n":"Dentifrice Oral-B Densité email Blancheur - 75ml","p":4.1,"u":"54,67 €/L","img":"https://fd15-photos.leclercdrive.fr/image.ashx?id=2723977&use=l&cat=p&typeid=i","cat":284612},{"id":230781,"n":"Chips Street food Vico Saveur poulet Tex Mex - 120g","p":1.71,"u":"14,25 €/KG","img":"https://fd15-photos.leclercdrive.fr/image.ashx?id=3000099&use=l&cat=p&typeid=i","cat":284447},{"id":230827,"n":"Crackers Belin Minizza  Tomate 95g","p":2.15,"u":"22,63 €/KG","img":"https://fd15-photos.leclercdrive.fr/image.ashx?id=3005317&use=l&cat=p&typeid=i","cat":297000},{"id":230830,"n":"Crackers Belin Monaco Emmental 110g","p":1.69,"u":"15,36 €/KG","img":"https://fd15-photos.leclercdrive.fr/image.ashx?id=3002228&use=l&cat=p&typeid=i","cat":297000},{"id":230855,"n":"Crackers Belin Feuilleté Emmental 95g","p":1.99,"u":"20,95 €/KG","img":"https://fd15-photos.leclercdrive.fr/image.ashx?id=3005320&use=l&cat=p&typeid=i","cat":297000},{"id":230863,"n":"Crackers Monaco Belin Emmental  170g","p":2.75,"u":"16,18 €/KG","img":"https://fd15-photos.leclercdrive.fr/image.ashx?id=3002231&use=l&cat=p&typeid=i","cat":297000},{"id":231020,"n":"Tube harissa El Manar - 70g","p":1.6,"u":"22,86 €/KG","img":"https://fd15-photos.leclercdrive.fr/image.ashx?id=2725810&use=l&cat=p&typeid=i","cat":289013},{"id":231021,"n":"Cassoulet Toulousain William Saurin - 420g","p":4.9,"u":"11,67 €/KG","img":"https://fd15-photos.leclercdrive.fr/image.ashx?id=2904080&use=l&cat=p&typeid=i","cat":284440},{"id":231053,"n":"Saucisson sec Cochonou  -25% de sel 32 tranches - 100g","p":2.85,"u":"28,50 €/KG","img":"https://fd15-photos.leclercdrive.fr/image.ashx?id=2833633&use=l&cat=p&typeid=i","cat":316007},{"id":231153,"n":"Lunch bowl Bonduelle Quinoa légumes - 250g","p":3.99,"u":"15,96 €/KG","img":"https://fd15-photos.leclercdrive.fr/image.ashx?id=2979641&use=l&cat=p&typeid=i","cat":284953},{"id":231155,"n":"Lunch bowl Bonduelle Epeautre légumes - 250g","p":3.99,"u":"15,96 €/KG","img":"https://fd15-photos.leclercdrive.fr/image.ashx?id=2984856&use=l&cat=p&typeid=i","cat":284953},{"id":231173,"n":"Pâte à pizza Croustipate XXL - 500g","p":2.55,"u":"5,10 €/KG","img":"https://fd15-photos.leclercdrive.fr/image.ashx?id=2900923&use=l&cat=p&typeid=i","cat":333681},{"id":231187,"n":"Dentifrice Signal - Intense Extra-Fraîcheur - 3x75ml","p":4.83,"u":"21,47 €/L","img":"https://fd15-photos.leclercdrive.fr/image.ashx?id=2743706&use=l&cat=p&typeid=i","cat":284612},{"id":231188,"n":"Dentifrice Signal - 1 Semaine Système Blancheur - 3x75ml","p":6.78,"u":"30,13 €/L","img":"https://fd15-photos.leclercdrive.fr/image.ashx?id=2740919&use=l&cat=p&typeid=i","cat":284612},{"id":231190,"n":"Signal - Eclat Brillance Système Blancheur - 3x75ml","p":6.79,"u":"30,18 €/L","img":"https://fd15-photos.leclercdrive.fr/image.ashx?id=2743700&use=l&cat=p&typeid=i","cat":284612},{"id":231191,"n":"Dentifrice Signal - Charbon Système Blancheur - 3x75ml","p":6.79,"u":"30,18 €/L","img":"https://fd15-photos.leclercdrive.fr/image.ashx?id=2743709&use=l&cat=p&typeid=i","cat":284612},{"id":231201,"n":"Lessive liquide X-tra Total Savon de Marseille x44 - 1.98L","p":14.55,"u":"7,35 €/L","img":"https://fd15-photos.leclercdrive.fr/image.ashx?id=2890631&use=l&cat=p&typeid=i","cat":284640},{"id":231202,"n":"Lessive liquide X-tra  Fraicheur Alpine x44  -1.98L","p":14.55,"u":"7,35 €/L","img":"https://fd15-photos.leclercdrive.fr/image.ashx?id=2727434&use=l&cat=p&typeid=i","cat":284640},{"id":231203,"n":"Lessive liquide Super Croix  X-tra Japon x42- 1.89L","p":16.89,"u":"8,94 €/L","img":"https://fd15-photos.leclercdrive.fr/image.ashx?id=2876272&use=l&cat=p&typeid=i","cat":284640},{"id":231205,"n":"Lessive liquide X-tra Total  Déo fraîcheur givré x40 - 1.80L","p":14.55,"u":"8,08 €/L","img":"https://fd15-photos.leclercdrive.fr/image.ashx?id=2936131&use=l&cat=p&typeid=i","cat":284640},{"id":231254,"n":"Bonbons Asti Pik Haribo  180g","p":1.75,"u":"9,72 €/KG","img":"https://fd15-photos.leclercdrive.fr/image.ashx?id=2984967&use=l&cat=p&typeid=i","cat":304250},{"id":231255,"n":"Bonbons pixels Haribo 180g","p":1.79,"u":"9,94 €/KG","img":"https://fd15-photos.leclercdrive.fr/image.ashx?id=2984964&use=l&cat=p&typeid=i","cat":304250},{"id":231262,"n":"Bière Desperados Virgin Punch 00%vol - 3x33cl","p":6.65,"u":"6,72 €/L","img":"https://fd15-photos.leclercdrive.fr/image.ashx?id=2977981&use=l&cat=p&typeid=i","cat":334877},{"id":231282,"n":"Chips Street food Vico  Saveur tzatziki - 120g","p":1.71,"u":"14,25 €/KG","img":"https://fd15-photos.leclercdrive.fr/image.ashx?id=2985192&use=l&cat=p&typeid=i","cat":284447},{"id":231294,"n":"Gel WC Harpic Power Plus  750ml +250ml offerts","p":2.94,"u":"2,94 €/L","img":"https://fd15-photos.leclercdrive.fr/image.ashx?id=2728609&use=l&cat=p&typeid=i","cat":284662},{"id":231295,"n":"Gel WC Harpic Power Plus  Marine - 750ml +250ml offerts","p":2.94,"u":"2,94 €/L","img":"https://fd15-photos.leclercdrive.fr/image.ashx?id=2728612&use=l&cat=p&typeid=i","cat":284662},{"id":231301,"n":"Nouilles au poulet  Tables du Monde - 900g","p":5.34,"u":"5,93 €/KG","img":"https://fd15-photos.leclercdrive.fr/image.ashx?id=2726794&use=l&cat=p&typeid=i","cat":284254},{"id":231322,"n":"Poudre cacaotée Tonimalt 450g","p":7.05,"u":"15,67 €/KG","img":"https://fd15-photos.leclercdrive.fr/image.ashx?id=2728828&use=l&cat=p&typeid=i","cat":293235},{"id":231368,"n":"Capsules café L'Or Espresso Supremo N°10 x30","p":16.3,"u":"104,49 €/KG","img":"https://fd15-photos.leclercdrive.fr/image.ashx?id=2788052&use=l&cat=p&typeid=i","cat":284749},{"id":231370,"n":"Capsules café L'Or Espresso Ristretto N°11 x30","p":14.09,"u":"90,32 €/KG","img":"https://fd15-photos.leclercdrive.fr/image.ashx?id=2728843&use=l&cat=p&typeid=i","cat":284749},{"id":231371,"n":"Capsules café L'Or Espresso Forza N°9 x30","p":14.09,"u":"90,32 €/KG","img":"https://fd15-photos.leclercdrive.fr/image.ashx?id=3000468&use=l&cat=p&typeid=i","cat":284749},{"id":231375,"n":"Fromage Carré Eco+ 25%MG - 200g","p":2.09,"u":"10,45 €/KG","img":"https://fd15-photos.leclercdrive.fr/image.ashx?id=2728047&use=l&cat=p&typeid=i","cat":314033},{"id":231402,"n":"Chips Paysannes Pom'Lisse Lardon oignon - 135g","p":1.52,"u":"11,26 €/KG","img":"https://fd15-photos.leclercdrive.fr/image.ashx?id=2919538&use=l&cat=p&typeid=i","cat":284447},{"id":231403,"n":"Chips sel & vinaigre Pom'Lisse 135g","p":1.32,"u":"9,78 €/KG","img":"https://fd15-photos.leclercdrive.fr/image.ashx?id=2919670&use=l&cat=p&typeid=i","cat":284447},{"id":231409,"n":"Wraps Old El Paso Blé complet - 350g","p":3.64,"u":"10,40 €/KG","img":"https://fd15-photos.leclercdrive.fr/image.ashx?id=2728819&use=l&cat=p&typeid=i","cat":288993},{"id":231503,"n":"Bière blonde Heineken 6x25cl","p":8.55,"u":"5,70 €/L","img":"https://fd15-photos.leclercdrive.fr/image.ashx?id=2727004&use=l&cat=p&typeid=i","cat":334873},{"id":231504,"n":"Bière blonde Heineken 6x33cl","p":10.95,"u":"5,53 €/L","img":"https://fd15-photos.leclercdrive.fr/image.ashx?id=2726998&use=l&cat=p&typeid=i","cat":334873},{"id":231505,"n":"Bière Heineken 6x33cl","p":8.95,"u":"4,52 €/L","img":"https://fd15-photos.leclercdrive.fr/image.ashx?id=2708501&use=l&cat=p&typeid=i","cat":334873},{"id":231506,"n":"Malta Lorraine 12x50cl","p":16.95,"u":"2,83 €/L","img":"https://fd15-photos.leclercdrive.fr/image.ashx?id=2201288&use=l&cat=p&typeid=i","cat":334853},{"id":231570,"n":"Badoit bulles de fruits rouges 1l","p":2.95,"u":"2,95 €/L","img":"https://fd15-photos.leclercdrive.fr/image.ashx?id=2964676&use=l&cat=p&typeid=i","cat":284536},{"id":231571,"n":"Badoit bulles de fruits  Exotiques - 1L","p":2.95,"u":"2,95 €/L","img":"https://fd15-photos.leclercdrive.fr/image.ashx?id=2753952&use=l&cat=p&typeid=i","cat":284536},{"id":231644,"n":"Aérosol anti-volants Raid - 400ml","p":9.84,"u":"24,60 €/L","img":"https://fd15-photos.leclercdrive.fr/image.ashx?id=2747079&use=l&cat=p&typeid=i","cat":298368},{"id":231656,"n":"Liquide vaisselle Mir  Dégraissant Secrets Japon-675ml","p":3.2,"u":"4,74 €/L","img":"https://fd15-photos.leclercdrive.fr/image.ashx?id=2740571&use=l&cat=p&typeid=i","cat":284655},{"id":231658,"n":"Lessive liquide X-tra Total  4 en 1 propreté x85 - 3.825L","p":22.9,"u":"5,99 €/L","img":"https://fd15-photos.leclercdrive.fr/image.ashx?id=2740568&use=l&cat=p&typeid=i","cat":284640},{"id":231659,"n":"Tablette lave-vaisselle Tout-en-un - x100","p":16.99,"img":"https://fd15-photos.leclercdrive.fr/image.ashx?id=2931853&use=l&cat=p&typeid=i","cat":284656},{"id":231660,"n":"Lessive liquide Super Croix  X-tra Maroc x42 - 1.890L","p":16.89,"u":"8,94 €/L","img":"https://fd15-photos.leclercdrive.fr/image.ashx?id=2876275&use=l&cat=p&typeid=i","cat":284640},{"id":231710,"n":"Capsules lave-vaisselle Finish Ultimate Plus - x35","p":14.09,"u":"33,00 €/KG","img":"https://fd15-photos.leclercdrive.fr/image.ashx?id=2749434&use=l&cat=p&typeid=i","cat":284656},{"id":231711,"n":"Tablettes lave-vaisselle Finish Power Plus - x80","p":16.95,"u":"13,24 €/KG","img":"https://fd15-photos.leclercdrive.fr/image.ashx?id=2749428&use=l&cat=p&typeid=i","cat":284656},{"id":231712,"n":"Tablettes lave-vaisselle Finish Power Plus - x54","p":12.1,"u":"14,00 €/KG","img":"https://fd15-photos.leclercdrive.fr/image.ashx?id=2749425&use=l&cat=p&typeid=i","cat":284656},{"id":231714,"n":"Spray nettoyant Cillit Bang  Expert Anti-moisissures - 750ml","p":4.58,"u":"6,11 €/L","img":"https://fd15-photos.leclercdrive.fr/image.ashx?id=2790114&use=l&cat=p&typeid=i","cat":325357},{"id":231717,"n":"ST MARC Liquide Nettoyant Multi Usages Côtes Bretonnes - 1L","p":3.19,"u":"3,19 €/L","img":"https://fd15-photos.leclercdrive.fr/image.ashx?id=2859074&use=l&cat=p&typeid=i","cat":284907},{"id":231718,"n":"Nettoyant liquide St Marc Multi usages Forêt des Landes - 1L","p":3.19,"u":"3,19 €/L","img":"https://fd15-photos.leclercdrive.fr/image.ashx?id=2844208&use=l&cat=p&typeid=i","cat":284907},{"id":231719,"n":"Lessive capsules Super Croix X-tra Bora Bora x28  - 336g","p":17.69,"u":"52,65 €/KG","img":"https://fd15-photos.leclercdrive.fr/image.ashx?id=2876284&use=l&cat=p&typeid=i","cat":284641},{"id":231732,"n":"Crème glacée L'Angélys Vanille pécan caramel - 300g","p":6.89,"u":"22,97 €/KG","img":"https://fd15-photos.leclercdrive.fr/image.ashx?id=2963763&use=l&cat=p&typeid=i","cat":284725},{"id":231735,"n":"Dés de jambon à l'étouffé Fleury Michon - 150g","p":2.79,"u":"18,60 €/KG","img":"https://fd15-photos.leclercdrive.fr/image.ashx?id=2740538&use=l&cat=p&typeid=i","cat":316011},{"id":231923,"n":"Liquide vaisselle Maison Verte  Dégraissant, écologique - 500ml","p":3.05,"u":"6,10 €/L","img":"https://fd15-photos.leclercdrive.fr/image.ashx?id=2890619&use=l&cat=p&typeid=i","cat":284655},{"id":231936,"n":"Café en grains Lavazza Voix de la Terre Cuba - 500g","p":12.5,"u":"25,00 €/KG","img":"https://fd15-photos.leclercdrive.fr/image.ashx?id=2865221&use=l&cat=p&typeid=i","cat":293237},{"id":232022,"n":"Lessive capsules Super Croix  X-tra Japon x28 - 336g","p":17.69,"u":"52,65 €/KG","img":"https://fd15-photos.leclercdrive.fr/image.ashx?id=2876278&use=l&cat=p&typeid=i","cat":284641},{"id":232025,"n":"Lessive capsules Super Croix X-tra - Maroc - x28 - 336g","p":17.69,"u":"52,65 €/KG","img":"https://fd15-photos.leclercdrive.fr/image.ashx?id=2876281&use=l&cat=p&typeid=i","cat":284641},{"id":232038,"n":"Dessert Fondant Mamie Nova Chocolat Menthe 2x150g","p":2.2,"u":"7,33 €/KG","img":"https://fd15-photos.leclercdrive.fr/image.ashx?id=2909032&use=l&cat=p&typeid=i","cat":285041},{"id":232043,"n":"Lessive liquide X-tra Total 4+1 - Ecopack - 1.26L - x28","p":8.45,"u":"6,71 €/L","img":"https://fd15-photos.leclercdrive.fr/image.ashx?id=2890637&use=l&cat=p&typeid=i","cat":284640},{"id":232084,"n":"Serviette Ultra Puresens,Normal","p":2.9,"img":"https://fd15-photos.leclercdrive.fr/image.ashx?id=2756452&use=l&cat=p&typeid=i","cat":284624},{"id":232112,"n":"Bâtonnets Magnum 3 variétés x8 - 572g","p":8.35,"u":"14,60 €/KG","img":"https://fd15-photos.leclercdrive.fr/image.ashx?id=3009308&use=l&cat=p&typeid=i","cat":284265},{"id":232122,"n":"Chorizo tapas Cesar Moroni Doux - 180g","p":4.99,"u":"27,72 €/KG","img":"https://fd15-photos.leclercdrive.fr/image.ashx?id=2948944&use=l&cat=p&typeid=i","cat":316006},{"id":232123,"n":"Chorizo tapas César Moroni Fort - 180g","p":3.69,"u":"20,50 €/KG","img":"https://fd15-photos.leclercdrive.fr/image.ashx?id=2744962&use=l&cat=p&typeid=i","cat":316006},{"id":232136,"n":"Lessive poudre Le Chat  Sensitive x36 - 2.16kg","p":20.65,"u":"9,56 €/KG","img":"https://fd15-photos.leclercdrive.fr/image.ashx?id=2965031&use=l&cat=p&typeid=i","cat":284642},{"id":232150,"n":"Lessive liquide Mir Couleurs  Raviveur couleurs x27 - 1.35L","p":13.25,"u":"9,81 €/L","img":"https://fd15-photos.leclercdrive.fr/image.ashx?id=2744034&use=l&cat=p&typeid=i","cat":284644},{"id":232184,"n":"Adoucissant Lenor Bouquet floral - 840ml - x40","p":5.95,"u":"0,15 €/P","img":"https://fd15-photos.leclercdrive.fr/image.ashx?id=2745382&use=l&cat=p&typeid=i","cat":284650},{"id":232186,"n":"Liquide vaisselle Mir  Dégraissant orange - 450ml","p":3.2,"u":"7,11 €/L","img":"https://fd15-photos.leclercdrive.fr/image.ashx?id=2874907&use=l&cat=p&typeid=i","cat":284655},{"id":232193,"n":"Liquide vaisselle Mir vinaigre Pamplemousse dégraissant -450ml","p":3.2,"u":"7,11 €/L","img":"https://fd15-photos.leclercdrive.fr/image.ashx?id=2889346&use=l&cat=p&typeid=i","cat":284655},{"id":232195,"n":"Liquide vaisselle Mir  Peau sensible aloe vera - 450ml","p":3.2,"u":"7,11 €/L","img":"https://fd15-photos.leclercdrive.fr/image.ashx?id=2874904&use=l&cat=p&typeid=i","cat":284655},{"id":232201,"n":"Liquide vaisselle Mir  Dégraissant & brillance - 450ml","p":3.2,"u":"7,11 €/L","img":"https://fd15-photos.leclercdrive.fr/image.ashx?id=2744049&use=l&cat=p&typeid=i","cat":284655},{"id":232229,"n":"Lingettes humides Swiffer citron - x10","p":6.8,"u":"0,68 €/P","img":"https://fd15-photos.leclercdrive.fr/image.ashx?id=2745331&use=l&cat=p&typeid=i","cat":325364},{"id":232305,"n":"Brosse à dent Signal Triple action - Souple - x4","p":2.16,"img":"https://fd15-photos.leclercdrive.fr/image.ashx?id=2745871&use=l&cat=p&typeid=i","cat":284614},{"id":232310,"n":"Cantal AOP Les Croisés 30%MG Tranchettes - 180g","p":2.86,"u":"15,89 €/KG","img":"https://fd15-photos.leclercdrive.fr/image.ashx?id=2744551&use=l&cat=p&typeid=i","cat":314028},{"id":232315,"n":"Nettoyant Steradent Pureté active - x36","p":3.49,"img":"https://fd15-photos.leclercdrive.fr/image.ashx?id=2745604&use=l&cat=p&typeid=i","cat":285158},{"id":232317,"n":"Ruban interdentaire Efiseptyl Ultra doux - 25m","p":4.2,"img":"https://fd15-photos.leclercdrive.fr/image.ashx?id=2923474&use=l&cat=p&typeid=i","cat":285159},{"id":232319,"n":"Tablettes lave-vaisselle Sun Tout-en-1 - x24 -396g","p":9.85,"u":"24,87 €/KG","img":"https://fd15-photos.leclercdrive.fr/image.ashx?id=2760543&use=l&cat=p&typeid=i","cat":284656},{"id":232321,"n":"Lessive capsules Tout-en-1 Skip Soin complet - x24 - 506.4g","p":19.2,"u":"37,94 €/KG","img":"https://fd15-photos.leclercdrive.fr/image.ashx?id=2773931&use=l&cat=p&typeid=i","cat":284641},{"id":232345,"n":"Adoucissant Soupline concentré Utra Emotion Rose - 1.28L - x60","p":12.77,"u":"9,98 €/L","img":"https://fd15-photos.leclercdrive.fr/image.ashx?id=2832575&use=l&cat=p&typeid=i","cat":284650},{"id":232346,"n":"Tablettes Adoucissant Soupline Coeur Emotion Rose - x28 336g","p":12.76,"u":"37,98 €/KG","img":"https://fd15-photos.leclercdrive.fr/image.ashx?id=2745841&use=l&cat=p&typeid=i","cat":284650},{"id":232347,"n":"Perles de linge Soupline Coco - 230g","p":11.69,"u":"50,83 €/KG","img":"https://fd15-photos.leclercdrive.fr/image.ashx?id=2945829&use=l&cat=p&typeid=i","cat":325302},{"id":232348,"n":"Perles de linge Soupline Lavande - 230g","p":11.69,"u":"50,83 €/KG","img":"https://fd15-photos.leclercdrive.fr/image.ashx?id=2745835&use=l&cat=p&typeid=i","cat":325302},{"id":232356,"n":"Gel douche Sanex Zéro Family - Pompe - 700ml","p":6.54,"u":"9,34 €/L","img":"https://fd15-photos.leclercdrive.fr/image.ashx?id=2745859&use=l&cat=p&typeid=i","cat":284594},{"id":232357,"n":"Recharge Gel douche Sanex Zéro - Peaux sensibles - 500ml","p":5.29,"u":"10,58 €/L","img":"https://fd15-photos.leclercdrive.fr/image.ashx?id=2745856&use=l&cat=p&typeid=i","cat":284594},{"id":232367,"n":"Déodorant spray homme Axe Black Vanilla 72h - 150ml","p":7.28,"u":"48,53 €/L","img":"https://fd15-photos.leclercdrive.fr/image.ashx?id=2910237&use=l&cat=p&typeid=i","cat":284618},{"id":232369,"n":"Bain de bouche Colgate Max Fresh Protection complète 500ml","p":6.35,"u":"12,70 €/L","img":"https://fd15-photos.leclercdrive.fr/image.ashx?id=2747178&use=l&cat=p&typeid=i","cat":284613},{"id":232371,"n":"Dentifrice enfant Elmex Anti-caries - 6-12 ans - 75ml","p":4.14,"u":"55,20 €/L","img":"https://fd15-photos.leclercdrive.fr/image.ashx?id=2747175&use=l&cat=p&typeid=i","cat":288898},{"id":232421,"n":"Café Soluble Nescafé Cappuccino Vanille - 276g","p":7.55,"u":"27,36 €/KG","img":"https://fd15-photos.leclercdrive.fr/image.ashx?id=2866843&use=l&cat=p&typeid=i","cat":284843},{"id":232536,"n":"Lindahls Pro+ 6 Tranches - 120g","p":2.69,"u":"22,42 €/KG","img":"https://fd15-photos.leclercdrive.fr/image.ashx?id=2748308&use=l&cat=p&typeid=i","cat":314028},{"id":232562,"n":"Barre snack Lindahls Protein  Noix de coco - 3x40g","p":3.39,"u":"28,25 €/KG","img":"https://fd15-photos.leclercdrive.fr/image.ashx?id=2748653&use=l&cat=p&typeid=i","cat":284419},{"id":232567,"n":"Barre snack Lindahls Protein  Chocolat - 3x40g","p":3.39,"u":"28,25 €/KG","img":"https://fd15-photos.leclercdrive.fr/image.ashx?id=2748656&use=l&cat=p&typeid=i","cat":284419},{"id":232740,"n":"Chips Tuiles Pringles HOT Barbecue Ribs - 160g","p":2.49,"u":"15,56 €/KG","img":"https://fd15-photos.leclercdrive.fr/image.ashx?id=2749506&use=l&cat=p&typeid=i","cat":287899},{"id":232768,"n":"Skyr à boire Danone Fruits exotiques 270g","p":2.19,"u":"8,11 €/KG","img":"https://fd15-photos.leclercdrive.fr/image.ashx?id=2748784&use=l&cat=p&typeid=i","cat":284415},{"id":232769,"n":"Skyr à boire Danone Fruits rouges 270g","p":2.19,"u":"8,11 €/KG","img":"https://fd15-photos.leclercdrive.fr/image.ashx?id=2748787&use=l&cat=p&typeid=i","cat":284415},{"id":232770,"n":"Skyr à boire Danone Vanille 270g","p":2.19,"u":"8,11 €/KG","img":"https://fd15-photos.leclercdrive.fr/image.ashx?id=2817332&use=l&cat=p&typeid=i","cat":284415},{"id":232772,"n":"Skyr Danone Peche Abricot 2x140g","p":3.59,"u":"12,82 €/KG","img":"https://fd15-photos.leclercdrive.fr/image.ashx?id=2851734&use=l&cat=p&typeid=i","cat":315000},{"id":232792,"n":"AOC Bordeaux Supérieur  Château Vermont Tradition 75cl","p":10.5,"u":"14,00 €/L","img":"https://fd15-photos.leclercdrive.fr/image.ashx?id=2750519&use=l&cat=p&typeid=i","cat":289556},{"id":232839,"n":"Gel déboucheur Destop  Turbo 5 min - 4 doses - 1L","p":9.15,"u":"9,15 €/L","img":"https://fd15-photos.leclercdrive.fr/image.ashx?id=2976032&use=l&cat=p&typeid=i","cat":284908},{"id":232840,"n":"Gel déboucheur Destop  Turbo 5 min - 2 doses - 500ml","p":5.1,"u":"10,20 €/L","img":"https://fd15-photos.leclercdrive.fr/image.ashx?id=2976029&use=l&cat=p&typeid=i","cat":284908},{"id":232855,"n":"Purée façon écrasé Tajine Yooji Bio - Dès 8 mois - 400g","p":4.86,"u":"12,15 €/KG","img":"https://fd15-photos.leclercdrive.fr/image.ashx?id=2750570&use=l&cat=p&typeid=i","cat":312236},{"id":232856,"n":"Mini saucissons secs Saint-Azay À la truffe d'été - 75g","p":2.3,"u":"30,67 €/KG","img":"https://fd15-photos.leclercdrive.fr/image.ashx?id=2754901&use=l&cat=p&typeid=i","cat":316006},{"id":232858,"n":"L'Onctueux Rians Caramel beurre salé - 2x90g","p":3.99,"u":"22,17 €/KG","img":"https://fd15-photos.leclercdrive.fr/image.ashx?id=2750438&use=l&cat=p&typeid=i","cat":285041},{"id":232945,"n":"Kéfir à boire Activia  Myrtille - 280g","p":2.19,"u":"7,82 €/KG","img":"https://fd15-photos.leclercdrive.fr/image.ashx?id=2983012&use=l&cat=p&typeid=i","cat":284415},{"id":232946,"n":"Kefir à boire Activia  Nature 280g","p":1.99,"u":"7,11 €/KG","img":"https://fd15-photos.leclercdrive.fr/image.ashx?id=2750976&use=l&cat=p&typeid=i","cat":284415},{"id":232949,"n":"Cottage cheese Danone Nature x2 - 360g","p":3.74,"u":"10,39 €/KG","img":"https://fd15-photos.leclercdrive.fr/image.ashx?id=2915694&use=l&cat=p&typeid=i","cat":314029},{"id":232961,"n":"Gel douche Sanex Zéro% Sensitive Pompe - 700ml","p":6.54,"u":"9,34 €/L","img":"https://fd15-photos.leclercdrive.fr/image.ashx?id=2751384&use=l&cat=p&typeid=i","cat":284594},{"id":232963,"n":"Yaourt à boire Hipro+ Cafe latte - 345g","p":3.15,"u":"9,13 €/KG","img":"https://fd15-photos.leclercdrive.fr/image.ashx?id=2807450&use=l&cat=p&typeid=i","cat":284415},{"id":232966,"n":"Yaourt à boire Hipro+ Café caramel 345g","p":3.29,"u":"9,54 €/KG","img":"https://fd15-photos.leclercdrive.fr/image.ashx?id=2807447&use=l&cat=p&typeid=i","cat":284415},{"id":232979,"n":"Bougie Glade Aromatherapy  Orange & Néroli - x1","p":8.95,"img":"https://fd15-photos.leclercdrive.fr/image.ashx?id=2867725&use=l&cat=p&typeid=i","cat":284666},{"id":232980,"n":"Bougie Glade Aromatherapy Lavande & bois de santal - x1","p":8.95,"img":"https://fd15-photos.leclercdrive.fr/image.ashx?id=2867722&use=l&cat=p&typeid=i","cat":284666},{"id":232989,"n":"Spray nettoyant Cillit Bang  Expert Dégraissant - 750ml","p":4.58,"u":"0,01 €/M3","img":"https://fd15-photos.leclercdrive.fr/image.ashx?id=2751222&use=l&cat=p&typeid=i","cat":325357},{"id":232991,"n":"Déodorant Eco+ Floral - 200ml","p":1.3,"u":"6,50 €/L","img":"https://fd15-photos.leclercdrive.fr/image.ashx?id=2750270&use=l&cat=p&typeid=i","cat":284595},{"id":232994,"n":"Gel Lubrifiant Intime Intimy Fleur de coton - 70ml","p":6.1,"u":"87,14 €/L","img":"https://fd15-photos.leclercdrive.fr/image.ashx?id=2774957&use=l&cat=p&typeid=i","cat":285160},{"id":233005,"n":"Microfibre Eco+ Multi-usage - x3","p":3.05,"img":"https://fd15-photos.leclercdrive.fr/image.ashx?id=2750273&use=l&cat=p&typeid=i","cat":298252},{"id":233014,"n":"Couches Pampers Harmonie Maxi Pack - Taille 6 13+kg x58","p":45.45,"img":"https://fd15-photos.leclercdrive.fr/image.ashx?id=2878465&use=l&cat=p&typeid=i","cat":284737},{"id":233137,"n":"Masque cheveux Fructis Réparateur - Papaye - 320ml","p":10.4,"u":"32,50 €/L","img":"https://fd15-photos.leclercdrive.fr/image.ashx?id=2754036&use=l&cat=p&typeid=i","cat":284608},{"id":233151,"n":"Masque cheveux fructis Nourrissant - Banana - 320ml","p":10.4,"u":"32,50 €/L","img":"https://fd15-photos.leclercdrive.fr/image.ashx?id=2754042&use=l&cat=p&typeid=i","cat":284608},{"id":233153,"n":"Masque cheveux Fructis Nutrition Beurre de cacao 320ml","p":10.4,"u":"32,50 €/L","img":"https://fd15-photos.leclercdrive.fr/image.ashx?id=2788763&use=l&cat=p&typeid=i","cat":284608},{"id":233154,"n":"Masque cheveux Fructis Hydratant - Aloe Vera - 320ml","p":11.45,"u":"35,78 €/L","img":"https://fd15-photos.leclercdrive.fr/image.ashx?id=2754048&use=l&cat=p&typeid=i","cat":284608},{"id":233156,"n":"Mascara Maybelline Sensational Firework Waterproof x1","p":12.5,"img":"https://fd15-photos.leclercdrive.fr/image.ashx?id=2753856&use=l&cat=p&typeid=i","cat":287029},{"id":233179,"n":"Chips Tuiles Pringles HOT Mexican Chili & Lime - 160g","p":2.49,"u":"15,56 €/KG","img":"https://fd15-photos.leclercdrive.fr/image.ashx?id=2753244&use=l&cat=p&typeid=i","cat":284447},{"id":233204,"n":"Guimauves Chocours Copains copines 600g","p":6.99,"u":"11,65 €/KG","img":"https://fd15-photos.leclercdrive.fr/image.ashx?id=2934778&use=l&cat=p&typeid=i","cat":304250},{"id":233280,"n":"Nouilles Tables du Monde Boeuf - 3x65g","p":1.59,"u":"8,15 €/KG","img":"https://fd15-photos.leclercdrive.fr/image.ashx?id=2752545&use=l&cat=p&typeid=i","cat":288992},{"id":233324,"n":"Bâtonnets Magnum Classic x6 - 450g","p":6.36,"u":"14,13 €/KG","img":"https://fd15-photos.leclercdrive.fr/image.ashx?id=2754839&use=l&cat=p&typeid=i","cat":284265},{"id":233327,"n":"Bâtonnets Magnum Chocolat blanc x6 - 441g","p":6.36,"u":"14,42 €/KG","img":"https://fd15-photos.leclercdrive.fr/image.ashx?id=3009290&use=l&cat=p&typeid=i","cat":284265},{"id":233355,"n":"Pickers by McCain Emmental stick - 230g","p":3.95,"u":"17,17 €/KG","img":"https://fd15-photos.leclercdrive.fr/image.ashx?id=2922290&use=l&cat=p&typeid=i","cat":319774},{"id":233378,"n":"Schweppes Pomme 50cl","p":1.55,"u":"3,10 €/L","img":"https://fd15-photos.leclercdrive.fr/image.ashx?id=2769591&use=l&cat=p&typeid=i","cat":284532},{"id":233382,"n":"Schweppes Coco 50cl","p":1.55,"u":"3,10 €/L","img":"https://fd15-photos.leclercdrive.fr/image.ashx?id=2799461&use=l&cat=p&typeid=i","cat":284532},{"id":233387,"n":"Boisson gazeuse Schweppes Saveur Agrumes - 50cl","p":1.1,"u":"2,20 €/L","img":"https://fd15-photos.leclercdrive.fr/image.ashx?id=2731192&use=l&cat=p&typeid=i","cat":284532},{"id":233388,"n":"Savon de Marseille Miel - 4x100g","p":3.15,"u":"31,50 €/KG","img":"https://fd15-photos.leclercdrive.fr/image.ashx?id=2755225&use=l&cat=p&typeid=i","cat":284597},{"id":233389,"n":"Savon de Marseille  Huile d'olive - 4x100g","p":3.15,"u":"7,88 €/KG","img":"https://fd15-photos.leclercdrive.fr/image.ashx?id=2755228&use=l&cat=p&typeid=i","cat":284597},{"id":233391,"n":"Savon de Marseille Fleur d'oranger/Argan - 100g","p":3.15,"u":"31,50 €/KG","img":"https://fd15-photos.leclercdrive.fr/image.ashx?id=2755231&use=l&cat=p&typeid=i","cat":284597},{"id":233392,"n":"Mini barre chocolatée Twix 15 barres - 333g","p":5.85,"u":"17,57 €/KG","img":"https://fd15-photos.leclercdrive.fr/image.ashx?id=2772774&use=l&cat=p&typeid=i","cat":284958},{"id":233393,"n":"Barre chocolat Mars Mini 18x18g","p":5.99,"u":"18,49 €/KG","img":"https://fd15-photos.leclercdrive.fr/image.ashx?id=2772305&use=l&cat=p&typeid=i","cat":284498},{"id":233394,"n":"Minis barre chocolaté Snickers 333g","p":5.99,"u":"17,99 €/KG","img":"https://fd15-photos.leclercdrive.fr/image.ashx?id=2772777&use=l&cat=p&typeid=i","cat":284498},{"id":233397,"n":"Crème brûlée Eco+ 4x100g","p":3.1,"u":"7,75 €/KG","img":"https://fd15-photos.leclercdrive.fr/image.ashx?id=2754252&use=l&cat=p&typeid=i","cat":284419},{"id":233414,"n":"Ciseaux gaucher Esquissse Multicoloris - 13cm","p":1.29,"img":"https://fd15-photos.leclercdrive.fr/image.ashx?id=2754916&use=l&cat=p&typeid=i","cat":334133},{"id":233436,"n":"Coquille St-Jacques et fruits  de mer Eco+ 360g","p":5.5,"u":"15,28 €/KG","img":"https://fd15-photos.leclercdrive.fr/image.ashx?id=2754249&use=l&cat=p&typeid=i","cat":319787},{"id":233570,"n":"Ampoule Led Foxter  Standard B22 60W Chaud","p":3.99,"img":"https://fd15-photos.leclercdrive.fr/image.ashx?id=2756161&use=l&cat=p&typeid=i","cat":300573},{"id":233571,"n":"Piles LR03 AAA Foxter 1,5V - 8+4 offertes","p":2.9,"img":"https://fd15-photos.leclercdrive.fr/image.ashx?id=2756164&use=l&cat=p&typeid=i","cat":300572},{"id":233578,"n":"Sauce au Bleu Bénédicta Gamme Gourmet - 80g","p":1.1,"u":"13,75 €/KG","img":"https://fd15-photos.leclercdrive.fr/image.ashx?id=2757431&use=l&cat=p&typeid=i","cat":318430},{"id":233579,"n":"Sauce Ail & Herbes Bénédicta Gamme Gourmet - 80g","p":1.1,"u":"13,75 €/KG","img":"https://fd15-photos.leclercdrive.fr/image.ashx?id=2757428&use=l&cat=p&typeid=i","cat":318430},{"id":233581,"n":"Bâton de colle Uhu stic Minecraft - 4x8,2g + 1x21g","p":6.29,"u":"116,48 €/KG","img":"https://fd15-photos.leclercdrive.fr/image.ashx?id=2756812&use=l&cat=p&typeid=i","cat":334133},{"id":233623,"n":"Baume corps Le Petit Marseillais - Monoï - 380ml","p":8.85,"u":"23,29 €/L","img":"https://fd15-photos.leclercdrive.fr/image.ashx?id=2908171&use=l&cat=p&typeid=i","cat":325350},{"id":233624,"n":"Baume corps Le Petit Marseillais - Coco - 380ml","p":8.85,"u":"23,29 €/L","img":"https://fd15-photos.leclercdrive.fr/image.ashx?id=2758105&use=l&cat=p&typeid=i","cat":325350},{"id":233626,"n":"Spray démêlant Le Petit Marseillais Pamplemousse 200ml","p":6.7,"u":"33,50 €/L","img":"https://fd15-photos.leclercdrive.fr/image.ashx?id=2758099&use=l&cat=p&typeid=i","cat":284608},{"id":233630,"n":"Shampooing Le Petit Marseillais Nutrition - 300ml","p":5.25,"u":"17,50 €/L","img":"https://fd15-photos.leclercdrive.fr/image.ashx?id=2758093&use=l&cat=p&typeid=i","cat":284606},{"id":233631,"n":"Shampooing Le Petit Marseillais Purifiant - 300ml","p":4.39,"u":"14,63 €/L","img":"https://fd15-photos.leclercdrive.fr/image.ashx?id=2758096&use=l&cat=p&typeid=i","cat":284606},{"id":233632,"n":"Shampooing Le Petit Marseillais Douceur & éclat - 300ml","p":4.39,"u":"14,63 €/MT","img":"https://fd15-photos.leclercdrive.fr/image.ashx?id=2758111&use=l&cat=p&typeid=i","cat":284606},{"id":233645,"n":"Café Soluble Starbucks Caramel Latte 5 sticks - 115g","p":3.5,"u":"30,43 €/KG","img":"https://fd15-photos.leclercdrive.fr/image.ashx?id=2766099&use=l&cat=p&typeid=i","cat":284843},{"id":233646,"n":"Café Soluble Starbucks White Mocha 5 sticks - 120g","p":3.5,"u":"29,17 €/KG","img":"https://fd15-photos.leclercdrive.fr/image.ashx?id=2758463&use=l&cat=p&typeid=i","cat":284843},{"id":233659,"n":"Crackers au sésame Triangolini Belin 110g","p":1.78,"u":"16,18 €/KG","img":"https://fd15-photos.leclercdrive.fr/image.ashx?id=2960057&use=l&cat=p&typeid=i","cat":297000},{"id":233661,"n":"Belvita moelleux multi céréales x5 250g","p":3.79,"u":"15,16 €/KG","img":"https://fd15-photos.leclercdrive.fr/image.ashx?id=2914771&use=l&cat=p&typeid=i","cat":285281},{"id":233662,"n":"Granola barre extra cookie  x10 280g","p":4.9,"u":"17,50 €/KG","img":"https://fd15-photos.leclercdrive.fr/image.ashx?id=2758604&use=l&cat=p&typeid=i","cat":284488},{"id":233664,"n":"Biscuits feuilletés dorés LU 125g","p":1.99,"u":"15,92 €/KG","img":"https://fd15-photos.leclercdrive.fr/image.ashx?id=2880294&use=l&cat=p&typeid=i","cat":284490},{"id":233696,"n":"Gaufres Brioche Pasquier aux  Perles de sucre x6 -240g","p":3.9,"u":"16,25 €/KG","img":"https://fd15-photos.leclercdrive.fr/image.ashx?id=2858633&use=l&cat=p&typeid=i","cat":294777},{"id":233730,"n":"Lessive liquide Skip Cycle Court Couleur Protect x54","p":25.44,"u":"11,78 €/L","img":"https://fd15-photos.leclercdrive.fr/image.ashx?id=2842168&use=l&cat=p&typeid=i","cat":284640},{"id":233731,"n":"Lessive liquide Skip Cycle  Court Odeur Control x54","p":25.99,"u":"12,03 €/L","img":"https://fd15-photos.leclercdrive.fr/image.ashx?id=2788253&use=l&cat=p&typeid=i","cat":284640},{"id":233755,"n":"Infusion à froid Tiséa  Pêche x15 - 33g","p":2.89,"u":"87,58 €/KG","img":"https://fd15-photos.leclercdrive.fr/image.ashx?id=2897865&use=l&cat=p&typeid=i","cat":293234},{"id":233917,"n":"Pommes de terre Findus Coupées à l'ancienne - 750g","p":2.81,"u":"3,75 €/KG","img":"https://fd15-photos.leclercdrive.fr/image.ashx?id=2790093&use=l&cat=p&typeid=i","cat":319792},{"id":233941,"n":"NaturNes Nestlé - Haricots Vert Dindonneau 6 mois - 2x190g","p":3.6,"u":"9,47 €/KG","img":"https://fd15-photos.leclercdrive.fr/image.ashx?id=2761002&use=l&cat=p&typeid=i","cat":312236},{"id":233946,"n":"Lessive capsules Omo Monoï - 3en1 - x29 - 502g","p":18.95,"u":"37,75 €/KG","img":"https://fd15-photos.leclercdrive.fr/image.ashx?id=2841607&use=l&cat=p&typeid=i","cat":284641},{"id":233949,"n":"Lessive capsules 3en1 Omo Lavande & Patchouli - x29 502g","p":18.95,"u":"37,75 €/KG","img":"https://fd15-photos.leclercdrive.fr/image.ashx?id=2832599&use=l&cat=p&typeid=i","cat":284641},{"id":233950,"n":"Lessive capsules 3en1 Omo Jasmin fleur de coton 502g x29","p":19.1,"u":"38,05 €/KG","img":"https://fd15-photos.leclercdrive.fr/image.ashx?id=2841613&use=l&cat=p&typeid=i","cat":284641},{"id":233955,"n":"Lessive liquide Skip Cycle Court Odeur Control x37","p":19.18,"u":"12,96 €/L","img":"https://fd15-photos.leclercdrive.fr/image.ashx?id=2927735&use=l&cat=p&typeid=i","cat":284640},{"id":233963,"n":"Lessive liquide Skip Cycle Court Couleur Protect x37","p":19.2,"u":"12,97 €/L","img":"https://fd15-photos.leclercdrive.fr/image.ashx?id=2910246&use=l&cat=p&typeid=i","cat":284640},{"id":233987,"n":"Chips oignons rings Nongshim - 50g","p":1.99,"u":"39,80 €/KG","img":"https://fd15-photos.leclercdrive.fr/image.ashx?id=2762364&use=l&cat=p&typeid=i","cat":284447},{"id":233988,"n":"Chips oignons rings épicés Nongshim - 40g","p":2.39,"u":"59,75 €/KG","img":"https://fd15-photos.leclercdrive.fr/image.ashx?id=2762343&use=l&cat=p&typeid=i","cat":284447},{"id":234013,"n":"Chips de crevettes Nongshim Epicées - 75g","p":2.5,"u":"33,33 €/KG","img":"https://fd15-photos.leclercdrive.fr/image.ashx?id=2762340&use=l&cat=p&typeid=i","cat":284447},{"id":234019,"n":"Bol nouilles instantanées  Daisuki - Poulet Teriyaki 60g","p":2.1,"u":"35,00 €/KG","img":"https://fd15-photos.leclercdrive.fr/image.ashx?id=2762001&use=l&cat=p&typeid=i","cat":288992},{"id":234147,"n":"Mascara Maybelline  Fire Work Sensationnal - x1","p":12.5,"img":"https://fd15-photos.leclercdrive.fr/image.ashx?id=2826459&use=l&cat=p&typeid=i","cat":287029},{"id":234149,"n":"Crème de douche Cadum Hypoallergenic - 750ml","p":6.59,"u":"8,79 €/L","img":"https://fd15-photos.leclercdrive.fr/image.ashx?id=2802515&use=l&cat=p&typeid=i","cat":284594},{"id":234150,"n":"Crème de douche Cadum Douceur velours - 450ml","p":3.65,"u":"8,11 €/L","img":"https://fd15-photos.leclercdrive.fr/image.ashx?id=2802518&use=l&cat=p&typeid=i","cat":284594},{"id":234151,"n":"Déodorant bille Narta  Resixyl 72h - 50ml","p":3.55,"u":"71,00 €/L","img":"https://fd15-photos.leclercdrive.fr/image.ashx?id=2769017&use=l&cat=p&typeid=i","cat":284595},{"id":234152,"n":"Déodorant bille Ushuaïa Monoï & tiaré - 50ml","p":5.58,"u":"111,60 €/L","img":"https://fd15-photos.leclercdrive.fr/image.ashx?id=2769020&use=l&cat=p&typeid=i","cat":284595},{"id":234155,"n":"Déodorant bille femme Ushuaïa Grenade açores - 50ml","p":4.79,"u":"95,80 €/L","img":"https://fd15-photos.leclercdrive.fr/image.ashx?id=2789092&use=l&cat=p&typeid=i","cat":284595},{"id":234156,"n":"Déodorant bille Ushuaïa Vanille - 50ml","p":4.99,"u":"99,80 €/L","img":"https://fd15-photos.leclercdrive.fr/image.ashx?id=2769023&use=l&cat=p&typeid=i","cat":284595},{"id":234157,"n":"Déodorant spray Ushuaïa Grenade - 200ml","p":4.79,"u":"23,95 €/L","img":"https://fd15-photos.leclercdrive.fr/image.ashx?id=2769026&use=l&cat=p&typeid=i","cat":284595},{"id":234158,"n":"Déodorant spray Ushuaïa Orchidée - 200ml","p":4.79,"u":"23,95 €/L","img":"https://fd15-photos.leclercdrive.fr/image.ashx?id=2769029&use=l&cat=p&typeid=i","cat":284595},{"id":234163,"n":"Déodorant compressé Narta Resixyl Physio - 100ml","p":7.2,"u":"72,00 €/L","img":"https://fd15-photos.leclercdrive.fr/image.ashx?id=2778401&use=l&cat=p&typeid=i","cat":284595},{"id":234165,"n":"Baileys Strawberry 17° - 70cl","p":31.3,"u":"44,71 €/L","img":"https://fd15-photos.leclercdrive.fr/image.ashx?id=2763757&use=l&cat=p&typeid=i","cat":286032},{"id":234166,"n":"Déodorant spray homme Narta Resixyl Physio - 200ml","p":7.2,"u":"36,00 €/L","img":"https://fd15-photos.leclercdrive.fr/image.ashx?id=2769044&use=l&cat=p&typeid=i","cat":284596},{"id":234168,"n":"Déodorant bille homme Narta Resixyl Physio - 50ml","p":7.05,"u":"141,00 €/L","img":"https://fd15-photos.leclercdrive.fr/image.ashx?id=2769035&use=l&cat=p&typeid=i","cat":284596},{"id":234169,"n":"Liquide vaiselle Mir Vinaigre Pomme - 450ml + 50% offerts","p":2.6,"u":"3,85 €/L","img":"https://fd15-photos.leclercdrive.fr/image.ashx?id=2765967&use=l&cat=p&typeid=i","cat":284655},{"id":234170,"n":"Liquide vaisselle Mir Aloe vera 450mL + 50% offerts - 675ml","p":2.6,"u":"3,85 €/L","img":"https://fd15-photos.leclercdrive.fr/image.ashx?id=2766292&use=l&cat=p&typeid=i","cat":284655},{"id":234229,"n":"Rhum Blanc Trois Rivières Cuvée de l'Océan 42% vol - 70cl","p":15.6,"u":"22,29 €/L","img":"https://fd15-photos.leclercdrive.fr/image.ashx?id=2763310&use=l&cat=p&typeid=i","cat":284550},{"id":234268,"n":"Haricots verts d'aucy  Cuisson vapeur - 4/4","p":3.6,"u":"7,91 €/KG","img":"https://fd15-photos.leclercdrive.fr/image.ashx?id=2763085&use=l&cat=p&typeid=i","cat":312606},{"id":234274,"n":"Aérosol Glade huile essentielle  jasmin et bois santal 300ml","p":3.85,"u":"12,83 €/L","img":"https://fd15-photos.leclercdrive.fr/image.ashx?id=2763685&use=l&cat=p&typeid=i","cat":311626},{"id":234293,"n":"Le Pur bœuf Charal 18%MG Façon bouchère 8x100g","p":13.95,"u":"17,44 €/KG","img":"https://fd15-photos.leclercdrive.fr/image.ashx?id=2763205&use=l&cat=p&typeid=i","cat":319778},{"id":234333,"n":"Gourdes Pom'Potes Pomme poire banane x96 - 8.64kg","p":49.95,"u":"5,78 €/KG","img":"https://fd15-photos.leclercdrive.fr/image.ashx?id=2918553&use=l&cat=p&typeid=i","cat":284508},{"id":234341,"n":"Café moulu L'Or Doux 100% Arabica - 250g","p":8.1,"u":"32,40 €/KG","img":"https://fd15-photos.leclercdrive.fr/image.ashx?id=2763015&use=l&cat=p&typeid=i","cat":284750},{"id":234370,"n":"Cornichons Croq'Vert  Amora Extra-fins aux épices 210g","p":3.55,"u":"16,90 €/KG","img":"https://fd15-photos.leclercdrive.fr/image.ashx?id=2770671&use=l&cat=p&typeid=i","cat":284458},{"id":234372,"n":"Dessert brassé végétal Andros Fruits exotiques - 6x100g","p":3.99,"u":"6,65 €/KG","img":"https://fd15-photos.leclercdrive.fr/image.ashx?id=2855981&use=l&cat=p&typeid=i","cat":316071},{"id":234373,"n":"Dessert brassé végétal Andros Fruits du Verger - 6x100g","p":3.99,"u":"6,65 €/KG","img":"https://fd15-photos.leclercdrive.fr/image.ashx?id=2855984&use=l&cat=p&typeid=i","cat":316071},{"id":234374,"n":"Dessert brassé végétal Andros Vanille Bourbon 6x100g","p":3.54,"u":"5,90 €/KG","img":"https://fd15-photos.leclercdrive.fr/image.ashx?id=2881957&use=l&cat=p&typeid=i","cat":316071},{"id":234375,"n":"Nouilles Tables du Monde Poulet - 3x65g","p":1.6,"u":"8,21 €/KG","img":"https://fd15-photos.leclercdrive.fr/image.ashx?id=2763045&use=l&cat=p&typeid=i","cat":288992},{"id":234376,"n":"Chips Lay's Poulet - 370g","p":4.26,"u":"11,51 €/KG","img":"https://fd15-photos.leclercdrive.fr/image.ashx?id=2995085&use=l&cat=p&typeid=i","cat":284447},{"id":234377,"n":"Chips Lay's Barbecue - 370g","p":4.26,"u":"11,51 €/KG","img":"https://fd15-photos.leclercdrive.fr/image.ashx?id=2986227&use=l&cat=p&typeid=i","cat":284447},{"id":234378,"n":"Bâtonnets Magnum Wonder Chocolat blanc caramélisé 208g","p":5.3,"u":"25,48 €/KG","img":"https://fd15-photos.leclercdrive.fr/image.ashx?id=2764044&use=l&cat=p&typeid=i","cat":284265},{"id":234412,"n":"Chou rouge cuisiné Charles Christ - 380g","p":2.69,"u":"7,08 €/KG","img":"https://fd15-photos.leclercdrive.fr/image.ashx?id=2764994&use=l&cat=p&typeid=i","cat":312611},{"id":234423,"n":"Bonbons Funny Safari Lutti  175g","p":1.69,"u":"9,66 €/KG","img":"https://fd15-photos.leclercdrive.fr/image.ashx?id=2765279&use=l&cat=p&typeid=i","cat":304250},{"id":234438,"n":"Navet long 1kg","p":2.99,"u":"2,99 €/KG","img":"https://fd15-photos.leclercdrive.fr/image.ashx?id=2852040&use=l&cat=p&typeid=i","cat":284352},{"id":234444,"n":"Christophines  1kg","p":1.89,"u":"1,89 €/KG","img":"https://fd15-photos.leclercdrive.fr/image.ashx?id=2543841&use=l&cat=p&typeid=i","cat":284352},{"id":234447,"n":"Ti'Nain  1kg","p":0.95,"u":"0,95 €/KG","img":"https://fd15-photos.leclercdrive.fr/image.ashx?id=2543847&use=l&cat=p&typeid=i","cat":284356},{"id":234450,"n":"Orange Caraïbes 1kg","p":1.19,"u":"1,19 €/KG","img":"https://fd15-photos.leclercdrive.fr/image.ashx?id=2545240&use=l&cat=p&typeid=i","cat":284356},{"id":234514,"n":"Infusion Elephant Ligne equilibre x12 - 30g","p":4.1,"u":"136,67 €/KG","img":"https://fd15-photos.leclercdrive.fr/image.ashx?id=2769128&use=l&cat=p&typeid=i","cat":293234},{"id":234515,"n":"Infusion verneine Elephant Citronnée camomille - 34g","p":2.85,"u":"83,82 €/KG","img":"https://fd15-photos.leclercdrive.fr/image.ashx?id=2769125&use=l&cat=p&typeid=i","cat":293234},{"id":234518,"n":"Infusion douce Pukka Bio relaxation x20 - 30g","p":5.8,"u":"193,33 €/KG","img":"https://fd15-photos.leclercdrive.fr/image.ashx?id=2769122&use=l&cat=p&typeid=i","cat":293234},{"id":234519,"n":"Infusion Pukka Delice de curcuma x20 36g","p":7.54,"u":"209,44 €/KG","img":"https://fd15-photos.leclercdrive.fr/image.ashx?id=2901088&use=l&cat=p&typeid=i","cat":293234},{"id":234524,"n":"Thé vert supreme Pukka Bio matcha - x20 - 30g","p":6.9,"u":"230,00 €/KG","img":"https://fd15-photos.leclercdrive.fr/image.ashx?id=2856011&use=l&cat=p&typeid=i","cat":293233},{"id":234525,"n":"Infusion Pukka Bio 3 gingembres x20 36g","p":7.54,"u":"209,44 €/KG","img":"https://fd15-photos.leclercdrive.fr/image.ashx?id=2901085&use=l&cat=p&typeid=i","cat":293234},{"id":234526,"n":"Infusion Amour Pukka Bio x20 - 24g","p":7.54,"u":"314,17 €/KG","img":"https://fd15-photos.leclercdrive.fr/image.ashx?id=2769110&use=l&cat=p&typeid=i","cat":293234},{"id":234606,"n":"Skyr Siggi's  Noisette - 2x140g","p":2.85,"u":"10,18 €/KG","img":"https://fd15-photos.leclercdrive.fr/image.ashx?id=3007963&use=l&cat=p&typeid=i","cat":315000},{"id":234607,"n":"Skyr Siggi's  Fraise - 2x140g","p":2.85,"u":"10,18 €/KG","img":"https://fd15-photos.leclercdrive.fr/image.ashx?id=2986146&use=l&cat=p&typeid=i","cat":315000},{"id":234762,"n":"Raisin Chasselas Moissac AOP Nos Régions ont du Talent 500g","p":3.89,"u":"7,78 €/KG","img":"https://fd15-photos.leclercdrive.fr/image.ashx?id=2966848&use=l&cat=p&typeid=i","cat":284356},{"id":234815,"n":"Origan de Provence Ducros - 32 g","p":2.75,"u":"85,94 €/KG","img":"https://fd15-photos.leclercdrive.fr/image.ashx?id=2767842&use=l&cat=p&typeid=i","cat":298297},{"id":234829,"n":"Knack d'Alsace sans nitrite VPF Stoeffler x4 - 220g","p":4.25,"u":"19,32 €/KG","img":"https://fd15-photos.leclercdrive.fr/image.ashx?id=2768535&use=l&cat=p&typeid=i","cat":316012},{"id":234844,"n":"Mini BN  Framboise - x3 - 525g","p":8.77,"u":"16,70 €/KG","img":"https://fd15-photos.leclercdrive.fr/image.ashx?id=2768499&use=l&cat=p&typeid=i","cat":284489},{"id":234858,"n":"Yaourt brassé végétal Andros Lait de coco Nature - 8x100g","p":5.35,"u":"6,69 €/KG","img":"https://fd15-photos.leclercdrive.fr/image.ashx?id=2872027&use=l&cat=p&typeid=i","cat":284933},{"id":234861,"n":"Jus de pomme pêche poire  Jafaden - 90cl","p":2.79,"u":"3,10 €/L","img":"https://fd15-photos.leclercdrive.fr/image.ashx?id=2916731&use=l&cat=p&typeid=i","cat":285435},{"id":234865,"n":"Curry de poulet  Tables du Monde - 900g","p":4.99,"u":"5,54 €/KG","img":"https://fd15-photos.leclercdrive.fr/image.ashx?id=2768481&use=l&cat=p&typeid=i","cat":284254},{"id":234869,"n":"Gâteau moelleux Chocalin Harrys Cacao et Chocolat X10 - 350G","p":5.25,"u":"15,00 €/KG","img":"https://fd15-photos.leclercdrive.fr/image.ashx?id=2962464&use=l&cat=p&typeid=i","cat":284495},{"id":234875,"n":"Purée de tomates Heinz x 3 - 212g","p":2.72,"u":"4,28 €/KG","img":"https://fd15-photos.leclercdrive.fr/image.ashx?id=2927004&use=l&cat=p&typeid=i","cat":288384},{"id":234876,"n":"Purée de tomates Heinz - 520g","p":1.5,"u":"2,88 €/KG","img":"https://fd15-photos.leclercdrive.fr/image.ashx?id=2926999&use=l&cat=p&typeid=i","cat":288384},{"id":234959,"n":"Croissants prêts à cuire Eco+ x20 - 1.1kg","p":5.55,"u":"5,05 €/KG","img":"https://fd15-photos.leclercdrive.fr/image.ashx?id=2770286&use=l&cat=p&typeid=i","cat":284267},{"id":234960,"n":"Pains au chocolat Eco+ x20 - 1.2kg","p":6.99,"u":"5,83 €/KG","img":"https://fd15-photos.leclercdrive.fr/image.ashx?id=2770289&use=l&cat=p&typeid=i","cat":284267},{"id":234973,"n":"IGP Vallée du paradis vin rouge Secret des Garrigues - 75cl","p":6.74,"u":"8,99 €/L","img":"https://fd15-photos.leclercdrive.fr/image.ashx?id=3011374&use=l&cat=p&typeid=i","cat":289556},{"id":234975,"n":"Lessive liquide fraîcheur Bonux 50 lavages - 2.25L","p":15.79,"u":"7,02 €/L","img":"https://fd15-photos.leclercdrive.fr/image.ashx?id=2881996&use=l&cat=p&typeid=i","cat":284640},{"id":235007,"n":"Mais Bio Village  2x140g","p":1.94,"u":"6,93 €/KG","img":"https://fd15-photos.leclercdrive.fr/image.ashx?id=3002722&use=l&cat=p&typeid=i","cat":312611},{"id":235051,"n":"Repas bébé Blédichef 12 mois  Risotto épinards Kiri - 230g","p":3.8,"u":"16,52 €/KG","img":"https://fd15-photos.leclercdrive.fr/image.ashx?id=2852375&use=l&cat=p&typeid=i","cat":312237},{"id":235065,"n":"Repas bébé Blédichef 15 mois  Pâtes poireaux et kiri -250g","p":3.5,"u":"14,00 €/KG","img":"https://fd15-photos.leclercdrive.fr/image.ashx?id=2928420&use=l&cat=p&typeid=i","cat":312238},{"id":235069,"n":"Repas bébé Blédichef 15 mois Lasagnes légumes -230g","p":3.2,"u":"13,91 €/KG","img":"https://fd15-photos.leclercdrive.fr/image.ashx?id=2865632&use=l&cat=p&typeid=i","cat":312238},{"id":235070,"n":"Repas bébé Blédichef 15 mois Lasagne épinards merlu -230g","p":3.35,"u":"14,57 €/KG","img":"https://fd15-photos.leclercdrive.fr/image.ashx?id=2865635&use=l&cat=p&typeid=i","cat":312238},{"id":235071,"n":"Aubergines compotées & blé  Cassegrain - 375g","p":4.79,"u":"12,77 €/KG","img":"https://fd15-photos.leclercdrive.fr/image.ashx?id=2970840&use=l&cat=p&typeid=i","cat":312612},{"id":235075,"n":"Riz et curry de crevettes  Delpierre - 500g","p":15.9,"u":"31,80 €/KG","img":"https://fd15-photos.leclercdrive.fr/image.ashx?id=2961936&use=l&cat=p&typeid=i","cat":333665},{"id":235084,"n":"Plat cuisiné William Saurin Trio gourmand 320g","p":5.6,"u":"17,50 €/KG","img":"https://fd15-photos.leclercdrive.fr/image.ashx?id=2986380&use=l&cat=p&typeid=i","cat":284953},{"id":235127,"n":"Biscuits parmesan poivre Savour 100g","p":1.95,"u":"19,50 €/KG","img":"https://fd15-photos.leclercdrive.fr/image.ashx?id=2791048&use=l&cat=p&typeid=i","cat":297000},{"id":235132,"n":"Meule de Savoie Nos Régions ont du Talent 200g","p":4.39,"u":"21,95 €/KG","img":"https://fd15-photos.leclercdrive.fr/image.ashx?id=2775706&use=l&cat=p&typeid=i","cat":329184},{"id":235133,"n":"Cabécou du Périgord NRT - 3x35g","p":2.84,"u":"27,05 €/KG","img":"https://fd15-photos.leclercdrive.fr/image.ashx?id=2788984&use=l&cat=p&typeid=i","cat":314031},{"id":235143,"n":"Nurishh les tranches végétales x8 - 160g","p":2.99,"u":"18,69 €/KG","img":"https://fd15-photos.leclercdrive.fr/image.ashx?id=2774942&use=l&cat=p&typeid=i","cat":316070},{"id":235239,"n":"Bloc Fort Violife Vegan - 150g","p":3.89,"u":"25,93 €/KG","img":"https://fd15-photos.leclercdrive.fr/image.ashx?id=2776205&use=l&cat=p&typeid=i","cat":316070},{"id":235241,"n":"Pate à tartiner Bonne Maman Cacahuète et cacao - 560g","p":8.4,"u":"15,00 €/KG","img":"https://fd15-photos.leclercdrive.fr/image.ashx?id=2985360&use=l&cat=p&typeid=i","cat":284481},{"id":235243,"n":"Pate à tartiner Bonne Maman Cacahuète et cacao - 350g","p":5.68,"u":"16,23 €/KG","img":"https://fd15-photos.leclercdrive.fr/image.ashx?id=2986663&use=l&cat=p&typeid=i","cat":284481},{"id":235246,"n":"Purée Mousline Ai lait entier 3x65g","p":2.99,"u":"15,33 €/KG","img":"https://fd15-photos.leclercdrive.fr/image.ashx?id=2789523&use=l&cat=p&typeid=i","cat":284431},{"id":235247,"n":"M&M's Peanut x5 180g","p":4.9,"u":"27,22 €/KG","img":"https://fd15-photos.leclercdrive.fr/image.ashx?id=3009011&use=l&cat=p&typeid=i","cat":304238},{"id":235265,"n":"Chips Tuiles Pringles  Fromage Oignon - 165g","p":3.82,"u":"23,15 €/KG","img":"https://fd15-photos.leclercdrive.fr/image.ashx?id=2775664&use=l&cat=p&typeid=i","cat":287899},{"id":235281,"n":"Capsules Dolce Gusto Nescafé Lungo - x30 - 210g","p":12.25,"u":"58,33 €/KG","img":"https://fd15-photos.leclercdrive.fr/image.ashx?id=2775679&use=l&cat=p&typeid=i","cat":293239},{"id":235293,"n":"Lentilles verte Notre Jardin 1kg","p":3.65,"u":"3,65 €/KG","img":"https://fd15-photos.leclercdrive.fr/image.ashx?id=2775454&use=l&cat=p&typeid=i","cat":312609},{"id":235349,"n":"Sucre glace Daddy 500g","p":4.15,"u":"8,30 €/KG","img":"https://fd15-photos.leclercdrive.fr/image.ashx?id=2975864&use=l&cat=p&typeid=i","cat":284502},{"id":235350,"n":"Apéritif Apérol 70cl","p":22.0,"u":"31,43 €/L","img":"https://fd15-photos.leclercdrive.fr/image.ashx?id=2812022&use=l&cat=p&typeid=i","cat":286032},{"id":235365,"n":"Friandises chat Whiskas saveur Saumon maxi pack -180g","p":5.85,"u":"32,50 €/KG","img":"https://fd15-photos.leclercdrive.fr/image.ashx?id=2944963&use=l&cat=p&typeid=i","cat":285285},{"id":235369,"n":"Friandises chat Whiskas saveur  Poulet et fromage -180g","p":5.85,"u":"32,50 €/KG","img":"https://fd15-photos.leclercdrive.fr/image.ashx?id=2944966&use=l&cat=p&typeid=i","cat":285285},{"id":235405,"n":"Friandises chat temptations Whiskas saveur saumon - 60g","p":1.95,"u":"32,50 €/KG","img":"https://fd15-photos.leclercdrive.fr/image.ashx?id=2976854&use=l&cat=p&typeid=i","cat":285285},{"id":235407,"n":"Lait 2ème âge Hipp biologique  Combiotic Nutrigest - 800g","p":26.95,"u":"33,69 €/KG","img":"https://fd15-photos.leclercdrive.fr/image.ashx?id=2926831&use=l&cat=p&typeid=i","cat":284727},{"id":235427,"n":"Sauce soja salée  Suziwan - 640ml","p":6.75,"u":"10,55 €/L","img":"https://fd15-photos.leclercdrive.fr/image.ashx?id=2886244&use=l&cat=p&typeid=i","cat":288992},{"id":235432,"n":"Maltesers en format biscuit  - 110g","p":2.99,"u":"27,18 €/KG","img":"https://fd15-photos.leclercdrive.fr/image.ashx?id=2869209&use=l&cat=p&typeid=i","cat":284498},{"id":235435,"n":"Biscuits Bounty fourrés  noix de coco - 132g","p":2.99,"u":"22,65 €/KG","img":"https://fd15-photos.leclercdrive.fr/image.ashx?id=2777375&use=l&cat=p&typeid=i","cat":284488},{"id":235440,"n":"Biscuits Mars fourrés  au chocolat - 132g","p":2.99,"u":"22,65 €/KG","img":"https://fd15-photos.leclercdrive.fr/image.ashx?id=2777378&use=l&cat=p&typeid=i","cat":284488},{"id":235444,"n":"Biscuits Twix fourrés  au caramel - 132g","p":2.99,"u":"22,65 €/KG","img":"https://fd15-photos.leclercdrive.fr/image.ashx?id=2777381&use=l&cat=p&typeid=i","cat":284488},{"id":235445,"n":"Céréales bébé Blédina  complètes au miel - 70g","p":4.02,"u":"57,43 €/KG","img":"https://fd15-photos.leclercdrive.fr/image.ashx?id=2776826&use=l&cat=p&typeid=i","cat":312225},{"id":235459,"n":"Goûter moelleux Tendrissime Cacao Noisette x8 - 264g","p":4.99,"u":"18,90 €/KG","img":"https://fd15-photos.leclercdrive.fr/image.ashx?id=2962461&use=l&cat=p&typeid=i","cat":284495},{"id":235632,"n":"Sucre vanilline La Patelière 75g","p":1.3,"u":"17,33 €/KG","img":"https://fd15-photos.leclercdrive.fr/image.ashx?id=3011263&use=l&cat=p&typeid=i","cat":284504},{"id":235655,"n":"Cassonade Saint Louis Equitable - 650g","p":3.05,"u":"4,69 €/KG","img":"https://fd15-photos.leclercdrive.fr/image.ashx?id=2780214&use=l&cat=p&typeid=i","cat":284502},{"id":235658,"n":"Herbes de provence Saint Lucie \"L'Originale Recette\" - 30g","p":2.74,"u":"91,33 €/KG","img":"https://fd15-photos.leclercdrive.fr/image.ashx?id=2968154&use=l&cat=p&typeid=i","cat":298297},{"id":235685,"n":"Lait bébé en poudre Calisma Gallia Croissance 12 mois 830g","p":14.74,"u":"17,76 €/KG","img":"https://fd15-photos.leclercdrive.fr/image.ashx?id=2794274&use=l&cat=p&typeid=i","cat":290219},{"id":235710,"n":"Chapelure Tablier Blanc 400g","p":0.99,"u":"2,48 €/KG","img":"https://fd15-photos.leclercdrive.fr/image.ashx?id=2793335&use=l&cat=p&typeid=i","cat":288382},{"id":235786,"n":"Tablette lave-vaisselle Visior Tout-en-un - x45 - 765g","p":7.59,"u":"9,92 €/KG","img":"https://fd15-photos.leclercdrive.fr/image.ashx?id=2931847&use=l&cat=p&typeid=i","cat":284656},{"id":235788,"n":"Désodorisant chaussures Baranne Odor stop - 100ml","p":4.88,"u":"48,80 €/L","img":"https://fd15-photos.leclercdrive.fr/image.ashx?id=2781591&use=l&cat=p&typeid=i","cat":285201},{"id":235790,"n":"Imperméabilisant extrême Baranne - 300ml","p":5.4,"u":"18,00 €/L","img":"https://fd15-photos.leclercdrive.fr/image.ashx?id=2781624&use=l&cat=p&typeid=i","cat":285201},{"id":235796,"n":"Mouliné de légumes verts Régal 1L","p":1.99,"u":"1,99 €/L","img":"https://fd15-photos.leclercdrive.fr/image.ashx?id=2781007&use=l&cat=p&typeid=i","cat":284462},{"id":235802,"n":"Diffuseur électrique Insectivor Anti-moustique - +1 recharge","p":3.75,"img":"https://fd15-photos.leclercdrive.fr/image.ashx?id=2781004&use=l&cat=p&typeid=i","cat":298368},{"id":235821,"n":"Recharge diffuseur électrique Anti-moustique - x1","p":1.89,"img":"https://fd15-photos.leclercdrive.fr/image.ashx?id=2781052&use=l&cat=p&typeid=i","cat":298368},{"id":235828,"n":"Sac poubelle  Elembal Rectangle coulissant - 40L x 20","p":2.09,"u":"0,10 €/P","img":"https://fd15-photos.leclercdrive.fr/image.ashx?id=2793338&use=l&cat=p&typeid=i","cat":285168},{"id":235835,"n":"Lessive capsules Skip Extra détachant - 759.6g x36","p":29.6,"u":"38,95 €/KG","img":"https://fd15-photos.leclercdrive.fr/image.ashx?id=2929242&use=l&cat=p&typeid=i","cat":284641},{"id":235838,"n":"Lessive capsules Skip Tout en 1 Odeur Control+ - 759.6g x36","p":30.5,"u":"40,13 €/KG","img":"https://fd15-photos.leclercdrive.fr/image.ashx?id=3000893&use=l&cat=p&typeid=i","cat":284641},{"id":235841,"n":"Lessive capsules Tout-en-1 Skip Skip - 506.4g x24","p":22.15,"u":"43,77 €/KG","img":"https://fd15-photos.leclercdrive.fr/image.ashx?id=2781756&use=l&cat=p&typeid=i","cat":284641},{"id":235944,"n":"Compotée Bonne Maman Pêches - 590g","p":6.84,"u":"11,59 €/KG","img":"https://fd15-photos.leclercdrive.fr/image.ashx?id=2951866&use=l&cat=p&typeid=i","cat":284508},{"id":235950,"n":"Yaourts allégés Sveltesse Ferme & Fondant Chocolat noir 4x125g","p":2.39,"u":"4,78 €/KG","img":"https://fd15-photos.leclercdrive.fr/image.ashx?id=2781913&use=l&cat=p&typeid=i","cat":285041},{"id":235952,"n":"Noisettes Mc Cain Air Fryer - 550g","p":2.98,"u":"5,42 €/KG","img":"https://fd15-photos.leclercdrive.fr/image.ashx?id=2878474&use=l&cat=p&typeid=i","cat":319792},{"id":236050,"n":"Lait bébé en poudre Calisma Gallia Junior Dès 18 mois 830g","p":14.64,"u":"17,64 €/KG","img":"https://fd15-photos.leclercdrive.fr/image.ashx?id=2907860&use=l&cat=p&typeid=i","cat":290219},{"id":236088,"n":"Secret de mousse La Laitière Chocolat au lait caramel 4x59g","p":2.4,"u":"10,17 €/KG","img":"https://fd15-photos.leclercdrive.fr/image.ashx?id=3007966&use=l&cat=p&typeid=i","cat":284417},{"id":236090,"n":"Fromage blanc Lindahls Protein Framboise - 2x160g","p":2.69,"u":"8,41 €/KG","img":"https://fd15-photos.leclercdrive.fr/image.ashx?id=3007969&use=l&cat=p&typeid=i","cat":315000},{"id":236096,"n":"Fromage Fouetté Saint Agur  130g","p":3.89,"u":"29,92 €/KG","img":"https://fd15-photos.leclercdrive.fr/image.ashx?id=2784818&use=l&cat=p&typeid=i","cat":314029},{"id":236105,"n":"Compote Andros La vie en vert 4x100g","p":2.35,"u":"5,88 €/KG","img":"https://fd15-photos.leclercdrive.fr/image.ashx?id=2989330&use=l&cat=p&typeid=i","cat":284416},{"id":236121,"n":"Compote Andros La vie en orange 4x100g","p":2.35,"u":"5,88 €/KG","img":"https://fd15-photos.leclercdrive.fr/image.ashx?id=2990760&use=l&cat=p&typeid=i","cat":284416},{"id":236221,"n":"Brioche tressée Epi d'or nature - 600g","p":3.55,"u":"5,92 €/KG","img":"https://fd15-photos.leclercdrive.fr/image.ashx?id=2976297&use=l&cat=p&typeid=i","cat":284478},{"id":236243,"n":"Rôti de chapon farci Maître Coq Marrons - 700g","p":27.5,"u":"39,29 €/KG","img":"https://fd15-photos.leclercdrive.fr/image.ashx?id=2784776&use=l&cat=p&typeid=i","cat":327289},{"id":236244,"n":"Rôti de chapon farci Maître Coq Poireau lard - 700g","p":23.9,"u":"34,14 €/KG","img":"https://fd15-photos.leclercdrive.fr/image.ashx?id=2784779&use=l&cat=p&typeid=i","cat":327289},{"id":236254,"n":"Saucisson sec Cochonou La Ficelle - 150g","p":3.89,"u":"25,93 €/KG","img":"https://fd15-photos.leclercdrive.fr/image.ashx?id=2789083&use=l&cat=p&typeid=i","cat":316006},{"id":236311,"n":"Le Burger frites Charal - 240g","p":5.3,"u":"22,08 €/KG","img":"https://fd15-photos.leclercdrive.fr/image.ashx?id=2789808&use=l&cat=p&typeid=i","cat":319822},{"id":236465,"n":"Chocolat L'escargot Lanvin Noir - 362g","p":16.99,"u":"46,93 €/KG","img":"https://fd15-photos.leclercdrive.fr/image.ashx?id=2903836&use=l&cat=p&typeid=i","cat":327595},{"id":236595,"n":"Fromage rapé Leerdammer  Fruité fondant 150g","p":2.89,"u":"19,27 €/KG","img":"https://fd15-photos.leclercdrive.fr/image.ashx?id=2793578&use=l&cat=p&typeid=i","cat":314035},{"id":236620,"n":"Pandoro Bauli 700g","p":13.6,"u":"19,43 €/KG","img":"https://fd15-photos.leclercdrive.fr/image.ashx?id=2938163&use=l&cat=p&typeid=i","cat":327607},{"id":236630,"n":"Calendrier de l'Avent Galak 85g","p":6.39,"u":"75,18 €/KG","img":"https://fd15-photos.leclercdrive.fr/image.ashx?id=2794691&use=l&cat=p&typeid=i","cat":336112},{"id":236656,"n":"Chips Lay's Paysanne Vinaigre de cidre et sel 120g","p":1.95,"u":"16,25 €/KG","img":"https://fd15-photos.leclercdrive.fr/image.ashx?id=2810789&use=l&cat=p&typeid=i","cat":284447},{"id":236657,"n":"Chips Lay's Paysanne Moutarde poulet miel 120g","p":1.95,"u":"16,25 €/KG","img":"https://fd15-photos.leclercdrive.fr/image.ashx?id=2868924&use=l&cat=p&typeid=i","cat":284447},{"id":236687,"n":"Papier cadeau Disney La Reine des Neiges - 5mx1m","p":3.2,"img":"https://fd15-photos.leclercdrive.fr/image.ashx?id=2795577&use=l&cat=p&typeid=i","cat":335914},{"id":236689,"n":"Papier cadeau Disney Cars noël - Rouge - 5mx1m","p":3.2,"img":"https://fd15-photos.leclercdrive.fr/image.ashx?id=2795583&use=l&cat=p&typeid=i","cat":335914},{"id":236718,"n":"Chocolat Peluche mix Kinder Cerf - 133g","p":13.99,"u":"105,19 €/KG","img":"https://fd15-photos.leclercdrive.fr/image.ashx?id=2798807&use=l&cat=p&typeid=i","cat":327789},{"id":236719,"n":"Chocolat Peluche mix Kinder Loutre - 133g","p":13.99,"u":"105,19 €/KG","img":"https://fd15-photos.leclercdrive.fr/image.ashx?id=2798810&use=l&cat=p&typeid=i","cat":327789},{"id":236720,"n":"Chocolat Peluche mix Kinder Ours - 133g","p":13.99,"u":"105,19 €/KG","img":"https://fd15-photos.leclercdrive.fr/image.ashx?id=2798813&use=l&cat=p&typeid=i","cat":327789},{"id":236721,"n":"Chocolat Peluche mix Kinder Phoque - 133g","p":13.99,"u":"105,19 €/KG","img":"https://fd15-photos.leclercdrive.fr/image.ashx?id=2798816&use=l&cat=p&typeid=i","cat":327789},{"id":236731,"n":"Traîneau chocolat oeuf Kinder Bleu - 75g","p":4.08,"u":"54,40 €/KG","img":"https://fd15-photos.leclercdrive.fr/image.ashx?id=2798837&use=l&cat=p&typeid=i","cat":327592},{"id":236985,"n":"Pâte de fruits Motta Assortiment - 200g","p":7.9,"u":"39,50 €/KG","img":"https://fd15-photos.leclercdrive.fr/image.ashx?id=2797527&use=l&cat=p&typeid=i","cat":327606},{"id":236989,"n":"Pandoro Bauli 100g 100g","p":3.69,"u":"36,90 €/KG","img":"https://fd15-photos.leclercdrive.fr/image.ashx?id=2938154&use=l&cat=p&typeid=i","cat":327607},{"id":236994,"n":"Panettone Bauli Mignon - 90g","p":3.25,"u":"36,11 €/KG","img":"https://fd15-photos.leclercdrive.fr/image.ashx?id=2938160&use=l&cat=p&typeid=i","cat":327607},{"id":236995,"n":"Panettone Bauli Mignon Pépites chocolats - 90g","p":2.79,"u":"31,00 €/KG","img":"https://fd15-photos.leclercdrive.fr/image.ashx?id=2797665&use=l&cat=p&typeid=i","cat":327607},{"id":236996,"n":"Panettone Bauli 700g","p":12.39,"u":"17,70 €/KG","img":"https://fd15-photos.leclercdrive.fr/image.ashx?id=2938166&use=l&cat=p&typeid=i","cat":327607},{"id":237016,"n":"Boïte Chocolat Jacquot Lait Noir & Blanc - 222g","p":7.25,"u":"32,66 €/KG","img":"https://fd15-photos.leclercdrive.fr/image.ashx?id=2796734&use=l&cat=p&typeid=i","cat":327595},{"id":237017,"n":"Boïte Chocolat Jacquot Lait Noir & Blanc - 433g","p":13.5,"u":"31,18 €/KG","img":"https://fd15-photos.leclercdrive.fr/image.ashx?id=2796731&use=l&cat=p&typeid=i","cat":327595},{"id":237019,"n":"Boïte Chocolat Jacquot Chocolat au lait - 424g","p":13.5,"u":"31,84 €/KG","img":"https://fd15-photos.leclercdrive.fr/image.ashx?id=2796737&use=l&cat=p&typeid=i","cat":327595},{"id":237022,"n":"Pâtes de fruits Jacquot Exotiques - 550g","p":5.95,"u":"10,82 €/KG","img":"https://fd15-photos.leclercdrive.fr/image.ashx?id=2796704&use=l&cat=p&typeid=i","cat":327606},{"id":237031,"n":"Peluche Kinder Mix - 133g","p":13.99,"u":"105,19 €/KG","img":"https://fd15-photos.leclercdrive.fr/image.ashx?id=2940285&use=l&cat=p&typeid=i","cat":327789},{"id":237040,"n":"Boîte Grand assortiment Ferrero Chocolat - x20 - 197g","p":13.59,"u":"68,98 €/KG","img":"https://fd15-photos.leclercdrive.fr/image.ashx?id=2909251&use=l&cat=p&typeid=i","cat":327595},{"id":237112,"n":"Cornet Nocciolata Hazelnut Creations Chocolat au lait 150g","p":9.75,"u":"65,00 €/KG","img":"https://fd15-photos.leclercdrive.fr/image.ashx?id=2798295&use=l&cat=p&typeid=i","cat":327595},{"id":237116,"n":"Cornet Nocciolata Hazelnut Creations Chocolat noir - 150g","p":9.75,"u":"65,00 €/KG","img":"https://fd15-photos.leclercdrive.fr/image.ashx?id=2798301&use=l&cat=p&typeid=i","cat":327595},{"id":237125,"n":"Les Bouchées Les Recettes de L'Atelier - Noir - 187g","p":8.89,"u":"47,54 €/KG","img":"https://fd15-photos.leclercdrive.fr/image.ashx?id=2797112&use=l&cat=p&typeid=i","cat":327595},{"id":237127,"n":"Boîte chocolat Lanvin Mixte chocolats - 285g","p":14.44,"u":"50,67 €/KG","img":"https://fd15-photos.leclercdrive.fr/image.ashx?id=2797145&use=l&cat=p&typeid=i","cat":327595},{"id":237128,"n":"Assortiment chocolat Lanvin Chocolat noir - 294g","p":14.44,"u":"49,12 €/KG","img":"https://fd15-photos.leclercdrive.fr/image.ashx?id=2966149&use=l&cat=p&typeid=i","cat":327595},{"id":237129,"n":"Les Bouchées Les Recettes de L'Atelier - Lait et noir - 398G","p":15.05,"u":"37,81 €/KG","img":"https://fd15-photos.leclercdrive.fr/image.ashx?id=2797106&use=l&cat=p&typeid=i","cat":327595},{"id":237130,"n":"Bouchées Les Recettes de L'Atelier - Lait et noir - 186g","p":8.89,"u":"47,80 €/KG","img":"https://fd15-photos.leclercdrive.fr/image.ashx?id=2797103&use=l&cat=p&typeid=i","cat":327595},{"id":237131,"n":"Boîte chocolat Lanvin Assortiment chocolat Lait 274g","p":14.44,"u":"52,70 €/KG","img":"https://fd15-photos.leclercdrive.fr/image.ashx?id=2797139&use=l&cat=p&typeid=i","cat":327595},{"id":237133,"n":"L'escargot Lanvin Chocolat Blanc - 362g","p":14.45,"u":"39,92 €/KG","img":"https://fd15-photos.leclercdrive.fr/image.ashx?id=2897402&use=l&cat=p&typeid=i","cat":327595},{"id":237134,"n":"L'escargot chocolat Lanvin Duo Lait noir - 362G","p":16.99,"u":"46,93 €/KG","img":"https://fd15-photos.leclercdrive.fr/image.ashx?id=2902843&use=l&cat=p&typeid=i","cat":327595},{"id":237136,"n":"L'escargot chocolat Lanvin Chocolat au lait - 362g","p":16.99,"u":"46,93 €/KG","img":"https://fd15-photos.leclercdrive.fr/image.ashx?id=2987005&use=l&cat=p&typeid=i","cat":327595},{"id":237140,"n":"L'escargot trio Lanvin Lait Amande Caramel - 362g","p":16.99,"u":"46,93 €/KG","img":"https://fd15-photos.leclercdrive.fr/image.ashx?id=2897405&use=l&cat=p&typeid=i","cat":327595},{"id":237145,"n":"Papillotes Pâtes de fruit chocolaterie du Forez - 420g","p":7.35,"u":"175,00 €/KG","img":"https://fd15-photos.leclercdrive.fr/image.ashx?id=2797825&use=l&cat=p&typeid=i","cat":327597},{"id":237146,"n":"Papillotes Pâtes de fruit Chocolaterie du Forez - 840g","p":13.54,"u":"161,19 €/KG","img":"https://fd15-photos.leclercdrive.fr/image.ashx?id=2797828&use=l&cat=p&typeid=i","cat":327597},{"id":237149,"n":"Papillotte Quiz cinéma Révillon Chocolat Noir Lait Blanc - 360g","p":14.15,"u":"39,31 €/KG","img":"https://fd15-photos.leclercdrive.fr/image.ashx?id=2797834&use=l&cat=p&typeid=i","cat":327597},{"id":237156,"n":"Boîte chocolat Révillon Grand assortiment lait - 407g","p":19.99,"u":"49,12 €/KG","img":"https://fd15-photos.leclercdrive.fr/image.ashx?id=2900788&use=l&cat=p&typeid=i","cat":327595},{"id":237157,"n":"Boîte chocolat Révillon Grand Assortiment Noir 70% Lait 404g","p":19.99,"u":"49,48 €/KG","img":"https://fd15-photos.leclercdrive.fr/image.ashx?id=2900794&use=l&cat=p&typeid=i","cat":327595},{"id":237158,"n":"Boîte chocolat Révillon Noir 70% Lait Blanc - 409g","p":19.99,"u":"48,88 €/KG","img":"https://fd15-photos.leclercdrive.fr/image.ashx?id=2900797&use=l&cat=p&typeid=i","cat":327595},{"id":237159,"n":"Boîte chocolat Révillon Grand Assortiment Noir 70% - 409g","p":19.99,"u":"48,88 €/KG","img":"https://fd15-photos.leclercdrive.fr/image.ashx?id=2900791&use=l&cat=p&typeid=i","cat":327595},{"id":237161,"n":"Ballotin Révillon Chocolat au lait - 214g","p":11.39,"u":"53,22 €/KG","img":"https://fd15-photos.leclercdrive.fr/image.ashx?id=2900782&use=l&cat=p&typeid=i","cat":327595},{"id":237162,"n":"Ballotin Révillon Chocolat Chocolat noir 70% - 215g","p":11.39,"u":"52,98 €/KG","img":"https://fd15-photos.leclercdrive.fr/image.ashx?id=2900785&use=l&cat=p&typeid=i","cat":327595},{"id":237163,"n":"Ballotin Révillon Chocolat Noir Lait Blanc - 215g","p":11.39,"u":"52,98 €/KG","img":"https://fd15-photos.leclercdrive.fr/image.ashx?id=2879685&use=l&cat=p&typeid=i","cat":327595},{"id":237168,"n":"Minis Bonhommes Riegelein Chocolat lait 33% Cacao - 100g","p":4.3,"u":"43,00 €/KG","img":"https://fd15-photos.leclercdrive.fr/image.ashx?id=2796938&use=l&cat=p&typeid=i","cat":327592},{"id":237169,"n":"Minis Pères Noël Riegelein Chocolat lait 33% Cacao - 100g","p":4.3,"u":"43,00 €/KG","img":"https://fd15-photos.leclercdrive.fr/image.ashx?id=2796935&use=l&cat=p&typeid=i","cat":327592},{"id":237170,"n":"Minis Oursons Riegelein Chocolat lait 33% Cacao - 100g","p":4.3,"u":"43,00 €/KG","img":"https://fd15-photos.leclercdrive.fr/image.ashx?id=2849217&use=l&cat=p&typeid=i","cat":327592},{"id":237175,"n":"Sachet cups Riegelein Confiserie de cacao - 200g","p":3.39,"u":"16,95 €/KG","img":"https://fd15-photos.leclercdrive.fr/image.ashx?id=2796956&use=l&cat=p&typeid=i","cat":327592},{"id":237884,"n":"Candy canes Batman Etoile de noël - 30g","p":2.15,"u":"71,67 €/KG","img":"https://fd15-photos.leclercdrive.fr/image.ashx?id=2803020&use=l&cat=p&typeid=i","cat":327789},{"id":237885,"n":"Candy canes Bob l'éponge Etoile de noël - 30g","p":2.15,"u":"71,67 €/KG","img":"https://fd15-photos.leclercdrive.fr/image.ashx?id=2803023&use=l&cat=p&typeid=i","cat":327789},{"id":237886,"n":"Candy canes Bored Ape Etoile de noël - 30g","p":2.15,"u":"71,67 €/KG","img":"https://fd15-photos.leclercdrive.fr/image.ashx?id=2803026&use=l&cat=p&typeid=i","cat":327789},{"id":237887,"n":"Candy canes Minions Etoile de noël - 30g","p":2.15,"u":"71,67 €/KG","img":"https://fd15-photos.leclercdrive.fr/image.ashx?id=2803029&use=l&cat=p&typeid=i","cat":327789},{"id":237888,"n":"Candy canes Peppa Pig Etoile de noël - 30g","p":2.15,"u":"71,67 €/KG","img":"https://fd15-photos.leclercdrive.fr/image.ashx?id=2803032&use=l&cat=p&typeid=i","cat":327789},{"id":237889,"n":"Candy canes Tortue Ninja Etoile de noël - 30g","p":2.15,"u":"71,67 €/KG","img":"https://fd15-photos.leclercdrive.fr/image.ashx?id=2803035&use=l&cat=p&typeid=i","cat":327789},{"id":237927,"n":"Crème Revitalift L'Oréal Paris Soin défatigant jour - 100ml","p":17.15,"u":"171,50 €/L","img":"https://fd15-photos.leclercdrive.fr/image.ashx?id=2887965&use=l&cat=p&typeid=i","cat":325345},{"id":237940,"n":"Pâtes Barilla Fusilloni  Al Bronzo - 500g","p":2.52,"u":"5,04 €/KG","img":"https://fd15-photos.leclercdrive.fr/image.ashx?id=2797906&use=l&cat=p&typeid=i","cat":284427},{"id":237947,"n":"Pâtes Barilla Mezzi Rigatoni Al Bronzo - 500g","p":2.52,"u":"5,04 €/KG","img":"https://fd15-photos.leclercdrive.fr/image.ashx?id=2798680&use=l&cat=p&typeid=i","cat":284427},{"id":237949,"n":"Pâtes Barilla Penne Rigate Al Bronzo - 500g","p":2.52,"u":"5,04 €/KG","img":"https://fd15-photos.leclercdrive.fr/image.ashx?id=2798677&use=l&cat=p&typeid=i","cat":284427},{"id":237950,"n":"Pâtes Barilla Linguine  Al Bronzo - 500g","p":2.8,"u":"5,60 €/KG","img":"https://fd15-photos.leclercdrive.fr/image.ashx?id=2798683&use=l&cat=p&typeid=i","cat":284427},{"id":238056,"n":"Pâtes Barilla Spaghettoni  Al Bronzo - 500g","p":2.51,"u":"5,02 €/KG","img":"https://fd15-photos.leclercdrive.fr/image.ashx?id=2798686&use=l&cat=p&typeid=i","cat":284427},{"id":238274,"n":"Crêpes chocolat au lait Whaou - x15 - 480g","p":6.32,"u":"13,17 €/KG","img":"https://fd15-photos.leclercdrive.fr/image.ashx?id=2800417&use=l&cat=p&typeid=i","cat":284494},{"id":238399,"n":"Rouleau papier cadeau Esquisse Cirque - 2mx0,7m","p":1.15,"img":"https://fd15-photos.leclercdrive.fr/image.ashx?id=2801091&use=l&cat=p&typeid=i","cat":335914},{"id":238410,"n":"Pancakes bio Yooji pour bébé Carotte et Maïs 120g","p":5.54,"u":"46,17 €/KG","img":"https://fd15-photos.leclercdrive.fr/image.ashx?id=2800950&use=l&cat=p&typeid=i","cat":290631},{"id":238411,"n":"Pancakes bio Yooji pour bébé Petit pois epinard 120g","p":5.54,"u":"46,17 €/KG","img":"https://fd15-photos.leclercdrive.fr/image.ashx?id=2800953&use=l&cat=p&typeid=i","cat":290631},{"id":238415,"n":"Pancakes bio Yooji pour bébé Banane 120g","p":5.54,"u":"46,17 €/KG","img":"https://fd15-photos.leclercdrive.fr/image.ashx?id=2800956&use=l&cat=p&typeid=i","cat":312394},{"id":238425,"n":"Chewing-gum Freedent Refreshers  Mangue Ananas 67g","p":3.94,"u":"58,81 €/KG","img":"https://fd15-photos.leclercdrive.fr/image.ashx?id=2897294&use=l&cat=p&typeid=i","cat":304251},{"id":238426,"n":"Chewing-gum Refreshers  Fraise citron, 67g","p":4.1,"u":"61,19 €/KG","img":"https://fd15-photos.leclercdrive.fr/image.ashx?id=2877019&use=l&cat=p&typeid=i","cat":304251},{"id":238428,"n":"Tablette Nestlé Dessert chocolat noir - 80% 170g","p":4.3,"u":"25,29 €/KG","img":"https://fd15-photos.leclercdrive.fr/image.ashx?id=2904488&use=l&cat=p&typeid=i","cat":284956},{"id":238429,"n":"Chocolat au lait Tablette d'Or caramel beurre salé 180g","p":2.89,"u":"16,06 €/KG","img":"https://fd15-photos.leclercdrive.fr/image.ashx?id=2800758&use=l&cat=p&typeid=i","cat":284497},{"id":238456,"n":"Beurre moulé doux Paysan Breton 125g","p":2.51,"u":"20,08 €/KG","img":"https://fd15-photos.leclercdrive.fr/image.ashx?id=2937118&use=l&cat=p&typeid=i","cat":284379},{"id":238567,"n":"Masque cheveux Fructis Garnier Longueur & glow Ananas - 320ml","p":10.4,"u":"32,50 €/L","img":"https://fd15-photos.leclercdrive.fr/image.ashx?id=2802129&use=l&cat=p&typeid=i","cat":284608},{"id":238706,"n":"Coffret Bois Noël Provençal 10 marrons glacés - 200g","p":19.9,"u":"99,50 €/KG","img":"https://fd15-photos.leclercdrive.fr/image.ashx?id=2802530&use=l&cat=p&typeid=i","cat":327603},{"id":238729,"n":"Sarment chocolat noir Mademoiselle de Margaux - 150g","p":6.5,"u":"43,33 €/KG","img":"https://fd15-photos.leclercdrive.fr/image.ashx?id=2802563&use=l&cat=p&typeid=i","cat":327601},{"id":238730,"n":"Sarment chocolat noir orange Mademoiselle de Margaux 150g","p":6.5,"u":"43,33 €/KG","img":"https://fd15-photos.leclercdrive.fr/image.ashx?id=2802572&use=l&cat=p&typeid=i","cat":327601},{"id":238731,"n":"Sarment chocolat noir & menthe Mademoiselle de Margaux 150g","p":6.5,"u":"43,33 €/KG","img":"https://fd15-photos.leclercdrive.fr/image.ashx?id=2802569&use=l&cat=p&typeid=i","cat":327601},{"id":238734,"n":"Sarment chocolat  lait  caramel Mademoiselle de Margaux - 150g","p":6.5,"u":"43,33 €/KG","img":"https://fd15-photos.leclercdrive.fr/image.ashx?id=2802560&use=l&cat=p&typeid=i","cat":327601},{"id":238735,"n":"Sarment chocolat noir framboise Mademoiselle de Margaux - 150g","p":6.5,"u":"43,33 €/KG","img":"https://fd15-photos.leclercdrive.fr/image.ashx?id=2802566&use=l&cat=p&typeid=i","cat":327601},{"id":238775,"n":"Tablette chocolat lait Libeert Pour papy - 100g","p":3.55,"u":"35,50 €/KG","img":"https://fd15-photos.leclercdrive.fr/image.ashx?id=2803969&use=l&cat=p&typeid=i","cat":284497},{"id":238777,"n":"Tablette chocolat lait Libeert Pour  papa - 100g","p":3.55,"u":"35,50 €/KG","img":"https://fd15-photos.leclercdrive.fr/image.ashx?id=2803972&use=l&cat=p&typeid=i","cat":284497},{"id":238779,"n":"Tablette chocolat lait Libeert Pour mamie  - 100g","p":3.55,"u":"35,50 €/KG","img":"https://fd15-photos.leclercdrive.fr/image.ashx?id=2803978&use=l&cat=p&typeid=i","cat":284497},{"id":238780,"n":"Tablette chocolat lait Libeert Pour maman - 100g","p":3.55,"u":"35,50 €/KG","img":"https://fd15-photos.leclercdrive.fr/image.ashx?id=2803981&use=l&cat=p&typeid=i","cat":284497},{"id":238781,"n":"Tablette chocolat lait Libeert Pour soeur - 100g","p":3.55,"u":"35,50 €/KG","img":"https://fd15-photos.leclercdrive.fr/image.ashx?id=2803984&use=l&cat=p&typeid=i","cat":284497},{"id":238785,"n":"Jambon Le tranché fin  Dégustation 4 tranches 120g","p":3.89,"u":"32,42 €/KG","img":"https://fd15-photos.leclercdrive.fr/image.ashx?id=2889298&use=l&cat=p&typeid=i","cat":316009},{"id":238786,"n":"Sucette guimauve Xmas Fizzy  Pain d'epices - 35g","p":2.55,"u":"72,86 €/KG","img":"https://fd15-photos.leclercdrive.fr/image.ashx?id=2804349&use=l&cat=p&typeid=i","cat":327592},{"id":238791,"n":"Maxi croustis Bonduelle Epinards 240g","p":3.83,"u":"15,96 €/KG","img":"https://fd15-photos.leclercdrive.fr/image.ashx?id=2805180&use=l&cat=p&typeid=i","cat":284254},{"id":238872,"n":"Quinoa facile Lustucru 300g","p":2.19,"u":"7,30 €/KG","img":"https://fd15-photos.leclercdrive.fr/image.ashx?id=2804565&use=l&cat=p&typeid=i","cat":284429},{"id":238899,"n":"Yaourt protéiné Skyr Yoplait Vanille 0%Mg - 450g","p":3.03,"u":"6,73 €/KG","img":"https://fd15-photos.leclercdrive.fr/image.ashx?id=2884447&use=l&cat=p&typeid=i","cat":315000},{"id":238904,"n":"Yaourt protéiné Skyr Yoplait Stracciatella 2%mg - 4x120g","p":4.85,"u":"10,10 €/KG","img":"https://fd15-photos.leclercdrive.fr/image.ashx?id=2973748&use=l&cat=p&typeid=i","cat":315000},{"id":238907,"n":"Yaourt protéiné Skyr Yoplait Lit au marrons 0%mg - 4x120g","p":4.85,"u":"10,10 €/KG","img":"https://fd15-photos.leclercdrive.fr/image.ashx?id=2973754&use=l&cat=p&typeid=i","cat":315000},{"id":238910,"n":"Yaourt protéiné Skyr Yoplait Lit au caramel 0%mg - 4x120g","p":4.85,"u":"10,10 €/KG","img":"https://fd15-photos.leclercdrive.fr/image.ashx?id=2973751&use=l&cat=p&typeid=i","cat":315000},{"id":238989,"n":"Lessive capsules Le Chat Disc Expert 4 en 1 x25 - 413g","p":16.65,"u":"40,31 €/KG","img":"https://fd15-photos.leclercdrive.fr/image.ashx?id=2936128&use=l&cat=p&typeid=i","cat":284641},{"id":238998,"n":"Tranche fromage Homeside Manche en bois - x1","p":5.9,"img":"https://fd15-photos.leclercdrive.fr/image.ashx?id=2808676&use=l&cat=p&typeid=i","cat":334135},{"id":239002,"n":"Brûleur à alcool Homeside x1","p":4.9,"img":"https://fd15-photos.leclercdrive.fr/image.ashx?id=2808658&use=l&cat=p&typeid=i","cat":334135},{"id":239014,"n":"Compote La vie en rouge Andros - 4x100g","p":2.35,"u":"5,88 €/KG","img":"https://fd15-photos.leclercdrive.fr/image.ashx?id=2884000&use=l&cat=p&typeid=i","cat":284416},{"id":239016,"n":"Compote La vie en jaune Andros - 4x100g","p":2.95,"u":"7,38 €/KG","img":"https://fd15-photos.leclercdrive.fr/image.ashx?id=2908189&use=l&cat=p&typeid=i","cat":284416},{"id":239022,"n":"Lyre à foie gras Homeside x1","p":2.9,"img":"https://fd15-photos.leclercdrive.fr/image.ashx?id=2808667&use=l&cat=p&typeid=i","cat":334135},{"id":239038,"n":"Amandes grillées Daco Bello Maxi format 375g","p":10.2,"u":"27,20 €/KG","img":"https://fd15-photos.leclercdrive.fr/image.ashx?id=2806988&use=l&cat=p&typeid=i","cat":284357},{"id":239059,"n":"Foie gras canard Labeyrie Entier - 190g","p":53.09,"u":"279,42 €/KG","img":"https://fd15-photos.leclercdrive.fr/image.ashx?id=2805147&use=l&cat=p&typeid=i","cat":316008},{"id":239075,"n":"Bloc foie gras canard Larnaudie Sel de Guérande - 240g","p":35.95,"u":"149,79 €/KG","img":"https://fd15-photos.leclercdrive.fr/image.ashx?id=2916806&use=l&cat=p&typeid=i","cat":316008},{"id":239101,"n":"Riz Thaï Taureau Ailé 1kg","p":3.8,"u":"3,80 €/KG","img":"https://fd15-photos.leclercdrive.fr/image.ashx?id=2805558&use=l&cat=p&typeid=i","cat":284428},{"id":239122,"n":"Assortiment chocolat Hamlet Coffret \"croco\" marron 250g","p":14.9,"pp":12.66,"u":"50,64 €/KG","img":"https://fd15-photos.leclercdrive.fr/image.ashx?id=2804367&use=l&cat=p&typeid=i","cat":284499},{"id":239125,"n":"Assortiment chocolat Hamlet Coffret \"croco\" beige 250g","p":14.9,"pp":12.66,"u":"50,64 €/KG","img":"https://fd15-photos.leclercdrive.fr/image.ashx?id=2804370&use=l&cat=p&typeid=i","cat":284499},{"id":239127,"n":"Assortiment chocolat Hamlet Coffret \"croco\" vert 250g","p":14.9,"pp":12.66,"u":"50,64 €/KG","img":"https://fd15-photos.leclercdrive.fr/image.ashx?id=2804373&use=l&cat=p&typeid=i","cat":284499},{"id":239183,"n":"Jus multifruits Abc Eco+ 1L","p":1.99,"u":"1,99 €/L","img":"https://fd15-photos.leclercdrive.fr/image.ashx?id=2804840&use=l&cat=p&typeid=i","cat":284917},{"id":239206,"n":"Coloration Palette N°900 Noir - x1","p":8.75,"img":"https://fd15-photos.leclercdrive.fr/image.ashx?id=2817479&use=l&cat=p&typeid=i","cat":288899},{"id":239208,"n":"Lessive capsules Le Chat  Disc Expert 4 en 1 x25 - 413g","p":16.65,"u":"40,41 €/KG","img":"https://fd15-photos.leclercdrive.fr/image.ashx?id=2936125&use=l&cat=p&typeid=i","cat":284641},{"id":239220,"n":"Bain de Bouche Listerine Haleine Fraiche 500ml","p":6.3,"u":"12,60 €/L","img":"https://fd15-photos.leclercdrive.fr/image.ashx?id=2806309&use=l&cat=p&typeid=i","cat":284613},{"id":239221,"n":"Bain de Bouche Listerine Total Care 10 en 1-500ml","p":6.85,"u":"13,70 €/L","img":"https://fd15-photos.leclercdrive.fr/image.ashx?id=2806312&use=l&cat=p&typeid=i","cat":284613},{"id":239223,"n":"Bain de bouche Listerine Total Care - Sans alcool 500ml","p":6.5,"u":"13,00 €/L","img":"https://fd15-photos.leclercdrive.fr/image.ashx?id=2806315&use=l&cat=p&typeid=i","cat":284613},{"id":239224,"n":"Bain de Bouche Listerine Dents et Gencives 10 en 1 500ml","p":6.85,"u":"13,70 €/L","img":"https://fd15-photos.leclercdrive.fr/image.ashx?id=2806318&use=l&cat=p&typeid=i","cat":284613},{"id":239226,"n":"Adoucissant recharge Soupline à diluer Grand Air - 600ml","p":3.95,"u":"6,58 €/L","img":"https://fd15-photos.leclercdrive.fr/image.ashx?id=2957314&use=l&cat=p&typeid=i","cat":284650},{"id":239228,"n":"Adoucissant recharge Soupline à diluer Moment Magique-600ml","p":5.05,"u":"8,42 €/L","img":"https://fd15-photos.leclercdrive.fr/image.ashx?id=2863027&use=l&cat=p&typeid=i","cat":284650},{"id":239229,"n":"Brume de linge Soupline spray Grand Air - 300ml","p":5.99,"u":"19,97 €/L","img":"https://fd15-photos.leclercdrive.fr/image.ashx?id=2866202&use=l&cat=p&typeid=i","cat":325302},{"id":239233,"n":"Dentifrice Colgate Soin complet - 75ml","p":2.4,"u":"32,00 €/L","img":"https://fd15-photos.leclercdrive.fr/image.ashx?id=2836196&use=l&cat=p&typeid=i","cat":284612},{"id":239234,"n":"Dentifrice Colgate Total Résistance de l'émail 75ml","p":2.76,"u":"36,80 €/L","img":"https://fd15-photos.leclercdrive.fr/image.ashx?id=2832578&use=l&cat=p&typeid=i","cat":284612},{"id":239327,"n":"Foie gras de canard entier à l'Armagnac - Montfort - 130g","p":15.9,"u":"122,31 €/KG","img":"https://fd15-photos.leclercdrive.fr/image.ashx?id=2806129&use=l&cat=p&typeid=i","cat":305148},{"id":239393,"n":"Filet de canard cuit Maître Coq Sauce balsamique - 440g","p":17.54,"u":"39,86 €/KG","img":"https://fd15-photos.leclercdrive.fr/image.ashx?id=2806976&use=l&cat=p&typeid=i","cat":327289},{"id":239396,"n":"Filet de canard cuit Maître Coq Sauce champignon - 440g","p":17.54,"u":"39,86 €/KG","img":"https://fd15-photos.leclercdrive.fr/image.ashx?id=2806979&use=l&cat=p&typeid=i","cat":327289},{"id":239478,"n":"Burger Géant Jacquet Nature x4 - 330g","p":1.75,"u":"5,30 €/KG","img":"https://fd15-photos.leclercdrive.fr/image.ashx?id=3010981&use=l&cat=p&typeid=i","cat":325067},{"id":239480,"n":"Burger Géant Jacquet Farine complète x4 - 330g","p":1.89,"u":"5,73 €/KG","img":"https://fd15-photos.leclercdrive.fr/image.ashx?id=2973544&use=l&cat=p&typeid=i","cat":325067},{"id":239504,"n":"Burger Géant Jacquet Nature x6 - 495g","p":2.89,"u":"5,84 €/KG","img":"https://fd15-photos.leclercdrive.fr/image.ashx?id=2991876&use=l&cat=p&typeid=i","cat":325067},{"id":239509,"n":"Préparation maison Vahiné Gâteau 3en1 chocolat  280g","p":3.7,"u":"13,21 €/KG","img":"https://fd15-photos.leclercdrive.fr/image.ashx?id=2806961&use=l&cat=p&typeid=i","cat":284505},{"id":239864,"n":"Velouté Liebig 12 legumes - 2x30cl","p":2.49,"u":"4,15 €/L","img":"https://fd15-photos.leclercdrive.fr/image.ashx?id=2923513&use=l&cat=p&typeid=i","cat":284462},{"id":239881,"n":"Soupe Douceur de 8 légumes Knorr - 1L","p":5.2,"u":"5,20 €/L","img":"https://fd15-photos.leclercdrive.fr/image.ashx?id=2944509&use=l&cat=p&typeid=i","cat":284462},{"id":239883,"n":"Velouté Eco+ Poireaux pomme de terre","p":1.35,"u":"1,35 €/L","img":"https://fd15-photos.leclercdrive.fr/image.ashx?id=2808724&use=l&cat=p&typeid=i","cat":284462},{"id":239888,"n":"Bouillon Maggi Tomate vermicelle - 70g","p":0.85,"u":"12,14 €/KG","img":"https://fd15-photos.leclercdrive.fr/image.ashx?id=2811713&use=l&cat=p&typeid=i","cat":288379},{"id":239891,"n":"Poule aux vermicelles Maggi 65g","p":0.85,"u":"13,08 €/KG","img":"https://fd15-photos.leclercdrive.fr/image.ashx?id=2811716&use=l&cat=p&typeid=i","cat":288379},{"id":239893,"n":"Bouillon de tomates Royco x3 - 60cl","p":2.63,"u":"4,38 €/L","img":"https://fd15-photos.leclercdrive.fr/image.ashx?id=2810630&use=l&cat=p&typeid=i","cat":288379},{"id":239897,"n":"Velouté de poireaux Royco  pomme de terre x3 - 80cl","p":1.99,"u":"2,49 €/L","img":"https://fd15-photos.leclercdrive.fr/image.ashx?id=2810642&use=l&cat=p&typeid=i","cat":293527},{"id":239902,"n":"Saumon en croûte Côté Table 700g","p":9.95,"u":"14,21 €/KG","img":"https://fd15-photos.leclercdrive.fr/image.ashx?id=2808733&use=l&cat=p&typeid=i","cat":319776},{"id":239903,"n":"Bonbons  Copains  Copines Mini sucettes - 168g","p":2.8,"u":"16,67 €/KG","img":"https://fd15-photos.leclercdrive.fr/image.ashx?id=2934796&use=l&cat=p&typeid=i","cat":304250},{"id":239905,"n":"Nouilles Tables du Monde Legumes - 3x65g","p":1.6,"u":"8,21 €/KG","img":"https://fd15-photos.leclercdrive.fr/image.ashx?id=2808727&use=l&cat=p&typeid=i","cat":288992},{"id":239942,"n":"Bols parmentier Bledina Carottes boeuf - 2x200g","p":3.4,"u":"8,50 €/KG","img":"https://fd15-photos.leclercdrive.fr/image.ashx?id=2975125&use=l&cat=p&typeid=i","cat":312235},{"id":239945,"n":"Gourdes Bledina Fruits multivariété - 720g","p":9.39,"u":"13,04 €/KG","img":"https://fd15-photos.leclercdrive.fr/image.ashx?id=2810654&use=l&cat=p&typeid=i","cat":312393},{"id":239946,"n":"Compote Bonne Maman Pomme vanille - 590g","p":5.45,"u":"9,24 €/KG","img":"https://fd15-photos.leclercdrive.fr/image.ashx?id=2951863&use=l&cat=p&typeid=i","cat":284480},{"id":239960,"n":"Sauce provencale Eco+ 390g","p":1.2,"u":"3,08 €/KG","img":"https://fd15-photos.leclercdrive.fr/image.ashx?id=2808964&use=l&cat=p&typeid=i","cat":299047},{"id":239969,"n":"Le Bon Plan pur boeuf Charal x6 - 540g","p":9.5,"u":"17,59 €/KG","img":"https://fd15-photos.leclercdrive.fr/image.ashx?id=2810828&use=l&cat=p&typeid=i","cat":319778},{"id":239975,"n":"Pistolet expert Cillit Bang Zéro moisissure - 1L","p":4.4,"u":"4,40 €/L","img":"https://fd15-photos.leclercdrive.fr/image.ashx?id=2811326&use=l&cat=p&typeid=i","cat":325357},{"id":239981,"n":"Sauce napolitaine Eco+ 390g","p":1.2,"u":"3,08 €/KG","img":"https://fd15-photos.leclercdrive.fr/image.ashx?id=2809172&use=l&cat=p&typeid=i","cat":299047},{"id":240106,"n":"Lessive Mono-doses - x20 Uni vert","p":5.85,"img":"https://fd15-photos.leclercdrive.fr/image.ashx?id=2842322&use=l&cat=p&typeid=i","cat":284641},{"id":240138,"n":"Lessive liquide Skip Active clean 2x37 lavages 3.33L","p":45.8,"u":"13,75 €/L","img":"https://fd15-photos.leclercdrive.fr/image.ashx?id=2813080&use=l&cat=p&typeid=i","cat":284640},{"id":240139,"n":"Lessive liquide Skip Fraîcheur intense - 3.33L","p":45.8,"u":"13,75 €/L","img":"https://fd15-photos.leclercdrive.fr/image.ashx?id=2813083&use=l&cat=p&typeid=i","cat":284640},{"id":240144,"n":"Lessive liquide Skip Extra détachant - 3.06L","p":35.99,"u":"11,76 €/L","img":"https://fd15-photos.leclercdrive.fr/image.ashx?id=2813095&use=l&cat=p&typeid=i","cat":284640},{"id":240202,"n":"Friandises pour chat Whiskas Poulet - 50g","p":2.3,"u":"46,00 €/KG","img":"https://fd15-photos.leclercdrive.fr/image.ashx?id=2990976&use=l&cat=p&typeid=i","cat":285285},{"id":240256,"n":"Papier cadeau Pat'Patrouille Christmas - 500x70cm","p":2.9,"img":"https://fd15-photos.leclercdrive.fr/image.ashx?id=2816764&use=l&cat=p&typeid=i","cat":335914},{"id":240481,"n":"Compote Andros La vie en violet - 4x100g","p":2.35,"u":"5,88 €/KG","img":"https://fd15-photos.leclercdrive.fr/image.ashx?id=2989333&use=l&cat=p&typeid=i","cat":284508},{"id":240751,"n":"Spaghetti Barilla Quadrati Al bronzo - 500g","p":2.8,"u":"5,60 €/KG","img":"https://fd15-photos.leclercdrive.fr/image.ashx?id=2815145&use=l&cat=p&typeid=i","cat":284427},{"id":240842,"n":"Skyr nature Délisse 4x100g","p":1.89,"u":"4,73 €/KG","img":"https://fd15-photos.leclercdrive.fr/image.ashx?id=2992588&use=l&cat=p&typeid=i","cat":315000},{"id":240843,"n":"Skyr nature Délisse 850g","p":3.95,"u":"4,65 €/KG","img":"https://fd15-photos.leclercdrive.fr/image.ashx?id=2992600&use=l&cat=p&typeid=i","cat":315000},{"id":240852,"n":"Cèpes morceaux L'Origine du Goût 300g","p":5.44,"u":"18,13 €/KG","img":"https://fd15-photos.leclercdrive.fr/image.ashx?id=2814917&use=l&cat=p&typeid=i","cat":319805},{"id":240867,"n":"Frites classiques Pom'lisse  2kg","p":4.9,"u":"2,45 €/KG","img":"https://fd15-photos.leclercdrive.fr/image.ashx?id=2814890&use=l&cat=p&typeid=i","cat":319791},{"id":240872,"n":"Crème dessert Lindahls Vanille 4x120g","p":3.99,"u":"8,31 €/KG","img":"https://fd15-photos.leclercdrive.fr/image.ashx?id=2907830&use=l&cat=p&typeid=i","cat":285041},{"id":240883,"n":"Saumon fumé Delpeyrat Ecosse 4 tranches mini - 110g","p":8.9,"u":"80,91 €/KG","img":"https://fd15-photos.leclercdrive.fr/image.ashx?id=2901716&use=l&cat=p&typeid=i","cat":285188},{"id":240905,"n":"Île flottante Délisse Caramel - 4x100g","p":3.55,"u":"8,88 €/KG","img":"https://fd15-photos.leclercdrive.fr/image.ashx?id=2932429&use=l&cat=p&typeid=i","cat":284419},{"id":240919,"n":"Morilles sauvages entières L'Origine du Goût 150g","p":8.25,"u":"55,00 €/KG","img":"https://fd15-photos.leclercdrive.fr/image.ashx?id=2814968&use=l&cat=p&typeid=i","cat":319805},{"id":241099,"n":"Nouilles asiatiques Maggi Pad Thai - 128g","p":2.64,"u":"20,63 €/KG","img":"https://fd15-photos.leclercdrive.fr/image.ashx?id=2899776&use=l&cat=p&typeid=i","cat":288992},{"id":241497,"n":"Foie gras de canard Pierre de Chaumeyrac 150g","p":18.95,"u":"126,33 €/KG","img":"https://fd15-photos.leclercdrive.fr/image.ashx?id=2817226&use=l&cat=p&typeid=i","cat":316008},{"id":241498,"n":"Foie gras de canard entier Pierre de Chaumeyrac 200g","p":24.65,"u":"123,25 €/KG","img":"https://fd15-photos.leclercdrive.fr/image.ashx?id=2817229&use=l&cat=p&typeid=i","cat":316008},{"id":241500,"n":"Mousse foie gras de canard Eco+ 2x40g","p":4.64,"u":"58,00 €/KG","img":"https://fd15-photos.leclercdrive.fr/image.ashx?id=2817223&use=l&cat=p&typeid=i","cat":316008},{"id":241513,"n":"Bloc foie gras de canard  Pierre de Chaumeyrac 200g","p":16.9,"u":"84,50 €/KG","img":"https://fd15-photos.leclercdrive.fr/image.ashx?id=2817238&use=l&cat=p&typeid=i","cat":316008},{"id":241550,"n":"Moules à la marinière Tipiak 450g","p":5.65,"u":"12,56 €/KG","img":"https://fd15-photos.leclercdrive.fr/image.ashx?id=2819364&use=l&cat=p&typeid=i","cat":319786},{"id":241653,"n":"Riz parfumé Taureau ailé 500g","p":2.85,"u":"5,70 €/KG","img":"https://fd15-photos.leclercdrive.fr/image.ashx?id=2828343&use=l&cat=p&typeid=i","cat":284428},{"id":241657,"n":"Riz Thai Taureau ailé 500g","p":2.55,"u":"5,10 €/KG","img":"https://fd15-photos.leclercdrive.fr/image.ashx?id=2828340&use=l&cat=p&typeid=i","cat":284428},{"id":241812,"n":"Gourde bébé Blédina - 10 mois Multifruits - 8x85g","p":10.95,"u":"16,10 €/KG","img":"https://fd15-photos.leclercdrive.fr/image.ashx?id=2826642&use=l&cat=p&typeid=i","cat":312393},{"id":242235,"n":"Lingettes bébé Cadum  Ultra-douces x48","p":5.95,"u":"0,06 €/P","img":"https://fd15-photos.leclercdrive.fr/image.ashx?id=2828091&use=l&cat=p&typeid=i","cat":284738},{"id":242266,"n":"Après-shampoing Garnier Ultra  Doux Cheveux secs -250ml","p":4.45,"u":"17,80 €/L","img":"https://fd15-photos.leclercdrive.fr/image.ashx?id=2828046&use=l&cat=p&typeid=i","cat":284607},{"id":242279,"n":"Shampoing DOP Pomme verte 400ml","p":3.5,"u":"8,75 €/L","img":"https://fd15-photos.leclercdrive.fr/image.ashx?id=2828094&use=l&cat=p&typeid=i","cat":284606},{"id":242323,"n":"Mini sucettes Copains Copines Acides - 180g","p":2.04,"u":"11,33 €/KG","img":"https://fd15-photos.leclercdrive.fr/image.ashx?id=2934799&use=l&cat=p&typeid=i","cat":304250},{"id":242329,"n":"Bonbons Copains Copines Acides - 200g","p":1.64,"u":"8,20 €/KG","img":"https://fd15-photos.leclercdrive.fr/image.ashx?id=2934793&use=l&cat=p&typeid=i","cat":304250},{"id":242353,"n":"Riz Comptoir du Grain Thaï suprême - 500g","p":1.95,"u":"3,90 €/KG","img":"https://fd15-photos.leclercdrive.fr/image.ashx?id=2822371&use=l&cat=p&typeid=i","cat":284428},{"id":242435,"n":"Foie gras du Périgord Nos Région ont du Talent - 120g","p":8.8,"u":"73,33 €/KG","img":"https://fd15-photos.leclercdrive.fr/image.ashx?id=2824497&use=l&cat=p&typeid=i","cat":305148},{"id":242618,"n":"Cheddar L'Origine du Goût 200g","p":2.8,"u":"14,00 €/KG","img":"https://fd15-photos.leclercdrive.fr/image.ashx?id=2872478&use=l&cat=p&typeid=i","cat":314034},{"id":242701,"n":"Déodorant Narta Impeccable anti-traces 48h -50ml","p":4.3,"u":"86,00 €/L","img":"https://fd15-photos.leclercdrive.fr/image.ashx?id=2828097&use=l&cat=p&typeid=i","cat":284595},{"id":242821,"n":"Coloration Olia Garnier 6.12  Châtin très clair","p":17.1,"img":"https://fd15-photos.leclercdrive.fr/image.ashx?id=2825880&use=l&cat=p&typeid=i","cat":288899},{"id":242900,"n":"Vin rouge Union Européenne  François d'Aubigné - 3x25cl","p":2.34,"u":"3,12 €/L","img":"https://fd15-photos.leclercdrive.fr/image.ashx?id=2927170&use=l&cat=p&typeid=i","cat":289556},{"id":242901,"n":"AOP Jurançon sec Vin blanc Terrasses d'Autan - 75cl","p":11.79,"u":"15,72 €/L","img":"https://fd15-photos.leclercdrive.fr/image.ashx?id=2933458&use=l&cat=p&typeid=i","cat":289557},{"id":242906,"n":"AOP Languedoc Prieur Barsanne Vin rouge - 75cl","p":3.99,"u":"5,32 €/L","img":"https://fd15-photos.leclercdrive.fr/image.ashx?id=2917320&use=l&cat=p&typeid=i","cat":289556},{"id":243182,"n":"Ecrasé Pom Bristo Façon grand-mère - 450g","p":5.12,"u":"11,38 €/KG","img":"https://fd15-photos.leclercdrive.fr/image.ashx?id=2866442&use=l&cat=p&typeid=i","cat":319793},{"id":243231,"n":"Bloc de Foie gras de canard nature Les Thomasines - 200g","p":15.74,"u":"78,70 €/KG","img":"https://fd15-photos.leclercdrive.fr/image.ashx?id=2835063&use=l&cat=p&typeid=i","cat":316008},{"id":243336,"n":"Panettone Al Nocciola  Tradizioni d'Italia 500g","p":10.89,"u":"21,78 €/KG","img":"https://fd15-photos.leclercdrive.fr/image.ashx?id=2826327&use=l&cat=p&typeid=i","cat":293600},{"id":243497,"n":"Nouilles instantanées Wai Wai Crevette - 3x60g","p":2.15,"u":"11,94 €/KG","img":"https://fd15-photos.leclercdrive.fr/image.ashx?id=2833852&use=l&cat=p&typeid=i","cat":288992},{"id":243498,"n":"Nouilles instantanées Wai Wai Boeuf - 3x60g","p":2.15,"u":"11,94 €/KG","img":"https://fd15-photos.leclercdrive.fr/image.ashx?id=2833855&use=l&cat=p&typeid=i","cat":288992},{"id":243499,"n":"Nouilles instantanées Wai Wai Poulet - 3x60g","p":2.15,"u":"11,94 €/KG","img":"https://fd15-photos.leclercdrive.fr/image.ashx?id=2833858&use=l&cat=p&typeid=i","cat":288992},{"id":243500,"n":"Nouilles instantanées Wai Wai Piment - 3x60g","p":2.15,"u":"11,94 €/KG","img":"https://fd15-photos.leclercdrive.fr/image.ashx?id=2833861&use=l&cat=p&typeid=i","cat":288992},{"id":243501,"n":"Nouilles instantanées Wai Wai Citron - 3x60g","p":2.15,"u":"11,94 €/KG","img":"https://fd15-photos.leclercdrive.fr/image.ashx?id=2833864&use=l&cat=p&typeid=i","cat":288992},{"id":243502,"n":"Nouilles instantanées Wai Wai Poulet curry - 3x60g","p":2.15,"u":"11,94 €/KG","img":"https://fd15-photos.leclercdrive.fr/image.ashx?id=2833870&use=l&cat=p&typeid=i","cat":288992},{"id":243503,"n":"Nouilles instantanées Wai Wai Canard - 3x60g","p":2.15,"u":"11,94 €/KG","img":"https://fd15-photos.leclercdrive.fr/image.ashx?id=2833867&use=l&cat=p&typeid=i","cat":288992},{"id":243688,"n":"Concentré de citron Frucci 75cl","p":2.35,"u":"3,13 €/L","img":"https://fd15-photos.leclercdrive.fr/image.ashx?id=2865308&use=l&cat=p&typeid=i","cat":295020},{"id":243689,"n":"Boisson energisante X-Tense Energisante pina coco - 50cl","p":1.04,"u":"2,08 €/L","img":"https://fd15-photos.leclercdrive.fr/image.ashx?id=2956798&use=l&cat=p&typeid=i","cat":284533},{"id":243706,"n":"Boisson energisante X-tense  Tropical - 50cl","p":1.05,"u":"2,10 €/L","img":"https://fd15-photos.leclercdrive.fr/image.ashx?id=2956795&use=l&cat=p&typeid=i","cat":284533},{"id":243957,"n":"Concentré Frucci Citron vert - 75cl","p":2.35,"u":"3,13 €/L","img":"https://fd15-photos.leclercdrive.fr/image.ashx?id=2865311&use=l&cat=p&typeid=i","cat":295020},{"id":243964,"n":"Lessive liquide Ecopack Winni's Savon d'Alep et Verveine 1350ml","p":10.95,"u":"8,11 €/L","img":"https://fd15-photos.leclercdrive.fr/image.ashx?id=2834542&use=l&cat=p&typeid=i","cat":284640},{"id":243977,"n":"Vinaigre de nettoyage Clair 5L","p":5.89,"u":"1,18 €/L","img":"https://fd15-photos.leclercdrive.fr/image.ashx?id=2834190&use=l&cat=p&typeid=i","cat":325362},{"id":243995,"n":"Croutons saveur ail Pasquier 80g","p":1.15,"u":"14,38 €/KG","img":"https://fd15-photos.leclercdrive.fr/image.ashx?id=2834458&use=l&cat=p&typeid=i","cat":284464},{"id":243996,"n":"Croutons nature Pasquier 80g","p":1.05,"u":"13,13 €/KG","img":"https://fd15-photos.leclercdrive.fr/image.ashx?id=2834461&use=l&cat=p&typeid=i","cat":284464},{"id":244204,"n":"Poêlée Champêtre Ec0+ 1kg","p":2.69,"img":"https://fd15-photos.leclercdrive.fr/image.ashx?id=2835045&use=l&cat=p&typeid=i","cat":319823},{"id":244205,"n":"Poêlée de légumes 1kg","p":2.09,"u":"2,09 €/KG","img":"https://fd15-photos.leclercdrive.fr/image.ashx?id=2835048&use=l&cat=p&typeid=i","cat":319823},{"id":244218,"n":"Croquettes Friskies chat adulte Thon Légumes - 3kg","p":10.75,"u":"3,58 €/KG","img":"https://fd15-photos.leclercdrive.fr/image.ashx?id=2835148&use=l&cat=p&typeid=i","cat":284680},{"id":244229,"n":"Croquettes Friskies chat adulte Lapin Poulet Légumes - 1.5kg","p":7.25,"u":"4,83 €/KG","img":"https://fd15-photos.leclercdrive.fr/image.ashx?id=2835160&use=l&cat=p&typeid=i","cat":284680},{"id":244230,"n":"Croquettes Friskies chat adulte Poulet Légumes - 3kg","p":10.75,"u":"3,58 €/KG","img":"https://fd15-photos.leclercdrive.fr/image.ashx?id=2835151&use=l&cat=p&typeid=i","cat":284680},{"id":244234,"n":"Croquettes Friskies chat adulte Saumon Légumes - 1.5kg","p":6.9,"u":"4,60 €/KG","img":"https://fd15-photos.leclercdrive.fr/image.ashx?id=2860586&use=l&cat=p&typeid=i","cat":284680},{"id":244235,"n":"Croquettes Friskies chat adulte  Boeuf Poulet Légumes - 1.5kg","p":7.25,"u":"4,83 €/KG","img":"https://fd15-photos.leclercdrive.fr/image.ashx?id=2835154&use=l&cat=p&typeid=i","cat":284680},{"id":244661,"n":"Riz Basmati Lustucru Selection  10 min - 450g","p":3.15,"u":"7,00 €/KG","img":"https://fd15-photos.leclercdrive.fr/image.ashx?id=2836732&use=l&cat=p&typeid=i","cat":284428},{"id":245060,"n":"Cornichons 6 aromates Rustica extra-fins -220g","p":1.8,"u":"8,18 €/KG","img":"https://fd15-photos.leclercdrive.fr/image.ashx?id=2916734&use=l&cat=p&typeid=i","cat":284458},{"id":245061,"n":"Pain pour panini Epi d'Or Précuit - x4  300g","p":1.5,"u":"5,00 €/KG","img":"https://fd15-photos.leclercdrive.fr/image.ashx?id=2837144&use=l&cat=p&typeid=i","cat":284985},{"id":245071,"n":"Snack Nesquik super choco 4x28g","p":2.49,"u":"22,23 €/KG","img":"https://fd15-photos.leclercdrive.fr/image.ashx?id=2837607&use=l&cat=p&typeid=i","cat":284420},{"id":245074,"n":"Nouilles instantanées Maggi sauce aigre douce - 128g","p":2.64,"u":"20,63 €/KG","img":"https://fd15-photos.leclercdrive.fr/image.ashx?id=2837628&use=l&cat=p&typeid=i","cat":288992},{"id":245075,"n":"Nouilles instantanées Maggi  sauce Teriyaki - 128g","p":2.64,"u":"20,63 €/KG","img":"https://fd15-photos.leclercdrive.fr/image.ashx?id=2837625&use=l&cat=p&typeid=i","cat":288992},{"id":245076,"n":"Nouilles instantanées Maggi sauce Teriyaki - 75g","p":2.64,"u":"35,20 €/KG","img":"https://fd15-photos.leclercdrive.fr/image.ashx?id=2842966&use=l&cat=p&typeid=i","cat":288992},{"id":245078,"n":"Nouilles instantanées Maggi sauce poulet sésame - 75g","p":2.64,"u":"35,20 €/KG","img":"https://fd15-photos.leclercdrive.fr/image.ashx?id=2842963&use=l&cat=p&typeid=i","cat":288992},{"id":245082,"n":"Nouilles instantanées Maggi sauce sweet chili - 75g","p":2.64,"u":"35,20 €/KG","img":"https://fd15-photos.leclercdrive.fr/image.ashx?id=2842960&use=l&cat=p&typeid=i","cat":288992},{"id":245238,"n":"Gousses vanille Tablier Blanc x2 - 4g","p":2.69,"u":"672,50 €/KG","img":"https://fd15-photos.leclercdrive.fr/image.ashx?id=2837701&use=l&cat=p&typeid=i","cat":284504},{"id":245397,"n":"Frites au four allumettes  Pom'lisse - 2kg","p":4.9,"u":"2,45 €/KG","img":"https://fd15-photos.leclercdrive.fr/image.ashx?id=2838547&use=l&cat=p&typeid=i","cat":319791},{"id":245404,"n":"Nouilles aux légumes Tables du Monde - 300g","p":3.25,"u":"10,83 €/KG","img":"https://fd15-photos.leclercdrive.fr/image.ashx?id=2838556&use=l&cat=p&typeid=i","cat":333673},{"id":245576,"n":"Sauce Pesto vert Panzani au basilic - 2x90g","p":3.75,"u":"20,83 €/KG","img":"https://fd15-photos.leclercdrive.fr/image.ashx?id=2873841&use=l&cat=p&typeid=i","cat":299047},{"id":245579,"n":"Sauce Pesto vert crémeux  Panzani - 190g","p":3.79,"u":"19,95 €/KG","img":"https://fd15-photos.leclercdrive.fr/image.ashx?id=2873838&use=l&cat=p&typeid=i","cat":299047},{"id":245582,"n":"Sauce Pesto Panzani poivrons ricotta - 190g","p":3.7,"u":"19,47 €/KG","img":"https://fd15-photos.leclercdrive.fr/image.ashx?id=2873835&use=l&cat=p&typeid=i","cat":299047},{"id":245613,"n":"Velouté La Potagère Pomme de terre gruyère - 1L","p":3.6,"u":"3,60 €/L","img":"https://fd15-photos.leclercdrive.fr/image.ashx?id=2840578&use=l&cat=p&typeid=i","cat":284462},{"id":245745,"n":"Farine de blé type 55 - 1kg Pratiques agricoles bas carbone","p":2.05,"u":"2,05 €/KG","img":"https://fd15-photos.leclercdrive.fr/image.ashx?id=2841956&use=l&cat=p&typeid=i","cat":284503},{"id":245801,"n":"Sweet potato fries Strong Roots Patates Douces 500g","p":5.19,"u":"10,38 €/KG","img":"https://fd15-photos.leclercdrive.fr/image.ashx?id=2899638&use=l&cat=p&typeid=i","cat":319791},{"id":245806,"n":"Rainbow fries Strong Roots Betterave Carottes Panais 500g","p":5.25,"u":"10,50 €/KG","img":"https://fd15-photos.leclercdrive.fr/image.ashx?id=2899644&use=l&cat=p&typeid=i","cat":319791},{"id":245929,"n":"Tablette chocolat KitKat Caramel salé - 99g","p":2.99,"u":"30,20 €/KG","img":"https://fd15-photos.leclercdrive.fr/image.ashx?id=2990868&use=l&cat=p&typeid=i","cat":284497},{"id":245930,"n":"Tablette KitKat  Double chocolat - 99g","p":2.99,"u":"30,20 €/KG","img":"https://fd15-photos.leclercdrive.fr/image.ashx?id=2990865&use=l&cat=p&typeid=i","cat":284497},{"id":245931,"n":"Tablette chocolat KitKat  Noisette - 99g","p":2.99,"u":"30,20 €/KG","img":"https://fd15-photos.leclercdrive.fr/image.ashx?id=2871046&use=l&cat=p&typeid=i","cat":284497},{"id":246155,"n":"Capri Sun multivitaminés Pack de 4x10x20cl","p":22.95,"u":"2,87 €/L","img":"https://fd15-photos.leclercdrive.fr/image.ashx?id=2484708&use=l&cat=p&typeid=i","cat":295018},{"id":246157,"n":"Capri Sun tropical Pack de 4x10x20cl","p":22.95,"u":"2,87 €/L","img":"https://fd15-photos.leclercdrive.fr/image.ashx?id=2484708&use=l&cat=p&typeid=i","cat":295018},{"id":246162,"n":"Serviettes Jour Always Ultra Normal - T1 - Ailettes x38","p":8.3,"u":"0,22 €/P","img":"https://fd15-photos.leclercdrive.fr/image.ashx?id=2849295&use=l&cat=p&typeid=i","cat":284624},{"id":246198,"n":"Sablés au chèvre Nos Regions ont du Talent 100g","p":3.15,"u":"31,50 €/KG","img":"https://fd15-photos.leclercdrive.fr/image.ashx?id=2909437&use=l&cat=p&typeid=i","cat":297000},{"id":246199,"n":"Sablés au roquefort Nos Régions ont du Talent 100g","p":2.69,"u":"26,90 €/KG","img":"https://fd15-photos.leclercdrive.fr/image.ashx?id=2909927&use=l&cat=p&typeid=i","cat":297000},{"id":246200,"n":"Sablés au comté Nos Régions ont du Talent 100g","p":2.75,"u":"27,50 €/KG","img":"https://fd15-photos.leclercdrive.fr/image.ashx?id=2909924&use=l&cat=p&typeid=i","cat":297000},{"id":246201,"n":"Pâtes penné rigaté Eco+ 1kg","p":2.55,"u":"2,55 €/KG","img":"https://fd15-photos.leclercdrive.fr/image.ashx?id=2856736&use=l&cat=p&typeid=i","cat":284427},{"id":246213,"n":"Complément alimentaire Zohi Magnesium pilulier x30","p":17.29,"u":"96,06 €/KG","img":"https://fd15-photos.leclercdrive.fr/image.ashx?id=2844205&use=l&cat=p&typeid=i","cat":284632},{"id":246215,"n":"Craq' Mix Tokapi 110g","p":2.09,"u":"19,00 €/KG","img":"https://fd15-photos.leclercdrive.fr/image.ashx?id=2900193&use=l&cat=p&typeid=i","cat":284447},{"id":246216,"n":"Coupelles Douceurs du Verger Pomme Fraise - 4x100g","p":1.45,"u":"3,63 €/KG","img":"https://fd15-photos.leclercdrive.fr/image.ashx?id=2878741&use=l&cat=p&typeid=i","cat":284508},{"id":246217,"n":"Gourdes Douceur du Verger Pommes Fraises abricot 4x90g","p":2.05,"u":"5,69 €/KG","img":"https://fd15-photos.leclercdrive.fr/image.ashx?id=2934781&use=l&cat=p&typeid=i","cat":284508},{"id":246225,"n":"Tablette de chocolat Equador Amandes caramel - 100g","p":2.2,"u":"22,00 €/KG","img":"https://fd15-photos.leclercdrive.fr/image.ashx?id=2843120&use=l&cat=p&typeid=i","cat":284497},{"id":246260,"n":"Masque Elseve Total Repair 5 - 310ml","p":666.0,"img":"https://fd15-photos.leclercdrive.fr/image.ashx?id=2844178&use=l&cat=p&typeid=i","cat":284608},{"id":246272,"n":"Shampooing Elseve Hyaluronique Pure - 250ml","p":5.85,"u":"23,40 €/L","img":"https://fd15-photos.leclercdrive.fr/image.ashx?id=2981593&use=l&cat=p&typeid=i","cat":284606},{"id":246318,"n":"Tablette de chocolat Equador Blond caramel amandes - 100g","p":2.05,"u":"20,50 €/KG","img":"https://fd15-photos.leclercdrive.fr/image.ashx?id=2843824&use=l&cat=p&typeid=i","cat":284497},{"id":246319,"n":"Tablette de chocolat Equador Noir gianduja - 100g","p":1.65,"u":"16,50 €/KG","img":"https://fd15-photos.leclercdrive.fr/image.ashx?id=2843821&use=l&cat=p&typeid=i","cat":284956},{"id":246327,"n":"Effilés en sauce Purina One Multivarietés - 680g","p":5.1,"u":"7,50 €/KG","img":"https://fd15-photos.leclercdrive.fr/image.ashx?id=2940606&use=l&cat=p&typeid=i","cat":285286},{"id":246330,"n":"Saumon Selection Purina One Junior 1 à 12 mois - 1.5 kg","p":11.1,"u":"7,40 €/KG","img":"https://fd15-photos.leclercdrive.fr/image.ashx?id=2844487&use=l&cat=p&typeid=i","cat":284680},{"id":246331,"n":"Saumon Purina One Mini 85g","p":6.8,"u":"8,00 €/KG","img":"https://fd15-photos.leclercdrive.fr/image.ashx?id=2844484&use=l&cat=p&typeid=i","cat":294526},{"id":246468,"n":"Kub or Maggi  Herbes de provence x32 - 128g","p":1.83,"u":"14,30 €/KG","img":"https://fd15-photos.leclercdrive.fr/image.ashx?id=2992320&use=l&cat=p&typeid=i","cat":298297},{"id":246543,"n":"Gommage corps Bionaïa Solide Bio - 100g","p":2.25,"u":"22,50 €/KG","img":"https://fd15-photos.leclercdrive.fr/image.ashx?id=2845158&use=l&cat=p&typeid=i","cat":325375},{"id":246544,"n":"Pain de rasage Carré Homme Beurre de karité Bio - 55g","p":1.55,"u":"28,18 €/KG","img":"https://fd15-photos.leclercdrive.fr/image.ashx?id=2854258&use=l&cat=p&typeid=i","cat":284617},{"id":246545,"n":"Perles de cire corps Siliss Chaude - Monoï - 230g","p":5.69,"u":"24,74 €/KG","img":"https://fd15-photos.leclercdrive.fr/image.ashx?id=2845170&use=l&cat=p&typeid=i","cat":325351},{"id":246638,"n":"Riz parfumé Taureau Ailé 1kg","p":3.8,"u":"3,80 €/KG","img":"https://fd15-photos.leclercdrive.fr/image.ashx?id=2846739&use=l&cat=p&typeid=i","cat":284428},{"id":246714,"n":"Brioch' burger La Fournée Dorée x6 - 450g","p":3.75,"u":"8,33 €/KG","img":"https://fd15-photos.leclercdrive.fr/image.ashx?id=2849091&use=l&cat=p&typeid=i","cat":325067},{"id":246902,"n":"Café au lait soluble Nescafé 252g","p":7.55,"u":"29,96 €/KG","img":"https://fd15-photos.leclercdrive.fr/image.ashx?id=2902421&use=l&cat=p&typeid=i","cat":284843},{"id":246907,"n":"Lait UHT demi-écrémé  Fermes de France 1L","p":0.95,"u":"0,95 €/L","img":"https://fd15-photos.leclercdrive.fr/image.ashx?id=2886588&use=l&cat=p&typeid=i","cat":284377},{"id":246911,"n":"Haricots rouges Notre Jardin 600g","p":1.69,"u":"2,82 €/KG","img":"https://fd15-photos.leclercdrive.fr/image.ashx?id=2873171&use=l&cat=p&typeid=i","cat":319805},{"id":246914,"n":"Haricots blancs Notre Jardin 600g","p":1.79,"u":"2,98 €/KG","img":"https://fd15-photos.leclercdrive.fr/image.ashx?id=2873174&use=l&cat=p&typeid=i","cat":319805},{"id":246918,"n":"Lentilles vertes Notre Jardin 600g","p":1.89,"u":"3,15 €/KG","img":"https://fd15-photos.leclercdrive.fr/image.ashx?id=2873177&use=l&cat=p&typeid=i","cat":319805},{"id":246920,"n":"Pois chiches Notre Jardin 600g","p":1.39,"u":"2,32 €/KG","img":"https://fd15-photos.leclercdrive.fr/image.ashx?id=2873180&use=l&cat=p&typeid=i","cat":319805},{"id":246921,"n":"Fèves de soja Notre Jardin 450g","p":2.59,"u":"5,76 €/KG","img":"https://fd15-photos.leclercdrive.fr/image.ashx?id=2873183&use=l&cat=p&typeid=i","cat":319805},{"id":246926,"n":"Quinoa facile Lustucru Blé  Lentilles et Carottes - 300g","p":2.6,"u":"8,67 €/KG","img":"https://fd15-photos.leclercdrive.fr/image.ashx?id=2849418&use=l&cat=p&typeid=i","cat":284429},{"id":247058,"n":"Les Mini Galettes Saint Michel Emmental - 100g","p":2.14,"u":"21,40 €/KG","img":"https://fd15-photos.leclercdrive.fr/image.ashx?id=2936278&use=l&cat=p&typeid=i","cat":297000},{"id":247059,"n":"Les minis galettes Saint Michel Comté - 100g","p":2.35,"u":"23,50 €/KG","img":"https://fd15-photos.leclercdrive.fr/image.ashx?id=2936281&use=l&cat=p&typeid=i","cat":297000},{"id":247060,"n":"Les Minis Galettes Saint Michel Tomates herbes de provence 100g","p":2.14,"u":"21,40 €/KG","img":"https://fd15-photos.leclercdrive.fr/image.ashx?id=2936284&use=l&cat=p&typeid=i","cat":297000},{"id":247061,"n":"Les minis pesto Saint Michel madeleines moelleuses  100g","p":2.35,"u":"23,50 €/KG","img":"https://fd15-photos.leclercdrive.fr/image.ashx?id=2936302&use=l&cat=p&typeid=i","cat":297000},{"id":247085,"n":"Mini cornichons Rustica Aigre doux - 220g","p":1.79,"u":"8,14 €/KG","img":"https://fd15-photos.leclercdrive.fr/image.ashx?id=2916737&use=l&cat=p&typeid=i","cat":284458},{"id":247140,"n":"Crouton Tipiak Nature - 150g","p":1.95,"u":"13,00 €/KG","img":"https://fd15-photos.leclercdrive.fr/image.ashx?id=2866376&use=l&cat=p&typeid=i","cat":284464},{"id":247141,"n":"Petit pois carottes D'Aucy Tendres et fondants - 265g","p":2.59,"u":"9,77 €/KG","img":"https://fd15-photos.leclercdrive.fr/image.ashx?id=2849680&use=l&cat=p&typeid=i","cat":312607},{"id":247154,"n":"Gelée Friskies Viandes et légumes - 12x85g","p":7.25,"u":"7,11 €/KG","img":"https://fd15-photos.leclercdrive.fr/image.ashx?id=2957302&use=l&cat=p&typeid=i","cat":284673},{"id":247155,"n":"Soupe pour chat Felix Sélection de la campagne  4x48g","p":3.75,"u":"13,02 €/KG","img":"https://fd15-photos.leclercdrive.fr/image.ashx?id=2899701&use=l&cat=p&typeid=i","cat":285286},{"id":247157,"n":"Crêpes fourrée Saint Michel x7 - 202g","p":2.64,"u":"13,07 €/KG","img":"https://fd15-photos.leclercdrive.fr/image.ashx?id=2999964&use=l&cat=p&typeid=i","cat":284494},{"id":247273,"n":"Démélant Elseve Hyaluronique Booster hydratation 72h - 200ml","p":5.45,"u":"27,25 €/L","img":"https://fd15-photos.leclercdrive.fr/image.ashx?id=2869092&use=l&cat=p&typeid=i","cat":284607},{"id":247274,"n":"Après-Shampooing Elseve Dream Long - 200ml","p":5.04,"u":"25,20 €/L","img":"https://fd15-photos.leclercdrive.fr/image.ashx?id=2850638&use=l&cat=p&typeid=i","cat":284607},{"id":247715,"n":"Lait vitaminé Lactel Vita'Vie 1.0% MG - 1L","p":1.85,"u":"1,85 €/L","img":"https://fd15-photos.leclercdrive.fr/image.ashx?id=2937148&use=l&cat=p&typeid=i","cat":284377},{"id":247763,"n":"Mayonnaise Rustica 425g","p":2.19,"u":"5,15 €/KG","img":"https://fd15-photos.leclercdrive.fr/image.ashx?id=2955086&use=l&cat=p&typeid=i","cat":298295},{"id":247852,"n":"Madeleine Ker Cadelac cœur framboise x10 - 280g","p":3.1,"u":"11,07 €/KG","img":"https://fd15-photos.leclercdrive.fr/image.ashx?id=2855166&use=l&cat=p&typeid=i","cat":284492},{"id":247879,"n":"Adoucissant Soupline Concentré Grand air - 1.9L","p":8.89,"u":"4,68 €/L","img":"https://fd15-photos.leclercdrive.fr/image.ashx?id=2966800&use=l&cat=p&typeid=i","cat":284650},{"id":248328,"n":"Recharge Crème de douche  Le Petit Marseillais Lait 500ml","p":4.65,"u":"9,30 €/L","img":"https://fd15-photos.leclercdrive.fr/image.ashx?id=2855957&use=l&cat=p&typeid=i","cat":284594},{"id":248329,"n":"Recharge Crème de douche Fleur d'oranger - 500ml","p":4.65,"u":"9,30 €/L","img":"https://fd15-photos.leclercdrive.fr/image.ashx?id=2855960&use=l&cat=p&typeid=i","cat":284594},{"id":248330,"n":"Recharge Crème de douche Lait d'amande - 500ml","p":4.65,"u":"9,30 €/L","img":"https://fd15-photos.leclercdrive.fr/image.ashx?id=2855963&use=l&cat=p&typeid=i","cat":284594},{"id":248823,"n":"Sauce algérienne Rustica 260g","p":1.5,"u":"5,77 €/KG","img":"https://fd15-photos.leclercdrive.fr/image.ashx?id=2954397&use=l&cat=p&typeid=i","cat":318431},{"id":248827,"n":"Pains au lait Epi d'or x15 - 525g","p":2.5,"u":"4,76 €/KG","img":"https://fd15-photos.leclercdrive.fr/image.ashx?id=2893337&use=l&cat=p&typeid=i","cat":296366},{"id":249019,"n":"Lessive liquide Xéor Savon de Marseille - 2.2L","p":5.19,"u":"2,36 €/L","img":"https://fd15-photos.leclercdrive.fr/image.ashx?id=2901500&use=l&cat=p&typeid=i","cat":284640},{"id":249020,"n":"Lessive liquide Xéor Fleurs de Cerisiers - 2.2L","p":5.19,"u":"2,36 €/L","img":"https://fd15-photos.leclercdrive.fr/image.ashx?id=2901491&use=l&cat=p&typeid=i","cat":284640},{"id":249021,"n":"Lessive liquide Xéor Savon de Marseille - 1.2L","p":2.9,"u":"2,42 €/L","img":"https://fd15-photos.leclercdrive.fr/image.ashx?id=2901503&use=l&cat=p&typeid=i","cat":284640},{"id":249173,"n":"Riz basmati Taureau Ailé 1kg","p":6.55,"u":"6,55 €/KG","img":"https://fd15-photos.leclercdrive.fr/image.ashx?id=2860457&use=l&cat=p&typeid=i","cat":284428},{"id":249200,"n":"Sauce béarnaise Rustica 235g","p":1.35,"u":"5,74 €/KG","img":"https://fd15-photos.leclercdrive.fr/image.ashx?id=2955083&use=l&cat=p&typeid=i","cat":318430},{"id":249597,"n":"Glace Carte d'Or  Fraise et meringue 463g","p":5.9,"u":"12,74 €/KG","img":"https://fd15-photos.leclercdrive.fr/image.ashx?id=2861222&use=l&cat=p&typeid=i","cat":284263},{"id":249598,"n":"Glace Carte d'Or Façon smoothie Exotique - 466g","p":5.55,"u":"11,91 €/KG","img":"https://fd15-photos.leclercdrive.fr/image.ashx?id=2861210&use=l&cat=p&typeid=i","cat":284263},{"id":249957,"n":"Risotto aux champignons Knorr 175g","p":3.5,"u":"20,00 €/KG","img":"https://fd15-photos.leclercdrive.fr/image.ashx?id=2938349&use=l&cat=p&typeid=i","cat":284428},{"id":249958,"n":"Risotto classique Knorr 12min - 175g","p":3.5,"u":"20,00 €/KG","img":"https://fd15-photos.leclercdrive.fr/image.ashx?id=3011956&use=l&cat=p&typeid=i","cat":284428},{"id":249959,"n":"Risotto Knorr Truffe blanche d'été - 175g","p":3.9,"u":"22,29 €/KG","img":"https://fd15-photos.leclercdrive.fr/image.ashx?id=2872625&use=l&cat=p&typeid=i","cat":284428},{"id":249961,"n":"Risotto aux asperges Knorr 12min - 175g","p":3.75,"u":"21,43 €/KG","img":"https://fd15-photos.leclercdrive.fr/image.ashx?id=2964255&use=l&cat=p&typeid=i","cat":284428},{"id":249962,"n":"Risotto pointe de safran Knorr 12min - 175g","p":3.5,"u":"20,00 €/KG","img":"https://fd15-photos.leclercdrive.fr/image.ashx?id=2918116&use=l&cat=p&typeid=i","cat":284428},{"id":249964,"n":"Gourdes Douceur du Verger Fruits jaunes - 12x90g","p":6.25,"u":"5,79 €/KG","img":"https://fd15-photos.leclercdrive.fr/image.ashx?id=2934790&use=l&cat=p&typeid=i","cat":284508},{"id":249965,"n":"Gourdes Douceur du Verger 12x90g","p":5.89,"u":"5,45 €/KG","img":"https://fd15-photos.leclercdrive.fr/image.ashx?id=2934787&use=l&cat=p&typeid=i","cat":284508},{"id":249997,"n":"Tapioca Tipiak 300g","p":2.39,"u":"7,97 €/KG","img":"https://fd15-photos.leclercdrive.fr/image.ashx?id=2863623&use=l&cat=p&typeid=i","cat":284429},{"id":249998,"n":"Thon en morceaux Pêche Océan 112g","p":2.28,"u":"20,36 €/KG","img":"https://fd15-photos.leclercdrive.fr/image.ashx?id=2942241&use=l&cat=p&typeid=i","cat":303867},{"id":249999,"n":"Mouliné de légumes Liebig - 25% de sel - 2x30cl","p":2.99,"u":"4,98 €/L","img":"https://fd15-photos.leclercdrive.fr/image.ashx?id=2863218&use=l&cat=p&typeid=i","cat":284462},{"id":250006,"n":"Lentilles corail Notre Jardin 280g","p":3.95,"u":"14,11 €/KG","img":"https://fd15-photos.leclercdrive.fr/image.ashx?id=2983841&use=l&cat=p&typeid=i","cat":312609},{"id":250026,"n":"Sauce samourai Rustica 260g","p":1.45,"u":"5,58 €/KG","img":"https://fd15-photos.leclercdrive.fr/image.ashx?id=2955074&use=l&cat=p&typeid=i","cat":318431},{"id":250127,"n":"Recharge lessive Briochin  Peaux sensibles 37 Lav - 1,7L","p":8.55,"u":"5,03 €/L","img":"https://fd15-photos.leclercdrive.fr/image.ashx?id=3000785&use=l&cat=p&typeid=i","cat":284640},{"id":250151,"n":"Sauce frites Rustica 260g","p":1.35,"u":"5,19 €/KG","img":"https://fd15-photos.leclercdrive.fr/image.ashx?id=2954403&use=l&cat=p&typeid=i","cat":318431},{"id":250153,"n":"Sauce burger Rustica 260g","p":1.5,"u":"5,77 €/KG","img":"https://fd15-photos.leclercdrive.fr/image.ashx?id=2954400&use=l&cat=p&typeid=i","cat":318431},{"id":250173,"n":"Sauce burger Rustica 500g","p":2.6,"u":"5,20 €/KG","img":"https://fd15-photos.leclercdrive.fr/image.ashx?id=2955065&use=l&cat=p&typeid=i","cat":318431},{"id":250182,"n":"Sauce tartare Rustica 235g","p":1.35,"u":"5,74 €/KG","img":"https://fd15-photos.leclercdrive.fr/image.ashx?id=2955080&use=l&cat=p&typeid=i","cat":318430},{"id":250250,"n":"Cognac Hennessy  Very special 40% - 70cl","p":54.95,"u":"78,50 €/L","img":"https://fd15-photos.leclercdrive.fr/image.ashx?id=2863437&use=l&cat=p&typeid=i","cat":286032},{"id":250422,"n":"Sauce curry Rustica Curry - 260g","p":1.4,"u":"5,38 €/KG","img":"https://fd15-photos.leclercdrive.fr/image.ashx?id=2955068&use=l&cat=p&typeid=i","cat":318430},{"id":250432,"n":"Adoucissant Soupline Concentré  Lavande relaxante  1,9 L","p":8.89,"u":"4,68 €/L","img":"https://fd15-photos.leclercdrive.fr/image.ashx?id=2864227&use=l&cat=p&typeid=i","cat":284650},{"id":250442,"n":"Adoucissant concentré Soupline  Coco Envoûtant - 1800ml","p":8.89,"u":"4,94 €/L","img":"https://fd15-photos.leclercdrive.fr/image.ashx?id=2864233&use=l&cat=p&typeid=i","cat":284650},{"id":251371,"n":"Pâtes Gros Vermicelles Alpina  Savoie - 500 g","p":2.27,"u":"4,54 €/KG","img":"https://fd15-photos.leclercdrive.fr/image.ashx?id=2867041&use=l&cat=p&typeid=i","cat":284427},{"id":251986,"n":"Lait protecteur Corine de Farme Sensitive - SPF50+ - 150ml","p":13.2,"u":"88,00 €/L","img":"https://fd15-photos.leclercdrive.fr/image.ashx?id=2868443&use=l&cat=p&typeid=i","cat":325355},{"id":251987,"n":"Lait protecteur enfants Corine De Farme - SPF50+ - 150ml","p":14.58,"u":"97,20 €/L","img":"https://fd15-photos.leclercdrive.fr/image.ashx?id=2868446&use=l&cat=p&typeid=i","cat":325355},{"id":252120,"n":"Crème hydratante L'Oréal Bright Reveal - SPF50 - 50ml","p":19.95,"u":"399,00 €/L","img":"https://fd15-photos.leclercdrive.fr/image.ashx?id=2874015&use=l&cat=p&typeid=i","cat":284622},{"id":252144,"n":"Emmental tranchettes Eco+ 30%MG 300g","p":3.89,"u":"12,97 €/KG","img":"https://fd15-photos.leclercdrive.fr/image.ashx?id=2874823&use=l&cat=p&typeid=i","cat":314028},{"id":252582,"n":"Après-shampooing Elsève Full resist - 200ml","p":4.99,"u":"24,95 €/L","img":"https://fd15-photos.leclercdrive.fr/image.ashx?id=2872931&use=l&cat=p&typeid=i","cat":284607},{"id":252786,"n":"Skyr protéiné Yoplait 0%MG Pêche Mangue - 4x100g","p":4.34,"u":"10,85 €/KG","img":"https://fd15-photos.leclercdrive.fr/image.ashx?id=2884498&use=l&cat=p&typeid=i","cat":315000},{"id":252811,"n":"Lait corps Nivea Nourrissant Peaux sèches 250ml","p":5.8,"u":"29,00 €/L","img":"https://fd15-photos.leclercdrive.fr/image.ashx?id=3005233&use=l&cat=p&typeid=i","cat":325349},{"id":252813,"n":"Lait corps Nivea Douceur - 400ml","p":7.34,"u":"18,35 €/L","img":"https://fd15-photos.leclercdrive.fr/image.ashx?id=3014623&use=l&cat=p&typeid=i","cat":325349},{"id":253236,"n":"Crème de douche So Bio Etic Lait d'ânesse Bio - 450ml","p":6.77,"u":"15,04 €/L","img":"https://fd15-photos.leclercdrive.fr/image.ashx?id=2876704&use=l&cat=p&typeid=i","cat":284594},{"id":253514,"n":"Brosse à dents enfant Dentamyl Clignotante - Jaune x1","p":3.09,"img":"https://fd15-photos.leclercdrive.fr/image.ashx?id=2878669&use=l&cat=p&typeid=i","cat":288897},{"id":253516,"n":"Brosse à dents enfant Dentamyl Clignotante - Vert  x1","p":3.09,"img":"https://fd15-photos.leclercdrive.fr/image.ashx?id=2878672&use=l&cat=p&typeid=i","cat":288897},{"id":253523,"n":"Brosse à dents Petit Dentamyl 2-6 ans - Rose Vert Bleu x3","p":2.06,"u":"0,69 €/P","img":"https://fd15-photos.leclercdrive.fr/image.ashx?id=2872790&use=l&cat=p&typeid=i","cat":288897},{"id":253527,"n":"Brosse à dents Petit Dentamyl 2-6 ans - Jaune Vert Bleu x3","p":2.06,"u":"0,69 €/P","img":"https://fd15-photos.leclercdrive.fr/image.ashx?id=2872793&use=l&cat=p&typeid=i","cat":288897},{"id":253530,"n":"Brosse à dents junior Dentamyl Jaune / Bleu - 1 pièce","p":0.53,"img":"https://fd15-photos.leclercdrive.fr/image.ashx?id=2872802&use=l&cat=p&typeid=i","cat":288897},{"id":253533,"n":"Brosse à dent Dentamyl Rouge Tête rechargeable dure x1","p":1.6,"img":"https://fd15-photos.leclercdrive.fr/image.ashx?id=2872808&use=l&cat=p&typeid=i","cat":284614},{"id":253534,"n":"Brosse à dent Dentamyl Vert Tête rechargeable dure x1","p":1.6,"img":"https://fd15-photos.leclercdrive.fr/image.ashx?id=2872811&use=l&cat=p&typeid=i","cat":284614},{"id":253535,"n":"Brosse à dent Dentamyl Bleu Tête rechargeable dure x1","p":1.6,"img":"https://fd15-photos.leclercdrive.fr/image.ashx?id=2872814&use=l&cat=p&typeid=i","cat":284614},{"id":253536,"n":"Brosse à dent Dentamyl Orange Tête rechargeable dure","p":1.6,"img":"https://fd15-photos.leclercdrive.fr/image.ashx?id=2872817&use=l&cat=p&typeid=i","cat":284614},{"id":253544,"n":"Brosse à dents pro Dentamyl Bleu - Blancheur x1","p":0.79,"img":"https://fd15-photos.leclercdrive.fr/image.ashx?id=2872832&use=l&cat=p&typeid=i","cat":284614},{"id":253554,"n":"Sauce Kebab Rustica 260g","p":1.45,"u":"5,58 €/KG","img":"https://fd15-photos.leclercdrive.fr/image.ashx?id=2955071&use=l&cat=p&typeid=i","cat":318431},{"id":253571,"n":"Bols Mots d'Enfants - 2x200g  Tomates, pâtes et boeuf dès 8M","p":2.99,"u":"7,48 €/KG","img":"https://fd15-photos.leclercdrive.fr/image.ashx?id=2892358&use=l&cat=p&typeid=i","cat":312236},{"id":253575,"n":"Bols Mots d'Enfants - 2x200g  Parmentier de cabillaud dès 8M","p":2.85,"u":"7,13 €/KG","img":"https://fd15-photos.leclercdrive.fr/image.ashx?id=2892361&use=l&cat=p&typeid=i","cat":312236},{"id":253581,"n":"Bols Mots d'Enfants - 2x200g  Purée de légumes dès 8M","p":2.64,"u":"6,60 €/KG","img":"https://fd15-photos.leclercdrive.fr/image.ashx?id=2892364&use=l&cat=p&typeid=i","cat":312236},{"id":253677,"n":"Bols Mots d'Enfants - 2x200g  Pâtes, épinards et crème dès 8M","p":2.64,"u":"6,60 €/KG","img":"https://fd15-photos.leclercdrive.fr/image.ashx?id=2892367&use=l&cat=p&typeid=i","cat":312236},{"id":253678,"n":"Assiette Mots d'Enfants - 230g Spaghetti bolognaise dès 12M","p":1.95,"u":"8,48 €/KG","img":"https://fd15-photos.leclercdrive.fr/image.ashx?id=2898050&use=l&cat=p&typeid=i","cat":312237},{"id":253679,"n":"Assiette Mots d'Enfants - 230g Hachis parmentier dès 12M","p":1.99,"u":"8,65 €/KG","img":"https://fd15-photos.leclercdrive.fr/image.ashx?id=2892370&use=l&cat=p&typeid=i","cat":312237},{"id":253684,"n":"Assiette Mots d'Enfants - 250g Pâtes, tomate et jambon dès 15M","p":2.14,"u":"8,56 €/KG","img":"https://fd15-photos.leclercdrive.fr/image.ashx?id=2892376&use=l&cat=p&typeid=i","cat":312238},{"id":253687,"n":"Assiette Mots d'Enfants - 250g Légumes et patate douce dès 15M","p":2.09,"u":"8,36 €/KG","img":"https://fd15-photos.leclercdrive.fr/image.ashx?id=2892388&use=l&cat=p&typeid=i","cat":312238},{"id":253694,"n":"Assiette Mots d'Enfants - 250g Blanquette de volaille dès 18M","p":2.2,"u":"8,80 €/KG","img":"https://fd15-photos.leclercdrive.fr/image.ashx?id=2898056&use=l&cat=p&typeid=i","cat":312238},{"id":254127,"n":"Rasoir Hydro 5 homme Wilkinson Starter regular +4 lames","p":22.15,"img":"https://fd15-photos.leclercdrive.fr/image.ashx?id=2875174&use=l&cat=p&typeid=i","cat":284616},{"id":254811,"n":"Lessive doses L'Arbre Vert Peaux sensibles - x24","p":12.19,"u":"0,51 €/P","img":"https://fd15-photos.leclercdrive.fr/image.ashx?id=2876656&use=l&cat=p&typeid=i","cat":284641},{"id":254824,"n":"IGP Pays d'Oc rosé Bleu de Mer - 75cl","p":12.3,"u":"16,40 €/L","img":"https://fd15-photos.leclercdrive.fr/image.ashx?id=2876863&use=l&cat=p&typeid=i","cat":289558},{"id":254937,"n":"Sauce aïoli Rustica Pot - 235g","p":1.3,"u":"5,53 €/KG","img":"https://fd15-photos.leclercdrive.fr/image.ashx?id=2955077&use=l&cat=p&typeid=i","cat":318430},{"id":254941,"n":"Bâtonnets Häagen-Dazs Cracking Macadamia x3 - 201g","p":5.35,"u":"26,62 €/KG","img":"https://fd15-photos.leclercdrive.fr/image.ashx?id=2876599&use=l&cat=p&typeid=i","cat":284265},{"id":254943,"n":"Bâtonnets Häagen-Dazs Salted Caramel x3 - 204g","p":6.1,"u":"29,90 €/KG","img":"https://fd15-photos.leclercdrive.fr/image.ashx?id=2876608&use=l&cat=p&typeid=i","cat":284265},{"id":254944,"n":"Bâtonnets Häagen-Dazs  Cookies & Cream x3 - 192g","p":5.35,"u":"27,86 €/KG","img":"https://fd15-photos.leclercdrive.fr/image.ashx?id=2876602&use=l&cat=p&typeid=i","cat":284265},{"id":254949,"n":"Bâtonnets Häagen-Dazs Smooth Vanilla x3 - 192g","p":6.1,"u":"31,77 €/KG","img":"https://fd15-photos.leclercdrive.fr/image.ashx?id=2876605&use=l&cat=p&typeid=i","cat":284265},{"id":255080,"n":"Knacki végétal Herta x4 - 140g","p":2.12,"u":"15,14 €/KG","img":"https://fd15-photos.leclercdrive.fr/image.ashx?id=2992326&use=l&cat=p&typeid=i","cat":316036},{"id":255141,"n":"Brosse à dents enfant Dentamyl Clignotante - Rose x1","p":3.09,"img":"https://fd15-photos.leclercdrive.fr/image.ashx?id=2878678&use=l&cat=p&typeid=i","cat":288897},{"id":255195,"n":"Préservatifs Durex Feeling - XL - x12","p":7.95,"img":"https://fd15-photos.leclercdrive.fr/image.ashx?id=2878789&use=l&cat=p&typeid=i","cat":284631},{"id":255196,"n":"Mousse au marron  La Fermière 2x85g","p":3.89,"u":"22,88 €/KG","img":"https://fd15-photos.leclercdrive.fr/image.ashx?id=2878945&use=l&cat=p&typeid=i","cat":284417},{"id":255197,"n":"Préservatifs Durex Classic jeans - x12","p":6.15,"img":"https://fd15-photos.leclercdrive.fr/image.ashx?id=2878792&use=l&cat=p&typeid=i","cat":284631},{"id":255199,"n":"Préservatifs Durex Classic Jeans - XL - x12","p":6.15,"img":"https://fd15-photos.leclercdrive.fr/image.ashx?id=2964983&use=l&cat=p&typeid=i","cat":284631},{"id":255201,"n":"Liègeois au chocolat La Fermière 2x120g","p":4.39,"u":"18,29 €/KG","img":"https://fd15-photos.leclercdrive.fr/image.ashx?id=2878951&use=l&cat=p&typeid=i","cat":285042},{"id":255202,"n":"Préservatifs Durex Extra protect - x12","p":6.15,"img":"https://fd15-photos.leclercdrive.fr/image.ashx?id=2878801&use=l&cat=p&typeid=i","cat":284631},{"id":255203,"n":"Liègeois au café La Fermière 2x120g","p":4.3,"u":"17,92 €/KG","img":"https://fd15-photos.leclercdrive.fr/image.ashx?id=2878954&use=l&cat=p&typeid=i","cat":285042},{"id":255505,"n":"Crème de soin cheveux Nateïs Cheveux sec et frisé - 200ml","p":1.59,"u":"7,95 €/L","img":"https://fd15-photos.leclercdrive.fr/image.ashx?id=2878693&use=l&cat=p&typeid=i","cat":284608},{"id":255669,"n":"Recharge Gel douche Pêche Blanche bio & Nectar 500ml","p":4.44,"u":"8,88 €/L","img":"https://fd15-photos.leclercdrive.fr/image.ashx?id=2880411&use=l&cat=p&typeid=i","cat":284594},{"id":255671,"n":"Recharge Gel douche extra-doux Verveine Bio & citron bio 500ml","p":4.55,"u":"9,10 €/L","img":"https://fd15-photos.leclercdrive.fr/image.ashx?id=2880414&use=l&cat=p&typeid=i","cat":284594},{"id":255696,"n":"Déodorant spray homme Axe Apollo - 200ml","p":6.8,"u":"34,00 €/L","img":"https://fd15-photos.leclercdrive.fr/image.ashx?id=2985663&use=l&cat=p&typeid=i","cat":284618},{"id":255697,"n":"Déodorant spray homme Axe Black - 200ml","p":6.8,"u":"34,00 €/L","img":"https://fd15-photos.leclercdrive.fr/image.ashx?id=2880609&use=l&cat=p&typeid=i","cat":284618},{"id":255720,"n":"Crème dessert protéinée Sport Chocolat 4x125g","p":3.39,"u":"6,78 €/KG","img":"https://fd15-photos.leclercdrive.fr/image.ashx?id=3009556&use=l&cat=p&typeid=i","cat":285041},{"id":255957,"n":"Déodorant spray homme Axe Dark temptation - 200ml","p":6.8,"u":"34,00 €/L","img":"https://fd15-photos.leclercdrive.fr/image.ashx?id=2881536&use=l&cat=p&typeid=i","cat":284618},{"id":255966,"n":"Déodorant spray homme Axe Epic fresh - 200ml","p":6.8,"u":"34,00 €/L","img":"https://fd15-photos.leclercdrive.fr/image.ashx?id=2881539&use=l&cat=p&typeid=i","cat":284618},{"id":255969,"n":"Déodorant spray homme Axe Provocation - 200ml","p":6.8,"u":"34,00 €/L","img":"https://fd15-photos.leclercdrive.fr/image.ashx?id=2881542&use=l&cat=p&typeid=i","cat":284618},{"id":255978,"n":"Déodorant spray homme Axe Ice cool - 200ml","p":6.8,"u":"34,00 €/L","img":"https://fd15-photos.leclercdrive.fr/image.ashx?id=2881548&use=l&cat=p&typeid=i","cat":284618},{"id":256057,"n":"Saucisse sèche Saint Azay tranchée - 120g","p":3.35,"u":"27,92 €/KG","img":"https://fd15-photos.leclercdrive.fr/image.ashx?id=2881078&use=l&cat=p&typeid=i","cat":316007},{"id":256766,"n":"Philips One Blade 360 Rasoir à grille","p":39.9,"u":"Dont 0,11 € d'éco-part.","img":"https://fd15-photos.leclercdrive.fr/image.ashx?id=2883774&use=l&cat=p&typeid=i","cat":284616},{"id":256933,"n":"Yaourts Mamie Nova Double plaisir mangue - 2x140g","p":2.89,"u":"10,32 €/KG","img":"https://fd15-photos.leclercdrive.fr/image.ashx?id=2883128&use=l&cat=p&typeid=i","cat":284410},{"id":257051,"n":"Déodorant spray homme Axe Gold caramel billionaire 200ml","p":6.8,"u":"34,00 €/L","img":"https://fd15-photos.leclercdrive.fr/image.ashx?id=2884903&use=l&cat=p&typeid=i","cat":284618},{"id":257165,"n":"Pizza Crousti-Fine Marie 4 fromages - 390g","p":4.65,"u":"11,92 €/KG","img":"https://fd15-photos.leclercdrive.fr/image.ashx?id=2996728&use=l&cat=p&typeid=i","cat":284256},{"id":257169,"n":"Pizza Crousti-Fine Marie Royale - 400g","p":4.65,"u":"11,63 €/KG","img":"https://fd15-photos.leclercdrive.fr/image.ashx?id=2996734&use=l&cat=p&typeid=i","cat":284256},{"id":257171,"n":"Pizza Crousti-Fine Marie Tomate mozzarella - 400g","p":5.1,"u":"12,75 €/KG","img":"https://fd15-photos.leclercdrive.fr/image.ashx?id=2996737&use=l&cat=p&typeid=i","cat":284256},{"id":257172,"n":"Pizza Crousti-Fine Marie Chorizo paprika - 400g","p":5.1,"u":"12,75 €/KG","img":"https://fd15-photos.leclercdrive.fr/image.ashx?id=2996731&use=l&cat=p&typeid=i","cat":284256},{"id":257201,"n":"Préservatifs Durex Intensity - x10","p":13.25,"img":"https://fd15-photos.leclercdrive.fr/image.ashx?id=2962035&use=l&cat=p&typeid=i","cat":284631},{"id":257202,"n":"Préservatifs Durex Intensity XL - x10","p":13.25,"img":"https://fd15-photos.leclercdrive.fr/image.ashx?id=2964670&use=l&cat=p&typeid=i","cat":284631},{"id":257204,"n":"Shampooing illuminant Timotei Cheveux blond - 300ml","p":4.18,"u":"13,93 €/L","img":"https://fd15-photos.leclercdrive.fr/image.ashx?id=2884888&use=l&cat=p&typeid=i","cat":284606},{"id":257208,"n":"Lessive liquide Xeor Fraîcheur - x44 lavages - 2.2L","p":4.85,"u":"2,20 €/L","img":"https://fd15-photos.leclercdrive.fr/image.ashx?id=2901494&use=l&cat=p&typeid=i","cat":284640},{"id":257209,"n":"Lessive liquide Xeor Oranger - x44 lavages - 2.2L","p":5.39,"u":"2,45 €/L","img":"https://fd15-photos.leclercdrive.fr/image.ashx?id=2901497&use=l&cat=p&typeid=i","cat":284640},{"id":257211,"n":"Lessive liquide Xéor Oranger - x24 lavages - 1.2L","p":2.9,"u":"2,42 €/L","img":"https://fd15-photos.leclercdrive.fr/image.ashx?id=2903977&use=l&cat=p&typeid=i","cat":284640},{"id":257212,"n":"Lessive liquide Xéor Fraîcheur - x24 lavages - 1.2L","p":2.9,"u":"2,42 €/L","img":"https://fd15-photos.leclercdrive.fr/image.ashx?id=2901506&use=l&cat=p&typeid=i","cat":284640},{"id":257213,"n":"Lessive liquide Xéor Cerisier - x24 lavages - 1.2L","p":2.9,"u":"2,42 €/L","img":"https://fd15-photos.leclercdrive.fr/image.ashx?id=2903980&use=l&cat=p&typeid=i","cat":284640},{"id":257219,"n":"Capsules lave-vaisselle Finish Ultimate Plus Citron x22 - 268g","p":9.45,"u":"35,26 €/KG","img":"https://fd15-photos.leclercdrive.fr/image.ashx?id=2884636&use=l&cat=p&typeid=i","cat":284656},{"id":257220,"n":"Gel lave-vaisselle Finish Power - 900ml","p":9.45,"u":"10,50 €/L","img":"https://fd15-photos.leclercdrive.fr/image.ashx?id=2884639&use=l&cat=p&typeid=i","cat":284656},{"id":257225,"n":"Gel lave-vaisselle Finish Power - Citron - 900ml","p":9.45,"u":"10,50 €/L","img":"https://fd15-photos.leclercdrive.fr/image.ashx?id=2884642&use=l&cat=p&typeid=i","cat":284656},{"id":257228,"n":"Capsules lave-vaisselle Finish Ultimate Plus - x22 - 268g","p":9.45,"u":"35,26 €/KG","img":"https://fd15-photos.leclercdrive.fr/image.ashx?id=2884900&use=l&cat=p&typeid=i","cat":284656},{"id":257233,"n":"Tablettes lave-vaisselle Uni Vert - Tout-en-1 - x45 - 720g","p":4.99,"u":"6,93 €/KG","img":"https://fd15-photos.leclercdrive.fr/image.ashx?id=3015132&use=l&cat=p&typeid=i","cat":284656},{"id":257236,"n":"Tablettes lave-vaisselle Uni Vert - Classiques - x45 - 450g","p":3.55,"u":"7,89 €/KG","img":"https://fd15-photos.leclercdrive.fr/image.ashx?id=3015135&use=l&cat=p&typeid=i","cat":284656},{"id":257249,"n":"Liquide vaisselle Paic Intense Anti-calcaire - 500ml","p":4.8,"u":"9,60 €/L","img":"https://fd15-photos.leclercdrive.fr/image.ashx?id=2884897&use=l&cat=p&typeid=i","cat":284655},{"id":257277,"n":"Bâtonnets surimi moelleux Fleury Michon x12 - 180g","p":2.3,"u":"12,78 €/KG","img":"https://fd15-photos.leclercdrive.fr/image.ashx?id=2936920&use=l&cat=p&typeid=i","cat":285189},{"id":257561,"n":"Fess'nett Papier toilette Humide - Monoï x50","p":2.7,"img":"https://fd15-photos.leclercdrive.fr/image.ashx?id=2999312&use=l&cat=p&typeid=i","cat":284634},{"id":257606,"n":"Cappelletti Rana jambon cru 250g","p":2.99,"u":"11,96 €/KG","img":"https://fd15-photos.leclercdrive.fr/image.ashx?id=2886358&use=l&cat=p&typeid=i","cat":333682},{"id":257608,"n":"Raviolis Rana ricotta épinards 250g","p":2.99,"u":"11,96 €/KG","img":"https://fd15-photos.leclercdrive.fr/image.ashx?id=2886361&use=l&cat=p&typeid=i","cat":333682},{"id":257609,"n":"Raviolis Rana 4 fromages 250g","p":3.1,"u":"12,40 €/KG","img":"https://fd15-photos.leclercdrive.fr/image.ashx?id=2886364&use=l&cat=p&typeid=i","cat":333682},{"id":258053,"n":"Soda Coca Cola Cherry Canette 33cl","p":1.3,"u":"3,94 €/L","img":"https://fd15-photos.leclercdrive.fr/image.ashx?id=3009056&use=l&cat=p&typeid=i","cat":284530},{"id":258093,"n":"Flocons d'avoine Grainea 1kg","p":1.98,"u":"1,98 €/KG","img":"https://fd15-photos.leclercdrive.fr/image.ashx?id=2887353&use=l&cat=p&typeid=i","cat":309512},{"id":258141,"n":"Pâtes Panzani  grandes coquillettes - 500g","p":2.35,"u":"4,70 €/KG","img":"https://fd15-photos.leclercdrive.fr/image.ashx?id=2887536&use=l&cat=p&typeid=i","cat":284427},{"id":258143,"n":"Pâtes Panzani  fusilli - 500g","p":2.45,"u":"4,90 €/KG","img":"https://fd15-photos.leclercdrive.fr/image.ashx?id=2887530&use=l&cat=p&typeid=i","cat":284427},{"id":258144,"n":"Pâtes Panzani rigatoni - 500g","p":2.35,"u":"4,70 €/KG","img":"https://fd15-photos.leclercdrive.fr/image.ashx?id=2887533&use=l&cat=p&typeid=i","cat":284427},{"id":258146,"n":"Pâtes Panzani penne rigate - 500g","p":2.35,"u":"4,70 €/KG","img":"https://fd15-photos.leclercdrive.fr/image.ashx?id=2887539&use=l&cat=p&typeid=i","cat":284427},{"id":258149,"n":"Pâtes Panzani  linguine - 500g","p":2.35,"u":"4,70 €/KG","img":"https://fd15-photos.leclercdrive.fr/image.ashx?id=2887542&use=l&cat=p&typeid=i","cat":284427},{"id":258279,"n":"Sauce tomate Cirio spéciale pizza - 390g","p":1.55,"u":"3,97 €/KG","img":"https://fd15-photos.leclercdrive.fr/image.ashx?id=2888163&use=l&cat=p&typeid=i","cat":288384},{"id":258323,"n":"Dentifrice gencives Elmex Sensitive plus - 75ml","p":6.59,"u":"87,87 €/L","img":"https://fd15-photos.leclercdrive.fr/image.ashx?id=2888193&use=l&cat=p&typeid=i","cat":284612},{"id":258341,"n":"Glace Rafello bâtonnets Pêche hibiscus x3 - 138g","p":5.6,"u":"40,58 €/KG","img":"https://fd15-photos.leclercdrive.fr/image.ashx?id=2890436&use=l&cat=p&typeid=i","cat":284265},{"id":258342,"n":"Glace Ferrero bâtonnets chocolat noir orange x3 - 138g","p":5.65,"u":"40,94 €/KG","img":"https://fd15-photos.leclercdrive.fr/image.ashx?id=2889913&use=l&cat=p&typeid=i","cat":284265},{"id":258343,"n":"Crêpes Nutella  x6 - 240g","p":7.25,"u":"30,21 €/KG","img":"https://fd15-photos.leclercdrive.fr/image.ashx?id=2899761&use=l&cat=p&typeid=i","cat":284267},{"id":258345,"n":"Muffins Nutella  x4 - 264g","p":7.25,"u":"27,46 €/KG","img":"https://fd15-photos.leclercdrive.fr/image.ashx?id=2899758&use=l&cat=p&typeid=i","cat":284267},{"id":258347,"n":"Donuts Nutella x4 - 240g","p":7.35,"u":"30,63 €/KG","img":"https://fd15-photos.leclercdrive.fr/image.ashx?id=2889916&use=l&cat=p&typeid=i","cat":284267},{"id":258363,"n":"Bières Softiz Sans alcool  Saveur citron - 6x27,5cl","p":4.85,"u":"2,94 €/L","img":"https://fd15-photos.leclercdrive.fr/image.ashx?id=2887431&use=l&cat=p&typeid=i","cat":334877},{"id":258366,"n":"Bières Softiz Sans alcool  Saveur mojito - 6x27,5cl","p":4.5,"u":"2,73 €/L","img":"https://fd15-photos.leclercdrive.fr/image.ashx?id=2887428&use=l&cat=p&typeid=i","cat":334877},{"id":258630,"n":"Gaufrettes Knoppers Lait & noisettes - x15   375g","p":6.99,"u":"18,64 €/KG","img":"https://fd15-photos.leclercdrive.fr/image.ashx?id=2893777&use=l&cat=p&typeid=i","cat":284488},{"id":258816,"n":"Cacahuètes Curly  Miel barbecue - 150g","p":2.15,"u":"14,33 €/KG","img":"https://fd15-photos.leclercdrive.fr/image.ashx?id=2906367&use=l&cat=p&typeid=i","cat":284448},{"id":258818,"n":"Cacahuète Curly Paprika - 150g","p":2.15,"u":"14,33 €/KG","img":"https://fd15-photos.leclercdrive.fr/image.ashx?id=2938728&use=l&cat=p&typeid=i","cat":284448},{"id":258843,"n":"Charbon de bois Beaux jours 40L","p":19.99,"u":"0,50 €/L","img":"https://fd15-photos.leclercdrive.fr/image.ashx?id=2889001&use=l&cat=p&typeid=i","cat":335917},{"id":259180,"n":"Préservatifs Durex Intensity - x20","p":24.6,"img":"https://fd15-photos.leclercdrive.fr/image.ashx?id=2964980&use=l&cat=p&typeid=i","cat":284631},{"id":259184,"n":"Préservatifs Durex Classic Jeans - x20","p":9.2,"img":"https://fd15-photos.leclercdrive.fr/image.ashx?id=2892433&use=l&cat=p&typeid=i","cat":284631},{"id":259245,"n":"Bière aromatisée 1664 Rosé 4,5°- 6x25cl","p":8.89,"u":"5,93 €/L","img":"https://fd15-photos.leclercdrive.fr/image.ashx?id=2892457&use=l&cat=p&typeid=i","cat":334878},{"id":259289,"n":"Piles Alcaline Longlife Power C / LR14 x2","p":5.89,"img":"https://fd15-photos.leclercdrive.fr/image.ashx?id=2892955&use=l&cat=p&typeid=i","cat":300572},{"id":259290,"n":"Piles Alcalines Longlife Power D / LR20 x2","p":5.95,"img":"https://fd15-photos.leclercdrive.fr/image.ashx?id=2892958&use=l&cat=p&typeid=i","cat":300572},{"id":259291,"n":"Spray dégraissant Universel  Musc Blanc Chanteclair -600ml","p":3.19,"u":"5,32 €/L","img":"https://fd15-photos.leclercdrive.fr/image.ashx?id=2893120&use=l&cat=p&typeid=i","cat":325357},{"id":259293,"n":"Spray dégraissant anti odeur Chanteclair -600ml","p":3.57,"u":"5,95 €/L","img":"https://fd15-photos.leclercdrive.fr/image.ashx?id=2893123&use=l&cat=p&typeid=i","cat":325357},{"id":259330,"n":"Culottes Hypoallergéniques Love & Green Taille 4- x32","p":19.95,"u":"0,62 €/P","img":"https://fd15-photos.leclercdrive.fr/image.ashx?id=2892883&use=l&cat=p&typeid=i","cat":290633},{"id":259331,"n":"Culottes hypoallergéniques Love & Green Taille 5 -x29","p":19.95,"u":"0,69 €/P","img":"https://fd15-photos.leclercdrive.fr/image.ashx?id=2892886&use=l&cat=p&typeid=i","cat":290633},{"id":260001,"n":"Sauce piquante Cholula Chili Garlic - 150ml","p":2.69,"u":"17,93 €/L","img":"https://fd15-photos.leclercdrive.fr/image.ashx?id=2892523&use=l&cat=p&typeid=i","cat":298298},{"id":260214,"n":"Cookies BN Pépites aux 2 chocolats - 150g","p":2.69,"u":"17,93 €/KG","img":"https://fd15-photos.leclercdrive.fr/image.ashx?id=2901704&use=l&cat=p&typeid=i","cat":325066},{"id":260216,"n":"Cookies BN Pépites de chocolat blanc -150g","p":2.69,"u":"17,93 €/KG","img":"https://fd15-photos.leclercdrive.fr/image.ashx?id=2901707&use=l&cat=p&typeid=i","cat":325066},{"id":260739,"n":"Gel nettoyant Neutrogena Anti-boutons - 200ml","p":7.7,"u":"38,50 €/L","img":"https://fd15-photos.leclercdrive.fr/image.ashx?id=2894914&use=l&cat=p&typeid=i","cat":284603},{"id":260744,"n":"Gommage exfoliant Neutrogena Skin detox - Purifiant - 150ml","p":6.9,"u":"46,00 €/L","img":"https://fd15-photos.leclercdrive.fr/image.ashx?id=2894926&use=l&cat=p&typeid=i","cat":325346},{"id":260745,"n":"Masque purifiant Neutrogena Calme curcuma - 50ml","p":10.97,"u":"219,40 €/L","img":"https://fd15-photos.leclercdrive.fr/image.ashx?id=2894929&use=l&cat=p&typeid=i","cat":325346},{"id":261073,"n":"Pépites de chocolat noir Sainte Lucie - 100g","p":3.75,"u":"37,50 €/KG","img":"https://fd15-photos.leclercdrive.fr/image.ashx?id=2896177&use=l&cat=p&typeid=i","cat":284504},{"id":261279,"n":"Tablette  de chocolat Poulain 2x95g","p":3.89,"u":"20,47 €/KG","img":"https://fd15-photos.leclercdrive.fr/image.ashx?id=2897177&use=l&cat=p&typeid=i","cat":284497},{"id":261307,"n":"Chewing-gum Hollywood 2Fresh  Menthe Verte sans sucres -  66g","p":3.99,"u":"60,45 €/KG","img":"https://fd15-photos.leclercdrive.fr/image.ashx?id=3011959&use=l&cat=p&typeid=i","cat":304251},{"id":261319,"n":"Déodorant bille Adidas Original - 50ml","p":5.35,"u":"107,00 €/L","img":"https://fd15-photos.leclercdrive.fr/image.ashx?id=2896699&use=l&cat=p&typeid=i","cat":284595},{"id":261496,"n":"Haricots vert D' Aucy Extra fins coupés 225g","p":2.62,"u":"11,64 €/KG","img":"https://fd15-photos.leclercdrive.fr/image.ashx?id=2902918&use=l&cat=p&typeid=i","cat":312606},{"id":261497,"n":"Haricots noirs D'Aucy 2x130g","p":3.22,"u":"12,38 €/KG","img":"https://fd15-photos.leclercdrive.fr/image.ashx?id=2902915&use=l&cat=p&typeid=i","cat":312606},{"id":261500,"n":"Tablette cuadro Cremino  110g","p":4.57,"u":"41,55 €/KG","img":"https://fd15-photos.leclercdrive.fr/image.ashx?id=2903806&use=l&cat=p&typeid=i","cat":284497},{"id":261503,"n":"Tablette de chocolat Poulain Lait noisette - 2x95g","p":4.2,"u":"22,11 €/KG","img":"https://fd15-photos.leclercdrive.fr/image.ashx?id=2899509&use=l&cat=p&typeid=i","cat":284497},{"id":261505,"n":"Chocolat Tablette d'Or Lait caramelisées - 180g","p":3.25,"u":"18,06 €/KG","img":"https://fd15-photos.leclercdrive.fr/image.ashx?id=2896837&use=l&cat=p&typeid=i","cat":284497},{"id":261507,"n":"Tablette de chocolat Equador noir citron vert - 100g","p":2.45,"u":"24,50 €/KG","img":"https://fd15-photos.leclercdrive.fr/image.ashx?id=2896834&use=l&cat=p&typeid=i","cat":284956},{"id":261508,"n":"Chocolat blanc Tablette d'Or Speculoos framboise - 180g","p":3.95,"u":"21,94 €/KG","img":"https://fd15-photos.leclercdrive.fr/image.ashx?id=2896831&use=l&cat=p&typeid=i","cat":284957},{"id":261509,"n":"Chocolat Tablette d'Or Noir biscuit citron vert 180g","p":3.95,"u":"21,94 €/KG","img":"https://fd15-photos.leclercdrive.fr/image.ashx?id=2896828&use=l&cat=p&typeid=i","cat":284956},{"id":261520,"n":"Bonbons La Vosgienne  Sève de Pin - 125g","p":3.25,"u":"26,00 €/KG","img":"https://fd15-photos.leclercdrive.fr/image.ashx?id=2901235&use=l&cat=p&typeid=i","cat":304256},{"id":261529,"n":"Basilic Panier du Primeur 20g","p":2.99,"u":"149,50 €/KG","img":"https://fd15-photos.leclercdrive.fr/image.ashx?id=2897874&use=l&cat=p&typeid=i","cat":293607},{"id":261531,"n":"Ciboulette Panier du Primeur 20g","p":2.99,"u":"149,50 €/KG","img":"https://fd15-photos.leclercdrive.fr/image.ashx?id=2897880&use=l&cat=p&typeid=i","cat":293607},{"id":261533,"n":"Coriandre Panier du Primeur  20g","p":2.99,"u":"149,50 €/KG","img":"https://fd15-photos.leclercdrive.fr/image.ashx?id=2899830&use=l&cat=p&typeid=i","cat":293607},{"id":261535,"n":"Menthe Panier du Primeur 20g","p":2.99,"u":"149,50 €/KG","img":"https://fd15-photos.leclercdrive.fr/image.ashx?id=2899833&use=l&cat=p&typeid=i","cat":293607},{"id":261536,"n":"Persil Plat Panier du Primeur 20g","p":2.99,"u":"149,50 €/KG","img":"https://fd15-photos.leclercdrive.fr/image.ashx?id=2899836&use=l&cat=p&typeid=i","cat":293607},{"id":261589,"n":"Sauce Soja Sucrée Kikkoman 150ml","p":4.68,"u":"31,20 €/L","img":"https://fd15-photos.leclercdrive.fr/image.ashx?id=2901214&use=l&cat=p&typeid=i","cat":288992},{"id":261594,"n":"Wraps XL Mission au blé nature  x6 - 540g","p":4.8,"u":"8,89 €/KG","img":"https://fd15-photos.leclercdrive.fr/image.ashx?id=2901157&use=l&cat=p&typeid=i","cat":288993},{"id":261599,"n":"Sauce Soja Sucrée Kikkoman 975ml","p":13.15,"u":"13,49 €/L","img":"https://fd15-photos.leclercdrive.fr/image.ashx?id=2901217&use=l&cat=p&typeid=i","cat":288992},{"id":261891,"n":"Sucre en buchettes Daddy Boite distributrice - 480g","p":5.44,"u":"11,33 €/KG","img":"https://fd15-photos.leclercdrive.fr/image.ashx?id=2903065&use=l&cat=p&typeid=i","cat":284502},{"id":262313,"n":"IGP Pays D'Oc Bleu de Mer  Vin Blanc Sauvignon - 75cl","p":12.39,"u":"16,52 €/L","img":"https://fd15-photos.leclercdrive.fr/image.ashx?id=2899152&use=l&cat=p&typeid=i","cat":289557},{"id":262860,"n":"Tablette Pure Via Chocolat blanc - 100g","p":5.03,"u":"50,30 €/KG","img":"https://fd15-photos.leclercdrive.fr/image.ashx?id=2902025&use=l&cat=p&typeid=i","cat":284957},{"id":262862,"n":"Tablette chocol","p":3.2,"u":"32,00 €/KG","img":"https://fd15-photos.leclercdrive.fr/image.ashx?id=2902022&use=l&cat=p&typeid=i","cat":284956},{"id":262865,"n":"Tablette MMMAX Milka 250g","p":4.89,"u":"19,56 €/KG","img":"https://fd15-photos.leclercdrive.fr/image.ashx?id=3000444&use=l&cat=p&typeid=i","cat":284497},{"id":262875,"n":"Biscuits Animal Cadbury au chocolat au lait - 99.5g","p":2.2,"u":"22,00 €/KG","img":"https://fd15-photos.leclercdrive.fr/image.ashx?id=2901133&use=l&cat=p&typeid=i","cat":284488},{"id":262876,"n":"Mini fingers Cadburry 96.5g","p":2.29,"u":"23,85 €/KG","img":"https://fd15-photos.leclercdrive.fr/image.ashx?id=2902831&use=l&cat=p&typeid=i","cat":284488},{"id":263009,"n":"Bières Softiz Framboise Sans alcool  6x27,5cl","p":4.5,"u":"2,73 €/L","img":"https://fd15-photos.leclercdrive.fr/image.ashx?id=2899935&use=l&cat=p&typeid=i","cat":334877},{"id":263116,"n":"Mini bâtonnet Magnum  Double Noisette 6x55ml","p":6.3,"u":"19,09 €/L","img":"https://fd15-photos.leclercdrive.fr/image.ashx?id=2901190&use=l&cat=p&typeid=i","cat":284265},{"id":263130,"n":"Magnum Glace Bâtonnet  Double Noisette 4x85ml","p":5.3,"u":"15,59 €/L","img":"https://fd15-photos.leclercdrive.fr/image.ashx?id=3009326&use=l&cat=p&typeid=i","cat":284265},{"id":263131,"n":"Bâtonnet Magnum Utopia Double Fruits Rouges 4x85ml","p":6.95,"u":"20,44 €/L","img":"https://fd15-photos.leclercdrive.fr/image.ashx?id=3014650&use=l&cat=p&typeid=i","cat":284265},{"id":263132,"n":"Glace Bonbon Dessert Magnum Gold Caramel Billionaire 168g","p":5.95,"u":"35,42 €/KG","img":"https://fd15-photos.leclercdrive.fr/image.ashx?id=3009320&use=l&cat=p&typeid=i","cat":284266},{"id":263133,"n":"Magnum Glace Bonbon Dessert Caramel Salé & Amande x12","p":5.95,"u":"32,16 €/KG","img":"https://fd15-photos.leclercdrive.fr/image.ashx?id=2901178&use=l&cat=p&typeid=i","cat":284266},{"id":263248,"n":"Mini pots Häagen-Dazs  Essential Collection x4 - 324g","p":8.3,"u":"25,62 €/KG","img":"https://fd15-photos.leclercdrive.fr/image.ashx?id=2900926&use=l&cat=p&typeid=i","cat":284725},{"id":263287,"n":"IGP Méditerranée Blanc Studio by Miraval - 75cl","p":15.34,"u":"20,45 €/L","img":"https://fd15-photos.leclercdrive.fr/image.ashx?id=2990541&use=l&cat=p&typeid=i","cat":289557},{"id":263325,"n":"Culottes Drynites Huggies Megapack Garçon +13 ans x11","p":17.55,"u":"1,60 €/P","img":"https://fd15-photos.leclercdrive.fr/image.ashx?id=2902286&use=l&cat=p&typeid=i","cat":290633},{"id":263330,"n":"Culottes Drynites Huggies Megapack Fille +13 ans x11","p":15.99,"u":"1,45 €/P","img":"https://fd15-photos.leclercdrive.fr/image.ashx?id=2902289&use=l&cat=p&typeid=i","cat":290633},{"id":263695,"n":"Madeleines Ker Cadelac x27 - 445g + 223g","p":3.25,"u":"4,87 €/KG","img":"https://fd15-photos.leclercdrive.fr/image.ashx?id=2907997&use=l&cat=p&typeid=i","cat":284492},{"id":263697,"n":"IGP rosé Studio by Miraval 3L","p":64.05,"u":"21,35 €/L","img":"https://fd15-photos.leclercdrive.fr/image.ashx?id=2990544&use=l&cat=p&typeid=i","cat":289558},{"id":263698,"n":"Bière Softiz  Agrumes 6x27,5cl","p":4.85,"u":"2,94 €/L","img":"https://fd15-photos.leclercdrive.fr/image.ashx?id=2902529&use=l&cat=p&typeid=i","cat":334877},{"id":263738,"n":"Culottes Tena Silouette Plus  Taille haute - x9","p":9.71,"u":"1,08 €/P","img":"https://fd15-photos.leclercdrive.fr/image.ashx?id=3011884&use=l&cat=p&typeid=i","cat":284628},{"id":263860,"n":"IGP Pays d'OC Vin rosé Les Béliers d'OC - 75cl","p":16.49,"u":"21,99 €/L","img":"https://fd15-photos.leclercdrive.fr/image.ashx?id=2904335&use=l&cat=p&typeid=i","cat":289558},{"id":264022,"n":"Cookies Cream Delichoc 150g","p":2.95,"u":"19,67 €/KG","img":"https://fd15-photos.leclercdrive.fr/image.ashx?id=2904712&use=l&cat=p&typeid=i","cat":284488},{"id":264229,"n":"Brassé bio Les 2 Vaches Framboise mûre myrtille 8x115g","p":4.95,"u":"5,38 €/KG","img":"https://fd15-photos.leclercdrive.fr/image.ashx?id=2906511&use=l&cat=p&typeid=i","cat":284410},{"id":264232,"n":"Brassés bio Les 2 Vaches Pêche abricot - 8x115g","p":4.95,"u":"5,38 €/KG","img":"https://fd15-photos.leclercdrive.fr/image.ashx?id=2906508&use=l&cat=p&typeid=i","cat":284410},{"id":264373,"n":"P'tit Savane Tornado Brossard Roulés à la fraise - x7 - 175g","p":3.45,"u":"19,71 €/KG","img":"https://fd15-photos.leclercdrive.fr/image.ashx?id=2966089&use=l&cat=p&typeid=i","cat":284495},{"id":264417,"n":"Biscuits BN Del'ice Choco Brownie - 185g","p":2.64,"u":"14,27 €/KG","img":"https://fd15-photos.leclercdrive.fr/image.ashx?id=2907884&use=l&cat=p&typeid=i","cat":284488},{"id":264418,"n":"Biscuits BN Del'ice Cookie Dough - 175g","p":2.64,"u":"15,09 €/KG","img":"https://fd15-photos.leclercdrive.fr/image.ashx?id=2907887&use=l&cat=p&typeid=i","cat":325066},{"id":264427,"n":"Jus multivitamines Tropicana Fruits rouges - 90cl","p":4.8,"u":"5,33 €/L","img":"https://fd15-photos.leclercdrive.fr/image.ashx?id=3010822&use=l&cat=p&typeid=i","cat":284354},{"id":264694,"n":"Cheetos crispy Balls  90g","p":1.8,"u":"20,00 €/KG","img":"https://fd15-photos.leclercdrive.fr/image.ashx?id=2907962&use=l&cat=p&typeid=i","cat":284449},{"id":264696,"n":"Cheetos crunchy Fromage - 90g","p":1.59,"u":"17,67 €/KG","img":"https://fd15-photos.leclercdrive.fr/image.ashx?id=2907965&use=l&cat=p&typeid=i","cat":284449},{"id":264700,"n":"Cheetos crunchy Sweet Chili - 90g","p":1.59,"u":"17,67 €/KG","img":"https://fd15-photos.leclercdrive.fr/image.ashx?id=2907968&use=l&cat=p&typeid=i","cat":284449},{"id":264707,"n":"Cheetos original  135g","p":2.35,"u":"17,41 €/KG","img":"https://fd15-photos.leclercdrive.fr/image.ashx?id=2907956&use=l&cat=p&typeid=i","cat":284449},{"id":264708,"n":"Cheetos original  Fromage - 80g","p":1.39,"u":"17,38 €/KG","img":"https://fd15-photos.leclercdrive.fr/image.ashx?id=2907959&use=l&cat=p&typeid=i","cat":284449},{"id":264729,"n":"Bonbons Têtes Brûlées Yaaah ! Sakura & Mangue Wasabi - 180g","p":2.7,"u":"15,00 €/KG","img":"https://fd15-photos.leclercdrive.fr/image.ashx?id=2907021&use=l&cat=p&typeid=i","cat":304250},{"id":264776,"n":"Décor pour gateaux Vahiné Licorne - x1","p":1.8,"img":"https://fd15-photos.leclercdrive.fr/image.ashx?id=2907294&use=l&cat=p&typeid=i","cat":284504},{"id":264778,"n":"Décor pour gateaux Vahiné Dinosaure - x1","p":1.8,"img":"https://fd15-photos.leclercdrive.fr/image.ashx?id=2907297&use=l&cat=p&typeid=i","cat":284504},{"id":264791,"n":"Biscuit au Pop corn P'tit Déli Fourrés chocolat au lait - 150g","p":2.75,"u":"18,33 €/KG","img":"https://fd15-photos.leclercdrive.fr/image.ashx?id=2907303&use=l&cat=p&typeid=i","cat":284488},{"id":264799,"n":"Bière Blonde Lager 5 Spéciale 5% - 10x25cl","p":8.7,"u":"3,48 €/L","img":"https://fd15-photos.leclercdrive.fr/image.ashx?id=2954112&use=l&cat=p&typeid=i","cat":334873},{"id":264818,"n":"Beurre Nature de Breton Le Moulé Doux - 82% MG - 500g","p":5.49,"u":"10,98 €/KG","img":"https://fd15-photos.leclercdrive.fr/image.ashx?id=2907644&use=l&cat=p&typeid=i","cat":284379},{"id":264822,"n":"Beurre Nature de Breton Le Moulé demi-sel - 80% MG 500g","p":3.65,"u":"7,30 €/KG","img":"https://fd15-photos.leclercdrive.fr/image.ashx?id=2907647&use=l&cat=p&typeid=i","cat":284379},{"id":264960,"n":"Box XXL Radiatori Côté Snack Boeuf poivre 400g","p":3.89,"u":"9,73 €/KG","img":"https://fd15-photos.leclercdrive.fr/image.ashx?id=2907494&use=l&cat=p&typeid=i","cat":334983},{"id":264963,"n":"Box XXL Radiatori Côté Snack Saumon 400g","p":4.75,"u":"11,88 €/KG","img":"https://fd15-photos.leclercdrive.fr/image.ashx?id=2907497&use=l&cat=p&typeid=i","cat":334983},{"id":265154,"n":"Fromage apéritif Apéricube Challenge 48 cubes 250g","p":5.99,"u":"23,96 €/KG","img":"https://fd15-photos.leclercdrive.fr/image.ashx?id=2908918&use=l&cat=p&typeid=i","cat":314027},{"id":265268,"n":"Dès de fromage salade Boursin Herbes méditerranéennes - 120g","p":2.79,"u":"23,25 €/KG","img":"https://fd15-photos.leclercdrive.fr/image.ashx?id=2908912&use=l&cat=p&typeid=i","cat":314027},{"id":265443,"n":"Martini Bianco 14.5° - 1L","p":14.85,"u":"14,85 €/L","img":"https://fd15-photos.leclercdrive.fr/image.ashx?id=2941952&use=l&cat=p&typeid=i","cat":284913},{"id":265446,"n":"Martini Fiero 14.5° - 1L","p":14.85,"u":"14,85 €/L","img":"https://fd15-photos.leclercdrive.fr/image.ashx?id=2911573&use=l&cat=p&typeid=i","cat":284913},{"id":265449,"n":"Martini rosato 14.5° - 1L","p":14.85,"u":"14,85 €/L","img":"https://fd15-photos.leclercdrive.fr/image.ashx?id=2941946&use=l&cat=p&typeid=i","cat":284913},{"id":265450,"n":"Martini rosso 14.5° - 1L","p":14.85,"u":"14,85 €/L","img":"https://fd15-photos.leclercdrive.fr/image.ashx?id=2941949&use=l&cat=p&typeid=i","cat":284913},{"id":265463,"n":"Fromage fouetté Madame Loïk Ail & Fines herbes x9 - 150g","p":2.3,"u":"15,33 €/KG","img":"https://fd15-photos.leclercdrive.fr/image.ashx?id=3008509&use=l&cat=p&typeid=i","cat":314029},{"id":265514,"n":"Adoucissant Lenor collection Jasmin et rose de mai 1.155L","p":8.25,"u":"7,14 €/L","img":"https://fd15-photos.leclercdrive.fr/image.ashx?id=2912701&use=l&cat=p&typeid=i","cat":284650},{"id":265515,"n":"Adoucissant liquide Lenor Peaux sensibles - 882ml x42","p":6.24,"u":"7,07 €/L","img":"https://fd15-photos.leclercdrive.fr/image.ashx?id=2917100&use=l&cat=p&typeid=i","cat":284650},{"id":265521,"n":"Parfum de linge Lenor Fraîcheur florale - 235g - x19","p":11.15,"u":"47,45 €/KG","img":"https://fd15-photos.leclercdrive.fr/image.ashx?id=2912692&use=l&cat=p&typeid=i","cat":325302},{"id":265775,"n":"Caprisun Mystic Dragon 10x20cl","p":5.95,"u":"2,98 €/L","img":"https://fd15-photos.leclercdrive.fr/image.ashx?id=2910443&use=l&cat=p&typeid=i","cat":295018},{"id":265792,"n":"Lessive Omo Pêche & Pamplemousse - x40 1,8L","p":13.88,"u":"0,77 €/L","img":"https://fd15-photos.leclercdrive.fr/image.ashx?id=2911612&use=l&cat=p&typeid=i","cat":284640},{"id":265796,"n":"Lingettes désinfectantes Sanytol - Eucalyptus x160","p":4.69,"img":"https://fd15-photos.leclercdrive.fr/image.ashx?id=2966430&use=l&cat=p&typeid=i","cat":325358},{"id":265800,"n":"Recharges désodorisant Febreze Linge frais - x3 - 20ml","p":5.59,"u":"279,50 €/L","img":"https://fd15-photos.leclercdrive.fr/image.ashx?id=2912683&use=l&cat=p&typeid=i","cat":311629},{"id":265862,"n":"Pâtes coquillage Panzani 3x500g","p":4.5,"pp":3.37,"u":"2,25 €/KG","img":"https://fd15-photos.leclercdrive.fr/image.ashx?id=2911187&use=l&cat=p&typeid=i","cat":284427},{"id":265868,"n":"Lessive liquide Dash 2 en 1 Envolée d'air 40 lavages - 1.8L","p":17.89,"u":"9,94 €/L","img":"https://fd15-photos.leclercdrive.fr/image.ashx?id=2914858&use=l&cat=p&typeid=i","cat":284640},{"id":265886,"n":"Bière blonde 5 Lager Speciale 5% 6x25cl","p":5.5,"u":"3,67 €/L","img":"https://fd15-photos.leclercdrive.fr/image.ashx?id=2910768&use=l&cat=p&typeid=i","cat":334873},{"id":265920,"n":"Tablette lave-vaisselle Fairy  Platinium Anti-terne - 388g","p":12.85,"u":"33,12 €/KG","img":"https://fd15-photos.leclercdrive.fr/image.ashx?id=2914879&use=l&cat=p&typeid=i","cat":284656},{"id":265921,"n":"Capsules lave-vaisselle Fairy Platinium Plus anti-terne 388g","p":12.85,"u":"33,12 €/KG","img":"https://fd15-photos.leclercdrive.fr/image.ashx?id=2914189&use=l&cat=p&typeid=i","cat":284656},{"id":265931,"n":"Tablettes lave-vaisselle Fairy  Original Tout en 1 x34 - 473g","p":12.85,"u":"27,17 €/KG","img":"https://fd15-photos.leclercdrive.fr/image.ashx?id=2914198&use=l&cat=p&typeid=i","cat":284656},{"id":265932,"n":"Tablettes lave-vaisselle Fairy Original tout en 1 x35 - 473g","p":13.65,"u":"28,86 €/KG","img":"https://fd15-photos.leclercdrive.fr/image.ashx?id=2914201&use=l&cat=p&typeid=i","cat":284656},{"id":265952,"n":"Saucisse sèche piment Espelette Nos Régions ont du Talent 250g","p":5.4,"u":"21,60 €/KG","img":"https://fd15-photos.leclercdrive.fr/image.ashx?id=2972623&use=l&cat=p&typeid=i","cat":316006},{"id":266093,"n":"Adoucissant Lenor Envolée d'air - x55 - 1.155L","p":7.55,"u":"6,54 €/L","img":"https://fd15-photos.leclercdrive.fr/image.ashx?id=2914171&use=l&cat=p&typeid=i","cat":284650},{"id":266097,"n":"Pâtes Panzani  Serpentini - 1kg","p":3.24,"u":"3,24 €/KG","img":"https://fd15-photos.leclercdrive.fr/image.ashx?id=2914456&use=l&cat=p&typeid=i","cat":284427},{"id":266104,"n":"Lait corps nourissant Nivea Peaux sèches - 400ml","p":7.34,"u":"18,35 €/L","img":"https://fd15-photos.leclercdrive.fr/image.ashx?id=2977639&use=l&cat=p&typeid=i","cat":325349},{"id":266107,"n":"Gel WC Harpic Power Plus 750ml","p":3.1,"u":"4,13 €/L","img":"https://fd15-photos.leclercdrive.fr/image.ashx?id=2914027&use=l&cat=p&typeid=i","cat":284662},{"id":266108,"n":"Bloc WC Harpic Hygienic & Fresh Pin Eucalyptus - x2","p":2.95,"img":"https://fd15-photos.leclercdrive.fr/image.ashx?id=2914636&use=l&cat=p&typeid=i","cat":284662},{"id":266110,"n":"Bloc WC Harpic Hygienic & Fresh 2.0 Agrume - x2","p":2.95,"img":"https://fd15-photos.leclercdrive.fr/image.ashx?id=2914633&use=l&cat=p&typeid=i","cat":284662},{"id":266111,"n":"Bloc WC Harpic Hygienic & Fresh 2.0 Marine - x2","p":2.95,"img":"https://fd15-photos.leclercdrive.fr/image.ashx?id=2914024&use=l&cat=p&typeid=i","cat":284662},{"id":266113,"n":"Lessive liquide Ariel Unstoppable - x30 1.350L","p":15.4,"u":"11,41 €/L","img":"https://fd15-photos.leclercdrive.fr/image.ashx?id=2914144&use=l&cat=p&typeid=i","cat":284640},{"id":266114,"n":"Lessive liquide Ariel Alpine - x35 - 1.575L","p":15.79,"u":"10,03 €/L","img":"https://fd15-photos.leclercdrive.fr/image.ashx?id=2914822&use=l&cat=p&typeid=i","cat":284640},{"id":266123,"n":"Jambon Sec fines et fondantes Aoste nature 4 tranches - 67g","p":2.94,"u":"43,88 €/KG","img":"https://fd15-photos.leclercdrive.fr/image.ashx?id=2937196&use=l&cat=p&typeid=i","cat":316007},{"id":266139,"n":"Gel WC Harpic Power Plus Marine - 750ml","p":3.1,"u":"4,13 €/L","img":"https://fd15-photos.leclercdrive.fr/image.ashx?id=2914021&use=l&cat=p&typeid=i","cat":284662},{"id":266150,"n":"Lait corps hydratation Nivea Express - 250ml","p":5.8,"u":"23,20 €/L","img":"https://fd15-photos.leclercdrive.fr/image.ashx?id=2977648&use=l&cat=p&typeid=i","cat":325349},{"id":266163,"n":"Parfum de linge Lenor Jasmin & Rose de mai 155g x13","p":6.99,"u":"45,10 €/KG","img":"https://fd15-photos.leclercdrive.fr/image.ashx?id=2914162&use=l&cat=p&typeid=i","cat":325302},{"id":266167,"n":"Fromage enfant Mini Babybel Emmental 6 portions","p":3.59,"u":"0,60 €/P","img":"https://fd15-photos.leclercdrive.fr/image.ashx?id=2911915&use=l&cat=p&typeid=i","cat":314030},{"id":266177,"n":"Adoucissant Soupline Lenor Ambre & orchidée - 1.155L x55","p":7.05,"u":"6,10 €/L","img":"https://fd15-photos.leclercdrive.fr/image.ashx?id=2914165&use=l&cat=p&typeid=i","cat":284650},{"id":266178,"n":"Adoucissant Lenor Envolée air - 882ml x42","p":6.85,"u":"7,77 €/L","img":"https://fd15-photos.leclercdrive.fr/image.ashx?id=2914168&use=l&cat=p&typeid=i","cat":284650},{"id":266182,"n":"Adoucissant Lenor Ambre & orchidée - 882ml - x42","p":6.85,"u":"7,77 €/L","img":"https://fd15-photos.leclercdrive.fr/image.ashx?id=2914864&use=l&cat=p&typeid=i","cat":284650},{"id":266183,"n":"Adoucissant Lenor Jasmin & Rose de mai 882ml x42","p":6.8,"u":"7,71 €/L","img":"https://fd15-photos.leclercdrive.fr/image.ashx?id=2914861&use=l&cat=p&typeid=i","cat":284650},{"id":266204,"n":"Adoucissant Soupline Ultra Emotion vanille - 1800ml","p":8.89,"u":"4,94 €/L","img":"https://fd15-photos.leclercdrive.fr/image.ashx?id=2914207&use=l&cat=p&typeid=i","cat":284650},{"id":266234,"n":"Pop Corn Micro-ondable Vico Pop caramel - 240g","p":2.99,"u":"12,46 €/KG","img":"https://fd15-photos.leclercdrive.fr/image.ashx?id=2913940&use=l&cat=p&typeid=i","cat":304249},{"id":266268,"n":"Bonbons Têtes Brulées Koh Lanta - 150g","p":2.4,"u":"16,00 €/KG","img":"https://fd15-photos.leclercdrive.fr/image.ashx?id=2914018&use=l&cat=p&typeid=i","cat":304250},{"id":266436,"n":"Lessive liquide Ariel Original - 1.575L - x35","p":15.79,"u":"10,03 €/L","img":"https://fd15-photos.leclercdrive.fr/image.ashx?id=2914813&use=l&cat=p&typeid=i","cat":284640},{"id":266447,"n":"Bonbon Tic Tac Two Menthe fraîche & douce - 38,5g","p":2.85,"u":"75,00 €/KG","img":"https://fd15-photos.leclercdrive.fr/image.ashx?id=2914438&use=l&cat=p&typeid=i","cat":304256},{"id":266451,"n":"Bonbon Tic Tac Two Framboise & Citron - 38g","p":2.85,"u":"75,00 €/KG","img":"https://fd15-photos.leclercdrive.fr/image.ashx?id=2914441&use=l&cat=p&typeid=i","cat":304256},{"id":266457,"n":"Serviettes hygiéniques Always Nuit Extra secure - x8","p":3.04,"img":"https://fd15-photos.leclercdrive.fr/image.ashx?id=2914792&use=l&cat=p&typeid=i","cat":284624},{"id":266463,"n":"Shampooing Head & Shoulders Intense hydratation - 330ml","p":6.89,"u":"20,88 €/L","img":"https://fd15-photos.leclercdrive.fr/image.ashx?id=2914801&use=l&cat=p&typeid=i","cat":284606},{"id":266467,"n":"Diffuseur électrique Airwick Fleur de coton - 19ml","p":11.6,"u":"610,53 €/L","img":"https://fd15-photos.leclercdrive.fr/image.ashx?id=2914618&use=l&cat=p&typeid=i","cat":311629},{"id":266468,"n":"Recharges diffuseur électrique Airwick - Duo vanille 38ml","p":8.75,"u":"230,26 €/L","img":"https://fd15-photos.leclercdrive.fr/image.ashx?id=2914621&use=l&cat=p&typeid=i","cat":311629},{"id":266470,"n":"Recharges diffuseur électrique Airwick - Cannelle - 19ml","p":5.45,"u":"286,84 €/L","img":"https://fd15-photos.leclercdrive.fr/image.ashx?id=2914624&use=l&cat=p&typeid=i","cat":311629},{"id":266701,"n":"Mini biscuits  P'tit Déli Rond enrobé Chocolat blanc 128g","p":1.89,"u":"14,77 €/KG","img":"https://fd15-photos.leclercdrive.fr/image.ashx?id=2942244&use=l&cat=p&typeid=i","cat":284488},{"id":266769,"n":"Gâteau St Amour fromage blanc Nature - 2x70g","p":2.64,"u":"18,86 €/KG","img":"https://fd15-photos.leclercdrive.fr/image.ashx?id=2916141&use=l&cat=p&typeid=i","cat":284419},{"id":267018,"n":"Tablette chocolat Tablette d'Or Lait et noisette - 100g","p":1.79,"u":"17,90 €/KG","img":"https://fd15-photos.leclercdrive.fr/image.ashx?id=2943085&use=l&cat=p&typeid=i","cat":284497},{"id":267023,"n":"Gourde Charles & Alices Pommes poires mirabelle 12X90g","p":7.55,"u":"6,99 €/KG","img":"https://fd15-photos.leclercdrive.fr/image.ashx?id=3004960&use=l&cat=p&typeid=i","cat":284508},{"id":267024,"n":"Gourde Charles & Alice mirabelle, pêche 12X90g","p":7.55,"u":"6,99 €/KG","img":"https://fd15-photos.leclercdrive.fr/image.ashx?id=2916075&use=l&cat=p&typeid=i","cat":284508},{"id":267025,"n":"Gourde Charles & Alice Banane cerise vanille 12x90g","p":7.55,"u":"6,99 €/KG","img":"https://fd15-photos.leclercdrive.fr/image.ashx?id=2916072&use=l&cat=p&typeid=i","cat":284508},{"id":267026,"n":"Gourde Charles & Alice Cerise vanille poire 12X90g","p":7.55,"u":"6,99 €/KG","img":"https://fd15-photos.leclercdrive.fr/image.ashx?id=3004954&use=l&cat=p&typeid=i","cat":284508},{"id":267183,"n":"Citronnade Montebelo Brasil Citron vert - 1L","p":2.75,"u":"2,75 €/L","img":"https://fd15-photos.leclercdrive.fr/image.ashx?id=2916342&use=l&cat=p&typeid=i","cat":284915},{"id":267203,"n":"Porp Corn salés Tokapi Pop-Box - x2 - 180g","p":1.79,"u":"9,94 €/KG","img":"https://fd15-photos.leclercdrive.fr/image.ashx?id=2915660&use=l&cat=p&typeid=i","cat":304249},{"id":267328,"n":"Nettoyant désinfectant Clair 1.5L","p":1.95,"u":"1,30 €/L","img":"https://fd15-photos.leclercdrive.fr/image.ashx?id=2916593&use=l&cat=p&typeid=i","cat":325357},{"id":267382,"n":"Lingettes bébé Corine de Farme Water essential - x70","p":2.69,"img":"https://fd15-photos.leclercdrive.fr/image.ashx?id=2917873&use=l&cat=p&typeid=i","cat":284738},{"id":267411,"n":"Bière Softiz Pêche Sans alcool - 6x27.5cl","p":5.24,"u":"3,18 €/L","img":"https://fd15-photos.leclercdrive.fr/image.ashx?id=2916764&use=l&cat=p&typeid=i","cat":334877},{"id":267419,"n":"Couches T3 bébé little movers Huggies - x56","p":21.7,"u":"0,39 €/P","img":"https://fd15-photos.leclercdrive.fr/image.ashx?id=2917987&use=l&cat=p&typeid=i","cat":284737},{"id":267420,"n":"Couches T4 bébé little movers Huggies - x50","p":21.7,"u":"0,54 €/P","img":"https://fd15-photos.leclercdrive.fr/image.ashx?id=2917990&use=l&cat=p&typeid=i","cat":284737},{"id":267421,"n":"Couches T5 bébé little movers Huggies - x42","p":21.7,"u":"0,52 €/P","img":"https://fd15-photos.leclercdrive.fr/image.ashx?id=2917993&use=l&cat=p&typeid=i","cat":284737},{"id":267424,"n":"Couches T4 bébé little movers Huggies - x44","p":21.7,"u":"0,49 €/P","img":"https://fd15-photos.leclercdrive.fr/image.ashx?id=2918005&use=l&cat=p&typeid=i","cat":284737},{"id":267425,"n":"Couches T5 bébé little movers Huggies - x38","p":21.7,"u":"0,57 €/P","img":"https://fd15-photos.leclercdrive.fr/image.ashx?id=2918008&use=l&cat=p&typeid=i","cat":284737},{"id":267426,"n":"Couches T6 bébé little movers Huggies - x34","p":21.7,"u":"0,64 €/P","img":"https://fd15-photos.leclercdrive.fr/image.ashx?id=2918011&use=l&cat=p&typeid=i","cat":284737},{"id":267431,"n":"Vin d'Espagne François  D'Aubigne Vin rouge - 75cl","p":3.69,"u":"4,92 €/L","img":"https://fd15-photos.leclercdrive.fr/image.ashx?id=2958029&use=l&cat=p&typeid=i","cat":289556},{"id":267516,"n":"Chocolat au lait Tablette d'Or Fourré au lait - 100g","p":1.34,"u":"13,40 €/KG","img":"https://fd15-photos.leclercdrive.fr/image.ashx?id=3010578&use=l&cat=p&typeid=i","cat":284497},{"id":267988,"n":"Jus de clémentine Innocent 750ml","p":2.89,"u":"3,85 €/L","img":"https://fd15-photos.leclercdrive.fr/image.ashx?id=2926066&use=l&cat=p&typeid=i","cat":284354},{"id":267990,"n":"Jus de poire Innocent 750ml","p":4.69,"u":"6,25 €/L","img":"https://fd15-photos.leclercdrive.fr/image.ashx?id=2925882&use=l&cat=p&typeid=i","cat":284354},{"id":267994,"n":"Jus pressé Innocent  Summer crush 90cl","p":3.9,"u":"4,33 €/L","img":"https://fd15-photos.leclercdrive.fr/image.ashx?id=2926861&use=l&cat=p&typeid=i","cat":284354},{"id":268013,"n":"Barres de céréales Eat Natural amande & raisins secs - x3-120g","p":4.55,"u":"37,92 €/KG","img":"https://fd15-photos.leclercdrive.fr/image.ashx?id=2919048&use=l&cat=p&typeid=i","cat":300032},{"id":268018,"n":"Barres de céréale Eat Natural Chocolat noir x3 - 120g","p":4.44,"u":"37,00 €/KG","img":"https://fd15-photos.leclercdrive.fr/image.ashx?id=2919051&use=l&cat=p&typeid=i","cat":300032},{"id":268020,"n":"Barres de céréales Eat Natural Vegan chocolat noir x3 - 120g","p":4.44,"u":"37,00 €/KG","img":"https://fd15-photos.leclercdrive.fr/image.ashx?id=2919054&use=l&cat=p&typeid=i","cat":300032},{"id":268023,"n":"Jus pomme poire Andros 1L","p":3.79,"u":"3,79 €/L","img":"https://fd15-photos.leclercdrive.fr/image.ashx?id=2950366&use=l&cat=p&typeid=i","cat":284354},{"id":268024,"n":"Barres de céréales Eat Natural  Chocolat noir x3 - 120g","p":4.55,"u":"37,92 €/KG","img":"https://fd15-photos.leclercdrive.fr/image.ashx?id=2919057&use=l&cat=p&typeid=i","cat":300032},{"id":268025,"n":"Barres de céréales Eat Natural Caramel salé x3 - 120g","p":4.55,"u":"37,92 €/KG","img":"https://fd15-photos.leclercdrive.fr/image.ashx?id=2919060&use=l&cat=p&typeid=i","cat":300032},{"id":268029,"n":"Culottes Pampers Baby-dry Pants Taille 7 - x29","p":19.85,"u":"0,68 €/P","img":"https://fd15-photos.leclercdrive.fr/image.ashx?id=2919934&use=l&cat=p&typeid=i","cat":290633},{"id":268030,"n":"Culottes Pampers Premium Protection Pants - Taille 4 x31","p":22.9,"u":"0,74 €/P","img":"https://fd15-photos.leclercdrive.fr/image.ashx?id=2919937&use=l&cat=p&typeid=i","cat":290633},{"id":268037,"n":"Couches Pampers Harmonie Taille 5 - x31","p":22.9,"u":"0,74 €/P","img":"https://fd15-photos.leclercdrive.fr/image.ashx?id=2941973&use=l&cat=p&typeid=i","cat":284737},{"id":268042,"n":"Culottes Pampers Baby-Dry Pants Taille 5 - x36","p":19.85,"u":"0,55 €/P","img":"https://fd15-photos.leclercdrive.fr/image.ashx?id=2920006&use=l&cat=p&typeid=i","cat":290633},{"id":268051,"n":"Jus multifruits Innocent  Orange passion mandarine 900ml","p":4.27,"u":"4,74 €/L","img":"https://fd15-photos.leclercdrive.fr/image.ashx?id=2919886&use=l&cat=p&typeid=i","cat":284354},{"id":268053,"n":"Jus multifruits Innocent Ananas pomme passion 1.5L","p":6.3,"u":"4,20 €/L","img":"https://fd15-photos.leclercdrive.fr/image.ashx?id=2919889&use=l&cat=p&typeid=i","cat":284354},{"id":268054,"n":"Couches Pampers Baby-Dry Taille 3 - x50","p":21.1,"u":"0,42 €/P","img":"https://fd15-photos.leclercdrive.fr/image.ashx?id=2919988&use=l&cat=p&typeid=i","cat":284737},{"id":268055,"n":"Jus multifruits Innocent Pomme concombre kiwi 900ml","p":4.2,"u":"4,67 €/L","img":"https://fd15-photos.leclercdrive.fr/image.ashx?id=2920558&use=l&cat=p&typeid=i","cat":284354},{"id":268058,"n":"Box XXL Radiatori Côté Snack Poulet crème et Emmental 400g","p":4.79,"u":"11,98 €/KG","img":"https://fd15-photos.leclercdrive.fr/image.ashx?id=2918520&use=l&cat=p&typeid=i","cat":334983},{"id":268059,"n":"Couches Pampers Harmonie Taille 4 - x36","p":21.1,"u":"0,59 €/P","img":"https://fd15-photos.leclercdrive.fr/image.ashx?id=2941976&use=l&cat=p&typeid=i","cat":284737},{"id":268069,"n":"Compotes Andros  Pomme mangue 4x100g","p":2.79,"u":"6,98 €/KG","img":"https://fd15-photos.leclercdrive.fr/image.ashx?id=2989324&use=l&cat=p&typeid=i","cat":284416},{"id":268070,"n":"Compotes Andros Pomme passion 4x100g","p":1.99,"u":"4,98 €/KG","img":"https://fd15-photos.leclercdrive.fr/image.ashx?id=2919838&use=l&cat=p&typeid=i","cat":284416},{"id":268078,"n":"Crème glacée Häagen-Dazs Strawberries & cream 400g","p":7.2,"u":"18,00 €/KG","img":"https://fd15-photos.leclercdrive.fr/image.ashx?id=2919811&use=l&cat=p&typeid=i","cat":284725},{"id":268174,"n":"Culottes Pampers Night Pants Taille 6 - x30","p":22.9,"u":"0,76 €/P","img":"https://fd15-photos.leclercdrive.fr/image.ashx?id=2919952&use=l&cat=p&typeid=i","cat":290633},{"id":268179,"n":"Culottes Pampers Premium Protection Pants - Taille 5 x29","p":22.9,"u":"0,79 €/P","img":"https://fd15-photos.leclercdrive.fr/image.ashx?id=3009245&use=l&cat=p&typeid=i","cat":290633},{"id":268182,"n":"Couches Pampers Baby-Dry Géant - Taille 8 - x28","p":19.85,"u":"0,71 €/P","img":"https://fd15-photos.leclercdrive.fr/image.ashx?id=2941979&use=l&cat=p&typeid=i","cat":284737},{"id":268184,"n":"Couches Pampers Baby-Dry Taille 7 - x31","p":21.55,"u":"0,70 €/P","img":"https://fd15-photos.leclercdrive.fr/image.ashx?id=2941982&use=l&cat=p&typeid=i","cat":284737},{"id":268186,"n":"Couches Pmapers Premium Protection - Taille 4 x38","p":21.1,"u":"0,56 €/P","img":"https://fd15-photos.leclercdrive.fr/image.ashx?id=2919994&use=l&cat=p&typeid=i","cat":284737},{"id":268189,"n":"Couches Pampers Premium Protection Taille 3 x46","p":22.9,"u":"0,50 €/P","img":"https://fd15-photos.leclercdrive.fr/image.ashx?id=2991009&use=l&cat=p&typeid=i","cat":284737},{"id":268190,"n":"Couches Pampers Premium Protection Taille 5 x33","p":21.1,"u":"0,64 €/P","img":"https://fd15-photos.leclercdrive.fr/image.ashx?id=2991012&use=l&cat=p&typeid=i","cat":284737},{"id":268191,"n":"Culottes Pampers Baby-Dry Pants Taille 6 - x31","p":19.85,"u":"0,64 €/P","img":"https://fd15-photos.leclercdrive.fr/image.ashx?id=2920009&use=l&cat=p&typeid=i","cat":290633},{"id":268192,"n":"Culottes Pampers Baby-Dry Pants Taille 4 - x41","p":21.55,"u":"0,53 €/P","img":"https://fd15-photos.leclercdrive.fr/image.ashx?id=2920012&use=l&cat=p&typeid=i","cat":290633},{"id":268231,"n":"Penne Rigate Barilla  Protein + - 400g","p":2.69,"u":"6,73 €/KG","img":"https://fd15-photos.leclercdrive.fr/image.ashx?id=2919928&use=l&cat=p&typeid=i","cat":284427},{"id":268234,"n":"Spaghetti Barilla  Protein + - 400g","p":2.69,"u":"6,73 €/KG","img":"https://fd15-photos.leclercdrive.fr/image.ashx?id=2919931&use=l&cat=p&typeid=i","cat":284427},{"id":268347,"n":"Pétales snacks Tokapi Goût crème oignon - 75g","p":1.25,"u":"16,67 €/KG","img":"https://fd15-photos.leclercdrive.fr/image.ashx?id=2920241&use=l&cat=p&typeid=i","cat":284449},{"id":268468,"n":"Thé glacé Lipton Framboise  1.75L","p":3.99,"u":"2,28 €/L","img":"https://fd15-photos.leclercdrive.fr/image.ashx?id=2921103&use=l&cat=p&typeid=i","cat":295019},{"id":268473,"n":"Chips Lay's Paysanne Tapenade 120g","p":2.05,"u":"17,08 €/KG","img":"https://fd15-photos.leclercdrive.fr/image.ashx?id=2921543&use=l&cat=p&typeid=i","cat":284447},{"id":268757,"n":"Couches Pampers Harmonie Taille 4 - x78 9kg","p":37.5,"u":"4,17 €/KG","img":"https://fd15-photos.leclercdrive.fr/image.ashx?id=2920963&use=l&cat=p&typeid=i","cat":284737},{"id":268774,"n":"Dentifrice Oral B Pro Expert 75ml","p":2.99,"u":"39,87 €/L","img":"https://fd15-photos.leclercdrive.fr/image.ashx?id=2920960&use=l&cat=p&typeid=i","cat":284612},{"id":268813,"n":"Croustillant de Merlu Gimbert Surgelé - 400g","p":9.95,"u":"24,88 €/KG","img":"https://fd15-photos.leclercdrive.fr/image.ashx?id=2924257&use=l&cat=p&typeid=i","cat":319788},{"id":268814,"n":"Couches Pampers Harmonie Taille 5 - x70 - 11kg","p":37.5,"u":"3,41 €/KG","img":"https://fd15-photos.leclercdrive.fr/image.ashx?id=2922263&use=l&cat=p&typeid=i","cat":284737},{"id":268815,"n":"Pampers Baby Dry x74","p":39.95,"u":"0,54 €/P","img":"https://fd15-photos.leclercdrive.fr/image.ashx?id=2922266&use=l&cat=p&typeid=i","cat":290633},{"id":268817,"n":"Couches culotte Pampers Baby Dry x86 Taille 5","p":39.95,"u":"0,46 €/P","img":"https://fd15-photos.leclercdrive.fr/image.ashx?id=2922269&use=l&cat=p&typeid=i","cat":290633},{"id":268818,"n":"Pampers Baby Dry Taille 4 - x94","p":43.6,"u":"0,46 €/P","img":"https://fd15-photos.leclercdrive.fr/image.ashx?id=2922272&use=l&cat=p&typeid=i","cat":290633},{"id":268820,"n":"Couches Pampers Premium Taille 5 - x74","p":39.95,"u":"0,54 €/P","img":"https://fd15-photos.leclercdrive.fr/image.ashx?id=2922275&use=l&cat=p&typeid=i","cat":290633},{"id":268821,"n":"Couches Pampers Baby Dry x98","p":39.95,"u":"0,41 €/P","img":"https://fd15-photos.leclercdrive.fr/image.ashx?id=2922278&use=l&cat=p&typeid=i","cat":284737},{"id":268830,"n":"Pampers Baby Dry Taille 6 - x80","p":39.95,"u":"0,50 €/P","img":"https://fd15-photos.leclercdrive.fr/image.ashx?id=2922284&use=l&cat=p&typeid=i","cat":284737},{"id":268832,"n":"Couches Pampers Premium Taille 3 - x112","p":44.7,"u":"0,40 €/P","img":"https://fd15-photos.leclercdrive.fr/image.ashx?id=2922251&use=l&cat=p&typeid=i","cat":284737},{"id":268835,"n":"Couches Pampers  Premium protection Taille 5 x80","p":44.7,"u":"0,56 €/P","img":"https://fd15-photos.leclercdrive.fr/image.ashx?id=2922257&use=l&cat=p&typeid=i","cat":284737},{"id":268837,"n":"Couches Pampers Protection Taille 4 - x90","p":29.99,"u":"0,33 €/P","img":"https://fd15-photos.leclercdrive.fr/image.ashx?id=2922260&use=l&cat=p&typeid=i","cat":284737},{"id":268982,"n":"Crêpes choco max Whaou! Crazy x6 - 180g","p":2.64,"u":"14,67 €/KG","img":"https://fd15-photos.leclercdrive.fr/image.ashx?id=2921723&use=l&cat=p&typeid=i","cat":284494},{"id":269137,"n":"Roquefort AOP Société douceur 100g","p":2.99,"u":"29,90 €/KG","img":"https://fd15-photos.leclercdrive.fr/image.ashx?id=2922539&use=l&cat=p&typeid=i","cat":314032},{"id":269148,"n":"Café en capsules Starbucks Ristretto shot x10","p":5.7,"u":"100,00 €/KG","img":"https://fd15-photos.leclercdrive.fr/image.ashx?id=2924896&use=l&cat=p&typeid=i","cat":284749},{"id":269150,"n":"Capsules de Café KitKat Dolce Gusto x16","p":7.35,"u":"0,46 €/P","img":"https://fd15-photos.leclercdrive.fr/image.ashx?id=2924893&use=l&cat=p&typeid=i","cat":293239},{"id":269151,"n":"Crevettes au beurre ail persil Pom Bistro - 300g","p":10.8,"u":"36,00 €/KG","img":"https://fd15-photos.leclercdrive.fr/image.ashx?id=2924359&use=l&cat=p&typeid=i","cat":319787},{"id":269345,"n":"Chorizo courbe fort 220g","p":9.9,"u":"45,00 €/KG","img":"https://fd15-photos.leclercdrive.fr/image.ashx?id=2924173&use=l&cat=p&typeid=i","cat":316006},{"id":269346,"n":"Chorizo courbe doux 220g","p":9.9,"u":"45,00 €/KG","img":"https://fd15-photos.leclercdrive.fr/image.ashx?id=2924176&use=l&cat=p&typeid=i","cat":316006},{"id":269359,"n":"Pile Alcaline Energizer 9V Max plus","p":5.99,"img":"https://fd15-photos.leclercdrive.fr/image.ashx?id=2940489&use=l&cat=p&typeid=i","cat":300572},{"id":269360,"n":"Piles Alcaline Energizer AA/LR6 x6","p":4.39,"img":"https://fd15-photos.leclercdrive.fr/image.ashx?id=2924818&use=l&cat=p&typeid=i","cat":300572},{"id":269362,"n":"Piles Alcalines Enegizer Power AAA/LR03 x6","p":4.99,"u":"0,83 €/P","img":"https://fd15-photos.leclercdrive.fr/image.ashx?id=2924812&use=l&cat=p&typeid=i","cat":300572},{"id":269505,"n":"Halloumi AOP Salakis 200g","p":4.65,"u":"23,25 €/KG","img":"https://fd15-photos.leclercdrive.fr/image.ashx?id=2924626&use=l&cat=p&typeid=i","cat":314026},{"id":269549,"n":"Dessert minute Tiramisu Galbani 375g","p":6.75,"u":"18,00 €/KG","img":"https://fd15-photos.leclercdrive.fr/image.ashx?id=2927681&use=l&cat=p&typeid=i","cat":314026},{"id":269564,"n":"Rouge à lèvres Maybelline Superstay Vynil Ink N°15","p":13.5,"img":"https://fd15-photos.leclercdrive.fr/image.ashx?id=2925304&use=l&cat=p&typeid=i","cat":287029},{"id":269912,"n":"P'tit gourmand Nestlé  Vanille - 4x100g","p":2.3,"u":"5,75 €/KG","img":"https://fd15-photos.leclercdrive.fr/image.ashx?id=2946278&use=l&cat=p&typeid=i","cat":312392},{"id":270174,"n":"Barre de céréales Golden Graham 8x25g","p":3.75,"u":"18,75 €/KG","img":"https://fd15-photos.leclercdrive.fr/image.ashx?id=2927627&use=l&cat=p&typeid=i","cat":300032},{"id":270176,"n":"Sauce à l'echalote Rustica 300g","p":2.09,"u":"6,97 €/KG","img":"https://fd15-photos.leclercdrive.fr/image.ashx?id=2955089&use=l&cat=p&typeid=i","cat":288381},{"id":270180,"n":"Barre céréales P'tit Déli 138g","p":1.5,"u":"10,87 €/KG","img":"https://fd15-photos.leclercdrive.fr/image.ashx?id=2926176&use=l&cat=p&typeid=i","cat":300032},{"id":270198,"n":"Barres enfants P'tit Déli  Petales chocolats - 120g","p":1.8,"u":"15,00 €/KG","img":"https://fd15-photos.leclercdrive.fr/image.ashx?id=2926173&use=l&cat=p&typeid=i","cat":300032},{"id":270221,"n":"Collagène intense  Vitavea 50g","p":15.79,"u":"315,80 €/KG","img":"https://fd15-photos.leclercdrive.fr/image.ashx?id=2928699&use=l&cat=p&typeid=i","cat":313217},{"id":270237,"n":"Crêpes framboise Whaou! Fruity - x6 180g","p":2.35,"u":"13,06 €/KG","img":"https://fd15-photos.leclercdrive.fr/image.ashx?id=2928741&use=l&cat=p&typeid=i","cat":284494},{"id":270349,"n":"Poudre cacaotée Nesquik  Moins de sucre - 350g","p":4.99,"u":"14,26 €/KG","img":"https://fd15-photos.leclercdrive.fr/image.ashx?id=3005380&use=l&cat=p&typeid=i","cat":293235},{"id":270457,"n":"Dés Cheddar Fumé Petit Marché - 120g","p":3.39,"u":"28,25 €/KG","img":"https://fd15-photos.leclercdrive.fr/image.ashx?id=2939217&use=l&cat=p&typeid=i","cat":314027},{"id":270661,"n":"Ferments lactiques Vahiné Pour yahourt maison -20g","p":4.45,"u":"222,50 €/KG","img":"https://fd15-photos.leclercdrive.fr/image.ashx?id=2930069&use=l&cat=p&typeid=i","cat":284505},{"id":270766,"n":"Eau aromatisée Vittel Aro Fraise framboise - 1L","p":1.89,"u":"1,89 €/L","img":"https://fd15-photos.leclercdrive.fr/image.ashx?id=2940624&use=l&cat=p&typeid=i","cat":284537},{"id":270776,"n":"Ferments lactiques Vahiné Pour yaourt maison - 16g","p":3.1,"u":"193,75 €/KG","img":"https://fd15-photos.leclercdrive.fr/image.ashx?id=2930063&use=l&cat=p&typeid=i","cat":284505},{"id":270778,"n":"Ferments lactiques vahiné Pour yaourt maison","p":4.05,"u":"202,50 €/KG","img":"https://fd15-photos.leclercdrive.fr/image.ashx?id=2930066&use=l&cat=p&typeid=i","cat":284505},{"id":270907,"n":"Capsules café L'Or Espresso Pumpkin Spice x10","p":5.69,"u":"109,42 €/KG","img":"https://fd15-photos.leclercdrive.fr/image.ashx?id=2967460&use=l&cat=p&typeid=i","cat":284749},{"id":270989,"n":"Barre P'tit Déli Boules choco - 120g","p":1.55,"u":"12,92 €/KG","img":"https://fd15-photos.leclercdrive.fr/image.ashx?id=2930132&use=l&cat=p&typeid=i","cat":300032},{"id":271047,"n":"Pinsa Harry's 230g","p":4.99,"u":"21,70 €/KG","img":"https://fd15-photos.leclercdrive.fr/image.ashx?id=2936377&use=l&cat=p&typeid=i","cat":284359},{"id":271070,"n":"Tablette de chocolat Lindt Lait amande - 200g","p":5.99,"u":"29,95 €/KG","img":"https://fd15-photos.leclercdrive.fr/image.ashx?id=2935801&use=l&cat=p&typeid=i","cat":284497},{"id":271240,"n":"Rocher Poulain Chocolat noir - x7 - 224g","p":5.34,"u":"23,84 €/KG","img":"https://fd15-photos.leclercdrive.fr/image.ashx?id=2963463&use=l&cat=p&typeid=i","cat":284499},{"id":271241,"n":"Petit pois d'Aucy  Extra fins  - 3x140g","p":3.25,"u":"7,74 €/KG","img":"https://fd15-photos.leclercdrive.fr/image.ashx?id=2935663&use=l&cat=p&typeid=i","cat":312607},{"id":271244,"n":"Pains hot-Dog La Boulangère x4 - 250g","p":2.45,"u":"9,80 €/KG","img":"https://fd15-photos.leclercdrive.fr/image.ashx?id=2937292&use=l&cat=p&typeid=i","cat":325067},{"id":271265,"n":"Maxi friandises Catisfactions  Fromage - 180g","p":5.96,"u":"33,11 €/KG","img":"https://fd15-photos.leclercdrive.fr/image.ashx?id=2937748&use=l&cat=p&typeid=i","cat":285285},{"id":271277,"n":"Preparation crème glacée Vanille bourbon - 200g","p":3.95,"u":"19,75 €/KG","img":"https://fd15-photos.leclercdrive.fr/image.ashx?id=2936332&use=l&cat=p&typeid=i","cat":284505},{"id":271284,"n":"Préparation creme glacée Vahiné Chocolat noir - 210g","p":5.95,"u":"28,33 €/KG","img":"https://fd15-photos.leclercdrive.fr/image.ashx?id=2936335&use=l&cat=p&typeid=i","cat":284505},{"id":271285,"n":"Pepites de chocolat Vahiné  Brownies - 310g","p":4.99,"u":"16,10 €/KG","img":"https://fd15-photos.leclercdrive.fr/image.ashx?id=2936320&use=l&cat=p&typeid=i","cat":284505},{"id":271442,"n":"Pates mafaldelle Panzani 500g","p":2.19,"u":"4,38 €/KG","img":"https://fd15-photos.leclercdrive.fr/image.ashx?id=2935747&use=l&cat=p&typeid=i","cat":284427},{"id":271465,"n":"Préparation Vahiné  gaufres pancakes crepes - 240g","p":4.06,"u":"16,92 €/KG","img":"https://fd15-photos.leclercdrive.fr/image.ashx?id=2936323&use=l&cat=p&typeid=i","cat":284505},{"id":271466,"n":"Préparation Vahiné Cookies muffins cake - 300g","p":3.7,"u":"12,33 €/KG","img":"https://fd15-photos.leclercdrive.fr/image.ashx?id=2936326&use=l&cat=p&typeid=i","cat":284505},{"id":271474,"n":"Vigne rouge cassis Vitavea 1p","p":7.4,"img":"https://fd15-photos.leclercdrive.fr/image.ashx?id=2936869&use=l&cat=p&typeid=i","cat":313217},{"id":271479,"n":"Delices gourmands Sheba 300g","p":4.49,"u":"14,97 €/KG","img":"https://fd15-photos.leclercdrive.fr/image.ashx?id=2937772&use=l&cat=p&typeid=i","cat":285601},{"id":271496,"n":"Choux de bruxelles  530g","p":1.99,"u":"3,75 €/KG","img":"https://fd15-photos.leclercdrive.fr/image.ashx?id=2931956&use=l&cat=p&typeid=i","cat":312611},{"id":271503,"n":"Jus de betterave Jardin Bio Bio 75cl","p":6.95,"u":"9,27 €/L","img":"https://fd15-photos.leclercdrive.fr/image.ashx?id=2937214&use=l&cat=p&typeid=i","cat":284915},{"id":271506,"n":"Mélanges Notre Jardin Legumes secs base soja 250g","p":2.05,"u":"8,20 €/KG","img":"https://fd15-photos.leclercdrive.fr/image.ashx?id=2931965&use=l&cat=p&typeid=i","cat":312606},{"id":271507,"n":"Melange Notre Jardin  Haricots noirs - 250g","p":1.9,"u":"7,60 €/KG","img":"https://fd15-photos.leclercdrive.fr/image.ashx?id=2931968&use=l&cat=p&typeid=i","cat":312606},{"id":271510,"n":"Sauce poivre Rustica 300g","p":1.75,"u":"5,83 €/KG","img":"https://fd15-photos.leclercdrive.fr/image.ashx?id=2955059&use=l&cat=p&typeid=i","cat":318431},{"id":271520,"n":"Trio minceur Vitavea Morosil - 12g","p":12.85,"img":"https://fd15-photos.leclercdrive.fr/image.ashx?id=2936872&use=l&cat=p&typeid=i","cat":313217},{"id":271542,"n":"Bouchées gourmet Purina Gelée de poulet -  228g","p":3.64,"u":"15,96 €/KG","img":"https://fd15-photos.leclercdrive.fr/image.ashx?id=2959677&use=l&cat=p&typeid=i","cat":285286},{"id":271810,"n":"Yaourt à boire Yop Fraise - 250g","p":1.21,"u":"4,84 €/KG","img":"https://fd15-photos.leclercdrive.fr/image.ashx?id=2199509&use=l&cat=p&typeid=i","cat":284415},{"id":271811,"n":"Spray Raid Max Fourmis & cafards - 500ml","p":11.15,"u":"22,30 €/L","img":"https://fd15-photos.leclercdrive.fr/image.ashx?id=2940330&use=l&cat=p&typeid=i","cat":298368},{"id":271850,"n":"Dessert végétal Sojasun Pêche fleur de sureau - 4x100g","p":2.99,"u":"7,48 €/KG","img":"https://fd15-photos.leclercdrive.fr/image.ashx?id=2939568&use=l&cat=p&typeid=i","cat":316071},{"id":271851,"n":"Dessert végétal Sojasun Mangue passion - 4x100g","p":3.35,"u":"8,38 €/KG","img":"https://fd15-photos.leclercdrive.fr/image.ashx?id=2932714&use=l&cat=p&typeid=i","cat":316071},{"id":271855,"n":"Lasagnes végé bolognaise Fleury Michon 300g","p":5.9,"u":"19,67 €/KG","img":"https://fd15-photos.leclercdrive.fr/image.ashx?id=2939640&use=l&cat=p&typeid=i","cat":316036},{"id":271856,"n":"Hachis végé parmentier Fleury Michon 300g","p":5.5,"u":"18,33 €/KG","img":"https://fd15-photos.leclercdrive.fr/image.ashx?id=2939643&use=l&cat=p&typeid=i","cat":316036},{"id":271857,"n":"Chili végé à la Mexicaine Fleury Michon 300g","p":4.99,"u":"16,63 €/KG","img":"https://fd15-photos.leclercdrive.fr/image.ashx?id=2939646&use=l&cat=p&typeid=i","cat":316036},{"id":271881,"n":"Crème dessert Vahiné à la  vanille de Bourbon - 300g","p":5.45,"u":"18,17 €/KG","img":"https://fd15-photos.leclercdrive.fr/image.ashx?id=2936338&use=l&cat=p&typeid=i","cat":284505},{"id":271933,"n":"Brocolis Panier du Primeur 1p","p":2.99,"img":"https://fd15-photos.leclercdrive.fr/image.ashx?id=2933137&use=l&cat=p&typeid=i","cat":284352},{"id":271986,"n":"Brioche tressée Harry's  Chocolat - 500g","p":5.79,"u":"11,58 €/KG","img":"https://fd15-photos.leclercdrive.fr/image.ashx?id=2936374&use=l&cat=p&typeid=i","cat":285529},{"id":272101,"n":"Chips Lays Ossau Iraty tomate 120g","p":2.05,"u":"17,08 €/KG","img":"https://fd15-photos.leclercdrive.fr/image.ashx?id=2962275&use=l&cat=p&typeid=i","cat":284447},{"id":272103,"n":"Chips Lay's Paysanne Champignons ail - 120g","p":2.05,"u":"17,08 €/KG","img":"https://fd15-photos.leclercdrive.fr/image.ashx?id=2947829&use=l&cat=p&typeid=i","cat":284447},{"id":272105,"n":"Sucre en morceaux Tutti Free Sucralose - 290g","p":2.94,"u":"10,14 €/KG","img":"https://fd15-photos.leclercdrive.fr/image.ashx?id=2962437&use=l&cat=p&typeid=i","cat":284502},{"id":272111,"n":"Madeleine coquilles Le Ster Vanille 30% sucre x12 - 300g","p":2.89,"u":"9,63 €/KG","img":"https://fd15-photos.leclercdrive.fr/image.ashx?id=2962581&use=l&cat=p&typeid=i","cat":284492},{"id":272112,"n":"Madeleine coquilles Le Ster Pépites de chocolat 300g","p":2.99,"u":"9,97 €/KG","img":"https://fd15-photos.leclercdrive.fr/image.ashx?id=2962584&use=l&cat=p&typeid=i","cat":284492},{"id":272114,"n":"MADELEINES LAIT FRAIS","p":2.89,"u":"9,63 €/KG","img":"https://fd15-photos.leclercdrive.fr/image.ashx?id=2960822&use=l&cat=p&typeid=i","cat":284492},{"id":272122,"n":"Ravioli Paul et Louise Jambon parmesan - 300g","p":5.4,"u":"18,00 €/KG","img":"https://fd15-photos.leclercdrive.fr/image.ashx?id=2962959&use=l&cat=p&typeid=i","cat":287600},{"id":272129,"n":"Ravioli Paul & Louise Ricotta epinards - 300g","p":5.0,"u":"16,67 €/KG","img":"https://fd15-photos.leclercdrive.fr/image.ashx?id=2962962&use=l&cat=p&typeid=i","cat":287600},{"id":272132,"n":"Corned beef Dolo 200g","p":3.4,"u":"17,00 €/KG","img":"https://fd15-photos.leclercdrive.fr/image.ashx?id=3008641&use=l&cat=p&typeid=i","cat":305149},{"id":272145,"n":"Latté Kitkat Nescafé  273g","p":7.55,"u":"27,66 €/KG","img":"https://fd15-photos.leclercdrive.fr/image.ashx?id=2952178&use=l&cat=p&typeid=i","cat":284843},{"id":272146,"n":"Sauce Bechamel Rustica 500g","p":2.15,"u":"4,30 €/KG","img":"https://fd15-photos.leclercdrive.fr/image.ashx?id=2958765&use=l&cat=p&typeid=i","cat":318430},{"id":272256,"n":"Pains Burger Brioché Epi d'Or x4 - 250g","p":1.79,"u":"7,16 €/KG","img":"https://fd15-photos.leclercdrive.fr/image.ashx?id=2933613&use=l&cat=p&typeid=i","cat":325067},{"id":272705,"n":"Chips Tuiles Pringles Cream Cheese et Herbes-165g","p":3.45,"u":"20,91 €/KG","img":"https://fd15-photos.leclercdrive.fr/image.ashx?id=2941065&use=l&cat=p&typeid=i","cat":287899},{"id":272707,"n":"Chips Tuiles Pringles Hot Fried Chicken-160g","p":2.49,"u":"15,56 €/KG","img":"https://fd15-photos.leclercdrive.fr/image.ashx?id=2941068&use=l&cat=p&typeid=i","cat":287899},{"id":272919,"n":"Sauce pour CheeseBurger Amora - 250g","p":3.2,"u":"12,80 €/KG","img":"https://fd15-photos.leclercdrive.fr/image.ashx?id=2938962&use=l&cat=p&typeid=i","cat":318431},{"id":273425,"n":"Olives vertes Menguy's Herbes de provence - 170g","p":2.45,"u":"14,41 €/KG","img":"https://fd15-photos.leclercdrive.fr/image.ashx?id=2945526&use=l&cat=p&typeid=i","cat":284450},{"id":273427,"n":"Gel  WC Harpic Power Brise marine 75ml","p":3.1,"u":"41,33 €/L","img":"https://fd15-photos.leclercdrive.fr/image.ashx?id=2963487&use=l&cat=p&typeid=i","cat":284662},{"id":273444,"n":"Riz Taureau Ailé 2x500g","p":4.05,"u":"4,05 €/KG","img":"https://fd15-photos.leclercdrive.fr/image.ashx?id=2963745&use=l&cat=p&typeid=i","cat":284428},{"id":273540,"n":"Pur Jus Clémentine  Corse - 1L","p":4.65,"u":"4,65 €/L","img":"https://fd15-photos.leclercdrive.fr/image.ashx?id=2941315&use=l&cat=p&typeid=i","cat":284915},{"id":273585,"n":"Oignon rouge Eco+ 500g","p":0.99,"u":"1,98 €/KG","img":"https://fd15-photos.leclercdrive.fr/image.ashx?id=2942048&use=l&cat=p&typeid=i","cat":284352},{"id":273630,"n":"Oignon jaune tube filière Panier du Primeur x4","p":2.19,"u":"0,55 €/P","img":"https://fd15-photos.leclercdrive.fr/image.ashx?id=2942260&use=l&cat=p&typeid=i","cat":284352},{"id":273672,"n":"Minis saucissons Croc'sec Noisette Cochonou - 130g","p":3.89,"u":"29,92 €/KG","img":"https://fd15-photos.leclercdrive.fr/image.ashx?id=2948947&use=l&cat=p&typeid=i","cat":316006},{"id":273673,"n":"Minis saucissons Croc'sec nature Cochonou - 150g","p":5.5,"u":"36,67 €/KG","img":"https://fd15-photos.leclercdrive.fr/image.ashx?id=2942927&use=l&cat=p&typeid=i","cat":316006},{"id":273674,"n":"Minis saucissons Croc'sec Brie Cochonou - 130g","p":3.89,"u":"29,92 €/KG","img":"https://fd15-photos.leclercdrive.fr/image.ashx?id=2963181&use=l&cat=p&typeid=i","cat":316006},{"id":273675,"n":"Saucisse sèche Cochonou 250g","p":5.4,"u":"21,60 €/KG","img":"https://fd15-photos.leclercdrive.fr/image.ashx?id=2947021&use=l&cat=p&typeid=i","cat":316006},{"id":273729,"n":"Crêpes cola Whaou! Crazy x6 - 180g","p":3.15,"u":"17,50 €/KG","img":"https://fd15-photos.leclercdrive.fr/image.ashx?id=2962872&use=l&cat=p&typeid=i","cat":284494},{"id":273767,"n":"IGP Côte des Roses rouge léger Gérard Bertrand  - 75 cl","p":11.45,"u":"15,27 €/L","img":"https://fd15-photos.leclercdrive.fr/image.ashx?id=2949167&use=l&cat=p&typeid=i","cat":289558},{"id":273919,"n":"Gouter fourré Gullon Pack familial - 4x250g","p":7.4,"u":"7,40 €/KG","img":"https://fd15-photos.leclercdrive.fr/image.ashx?id=2947222&use=l&cat=p&typeid=i","cat":284488},{"id":273924,"n":"Pur jus de pomme bio Bio Village 90cl","p":2.44,"u":"2,71 €/L","img":"https://fd15-photos.leclercdrive.fr/image.ashx?id=3014311&use=l&cat=p&typeid=i","cat":284354},{"id":273931,"n":"Pur jus d'orange bio Bio Village 90cl","p":3.55,"u":"3,94 €/L","img":"https://fd15-photos.leclercdrive.fr/image.ashx?id=3003756&use=l&cat=p&typeid=i","cat":284354},{"id":274147,"n":"Couches Pampers Harmonie Taille 1 - x23","p":8.4,"img":"https://fd15-photos.leclercdrive.fr/image.ashx?id=2944446&use=l&cat=p&typeid=i","cat":284737},{"id":274347,"n":"Sauté de veau William Saurin Legumes - 280g","p":3.39,"u":"12,11 €/KG","img":"https://fd15-photos.leclercdrive.fr/image.ashx?id=2943984&use=l&cat=p&typeid=i","cat":284953},{"id":274348,"n":"Recettes terrine Lily's Kitchen 6x150g","p":11.85,"u":"13,17 €/KG","img":"https://fd15-photos.leclercdrive.fr/image.ashx?id=2944350&use=l&cat=p&typeid=i","cat":284673},{"id":274385,"n":"Friandises Lily's Kitchen au boeuf - 70g","p":4.85,"u":"69,29 €/KG","img":"https://fd15-photos.leclercdrive.fr/image.ashx?id=2944930&use=l&cat=p&typeid=i","cat":294527},{"id":274386,"n":"Friandises Lily's Kitchen au poulet - 70g","p":4.85,"u":"69,29 €/KG","img":"https://fd15-photos.leclercdrive.fr/image.ashx?id=2944933&use=l&cat=p&typeid=i","cat":294527},{"id":274410,"n":"Terrine Lily's Kitchen  Boeuf et légumes - 150g","p":2.15,"u":"14,33 €/KG","img":"https://fd15-photos.leclercdrive.fr/image.ashx?id=2944945&use=l&cat=p&typeid=i","cat":284673},{"id":274414,"n":"Terrine Lily's Kitchen Poulet, Dinde et légumes - 150g","p":2.15,"u":"14,33 €/KG","img":"https://fd15-photos.leclercdrive.fr/image.ashx?id=2944948&use=l&cat=p&typeid=i","cat":284673},{"id":274421,"n":"Compotes Pom'Potes Pomme  Poire Banane - x4 - 360g","p":2.85,"u":"7,92 €/KG","img":"https://fd15-photos.leclercdrive.fr/image.ashx?id=2949826&use=l&cat=p&typeid=i","cat":284508},{"id":274427,"n":"Compotes Pom'Potes Pomme Pêche  Pamplemousse - x4 - 360g","p":2.85,"u":"7,92 €/KG","img":"https://fd15-photos.leclercdrive.fr/image.ashx?id=3010918&use=l&cat=p&typeid=i","cat":284508},{"id":274530,"n":"Capsules lave-vaisselle Finish Ultimate - Citron - 735g x57","p":17.4,"u":"23,67 €/KG","img":"https://fd15-photos.leclercdrive.fr/image.ashx?id=2945649&use=l&cat=p&typeid=i","cat":284656},{"id":274531,"n":"Capsules lave-vaisselle Finish Ultimate Plus Bicarbonate 268g","p":9.35,"u":"34,89 €/KG","img":"https://fd15-photos.leclercdrive.fr/image.ashx?id=2945652&use=l&cat=p&typeid=i","cat":284656},{"id":274537,"n":"Recharges diffuseur électrique  Airwick - Duo coton - 38ml","p":8.75,"u":"230,26 €/L","img":"https://fd15-photos.leclercdrive.fr/image.ashx?id=2945637&use=l&cat=p&typeid=i","cat":311629},{"id":274538,"n":"Recharge diffuseur électrique Airwick - Vanille - 19ml","p":5.45,"u":"286,84 €/L","img":"https://fd15-photos.leclercdrive.fr/image.ashx?id=2945634&use=l&cat=p&typeid=i","cat":311629},{"id":274544,"n":"Recharge diffuseur électrique Airwick - Coton - 19ml","p":5.45,"u":"286,84 €/L","img":"https://fd15-photos.leclercdrive.fr/image.ashx?id=2945640&use=l&cat=p&typeid=i","cat":311629},{"id":274550,"n":"Recharge diffuseur électrique Airwick - Cerisier - 19ml","p":5.45,"u":"286,84 €/L","img":"https://fd15-photos.leclercdrive.fr/image.ashx?id=2945832&use=l&cat=p&typeid=i","cat":311629},{"id":274552,"n":"Recharge diffuseur électrique Airwick - Brume coton - 20ml","p":6.1,"u":"305,00 €/L","img":"https://fd15-photos.leclercdrive.fr/image.ashx?id=2945835&use=l&cat=p&typeid=i","cat":311629},{"id":274554,"n":"Yaourt à la Grecque Danone Citron - 4x110g","p":2.2,"u":"5,00 €/KG","img":"https://fd15-photos.leclercdrive.fr/image.ashx?id=2992744&use=l&cat=p&typeid=i","cat":314999},{"id":274837,"n":"Poêlée Colette Paysan Breton 750g","p":4.25,"u":"5,67 €/KG","img":"https://fd15-photos.leclercdrive.fr/image.ashx?id=2948084&use=l&cat=p&typeid=i","cat":319823},{"id":274967,"n":"Chips Monster Crazy Cheddar oignon - 150g","p":2.99,"u":"19,93 €/KG","img":"https://fd15-photos.leclercdrive.fr/image.ashx?id=2946559&use=l&cat=p&typeid=i","cat":284447},{"id":274977,"n":"Lingettes Carolin Multi-usages  x80","p":4.6,"u":"0,06 €/P","img":"https://fd15-photos.leclercdrive.fr/image.ashx?id=2946562&use=l&cat=p&typeid=i","cat":325358},{"id":275019,"n":"Pain Pinsa La Boulangère 230g","p":3.7,"u":"16,09 €/KG","img":"https://fd15-photos.leclercdrive.fr/image.ashx?id=2946607&use=l&cat=p&typeid=i","cat":284359},{"id":275214,"n":"Curry  pois chiches Cassegrain A l'indienne - 430g","p":3.2,"u":"7,44 €/KG","img":"https://fd15-photos.leclercdrive.fr/image.ashx?id=2952490&use=l&cat=p&typeid=i","cat":287599},{"id":275218,"n":"Chili de haricots Cassegrain A la mexicaine - 430g","p":3.2,"u":"7,44 €/KG","img":"https://fd15-photos.leclercdrive.fr/image.ashx?id=2962125&use=l&cat=p&typeid=i","cat":287599},{"id":275222,"n":"Trio de poivrons Cassegrain Sarrasin - 375g","p":4.85,"u":"12,93 €/KG","img":"https://fd15-photos.leclercdrive.fr/image.ashx?id=2953459&use=l&cat=p&typeid=i","cat":287599},{"id":275223,"n":"Miel de fleurs Lune de Miel Gelée royale - 230g","p":8.89,"u":"38,65 €/KG","img":"https://fd15-photos.leclercdrive.fr/image.ashx?id=2984877&use=l&cat=p&typeid=i","cat":287643},{"id":275224,"n":"Barre de céréales Lion 8x25g","p":3.89,"u":"19,45 €/KG","img":"https://fd15-photos.leclercdrive.fr/image.ashx?id=2947195&use=l&cat=p&typeid=i","cat":285869},{"id":275225,"n":"Barre de céréales Chocapic 8x25g","p":3.89,"u":"19,45 €/KG","img":"https://fd15-photos.leclercdrive.fr/image.ashx?id=2947198&use=l&cat=p&typeid=i","cat":285869},{"id":275238,"n":"Lingettes Carolin  Anti-bactériennes - x80","p":4.6,"u":"0,06 €/P","img":"https://fd15-photos.leclercdrive.fr/image.ashx?id=2946967&use=l&cat=p&typeid=i","cat":325358},{"id":275240,"n":"Lingettes Carolin Citron Ultra dégraissant - x80","p":4.6,"u":"0,06 €/P","img":"https://fd15-photos.leclercdrive.fr/image.ashx?id=2946976&use=l&cat=p&typeid=i","cat":325358},{"id":275248,"n":"Diffuseur électrique Airwick Fleur de cerisier - 19ml","p":11.6,"u":"610,53 €/L","img":"https://fd15-photos.leclercdrive.fr/image.ashx?id=2947063&use=l&cat=p&typeid=i","cat":311629},{"id":275249,"n":"Spray aérosol Airwick  Baies sauvages -250ml","p":6.2,"u":"24,80 €/L","img":"https://fd15-photos.leclercdrive.fr/image.ashx?id=2947066&use=l&cat=p&typeid=i","cat":311626},{"id":275355,"n":"Dentifrice Email diamant Double blancheur - 75ml","p":3.98,"u":"53,07 €/L","img":"https://fd15-photos.leclercdrive.fr/image.ashx?id=2948902&use=l&cat=p&typeid=i","cat":284612},{"id":275379,"n":"Masque nutrition Le Petit Marseillais - Intense - 370ml","p":10.89,"u":"29,43 €/L","img":"https://fd15-photos.leclercdrive.fr/image.ashx?id=2966439&use=l&cat=p&typeid=i","cat":284608},{"id":275398,"n":"Saucisse Knacki Herta Sel réduit - x6 - 210g","p":3.5,"u":"16,67 €/KG","img":"https://fd15-photos.leclercdrive.fr/image.ashx?id=2948824&use=l&cat=p&typeid=i","cat":316012},{"id":275494,"n":"Cocktail de fruits de mer Pom Bistro Sauce crustacés 400g","p":10.95,"u":"27,38 €/KG","img":"https://fd15-photos.leclercdrive.fr/image.ashx?id=2950426&use=l&cat=p&typeid=i","cat":319787},{"id":275513,"n":"Masque cheveux Le Petit Marseillais Nutrition 370ml","p":10.89,"u":"29,43 €/L","img":"https://fd15-photos.leclercdrive.fr/image.ashx?id=2977483&use=l&cat=p&typeid=i","cat":284608},{"id":275521,"n":"Masque Herbal essences Douceur - Rose - 500ml","p":10.4,"u":"20,80 €/L","img":"https://fd15-photos.leclercdrive.fr/image.ashx?id=2950870&use=l&cat=p&typeid=i","cat":284608},{"id":275604,"n":"Lingettes Demak'up Fraîcheur Peaux sensibles 3x25","p":29.14,"img":"https://fd15-photos.leclercdrive.fr/image.ashx?id=2949520&use=l&cat=p&typeid=i","cat":284603},{"id":275608,"n":"Dentifrice Sensodyne Sensibilité quotidienne 2x75ml","p":7.75,"u":"51,67 €/L","img":"https://fd15-photos.leclercdrive.fr/image.ashx?id=2949571&use=l&cat=p&typeid=i","cat":284612},{"id":275659,"n":"Soin visage Garnier BHA+ Niacinamide SPF50+ - 40ml","p":10.3,"u":"257,50 €/L","img":"https://fd15-photos.leclercdrive.fr/image.ashx?id=3000797&use=l&cat=p&typeid=i","cat":325345},{"id":275661,"n":"Soin visage Garnier Aloe vera Hyaluronique 250ml","p":8.89,"u":"35,56 €/L","img":"https://fd15-photos.leclercdrive.fr/image.ashx?id=2954244&use=l&cat=p&typeid=i","cat":325345},{"id":275675,"n":"Spray désinfectant Clair Multi-surfaces - 500ml","p":1.75,"u":"3,50 €/L","img":"https://fd15-photos.leclercdrive.fr/image.ashx?id=2949251&use=l&cat=p&typeid=i","cat":325357},{"id":275677,"n":"Crème après-piqûres Primoplast Apaisante - 40ml","p":2.95,"u":"73,75 €/L","img":"https://fd15-photos.leclercdrive.fr/image.ashx?id=2958356&use=l&cat=p&typeid=i","cat":284630},{"id":276183,"n":"Calendrier de l'avent   Mon Cheri - 252g","p":19.3,"u":"76,59 €/KG","img":"https://fd15-photos.leclercdrive.fr/image.ashx?id=2952118&use=l&cat=p&typeid=i","cat":336112},{"id":276188,"n":"Ferrero Collection Assortiment Promenade en ville - 197g","p":14.29,"u":"72,54 €/KG","img":"https://fd15-photos.leclercdrive.fr/image.ashx?id=2952058&use=l&cat=p&typeid=i","cat":327595},{"id":276190,"n":"Chocolats Ferrero Prestige  319g","p":12.75,"u":"39,97 €/KG","img":"https://fd15-photos.leclercdrive.fr/image.ashx?id=2961287&use=l&cat=p&typeid=i","cat":284499},{"id":276201,"n":"Kinder chocolat  150g","p":2.35,"u":"15,67 €/KG","img":"https://fd15-photos.leclercdrive.fr/image.ashx?id=2952079&use=l&cat=p&typeid=i","cat":327592},{"id":276208,"n":"Kinder Balls  Eclats de Noisettes - 164g","p":6.55,"u":"39,94 €/KG","img":"https://fd15-photos.leclercdrive.fr/image.ashx?id=2952088&use=l&cat=p&typeid=i","cat":327592},{"id":276209,"n":"Kinder Balls  Eclats de Bsicuits cacao - 164g","p":6.55,"u":"39,94 €/KG","img":"https://fd15-photos.leclercdrive.fr/image.ashx?id=2952091&use=l&cat=p&typeid=i","cat":327592},{"id":276210,"n":"Kinder Schokobons  200g","p":5.19,"u":"25,95 €/KG","img":"https://fd15-photos.leclercdrive.fr/image.ashx?id=2952911&use=l&cat=p&typeid=i","cat":327592},{"id":276212,"n":"Kinder happy moments  Ballotin - 184g","p":6.89,"u":"37,45 €/KG","img":"https://fd15-photos.leclercdrive.fr/image.ashx?id=2952046&use=l&cat=p&typeid=i","cat":327592},{"id":276215,"n":"Tasse céramique Stitch 34g","p":6.95,"u":"204,41 €/KG","img":"https://fd15-photos.leclercdrive.fr/image.ashx?id=2952124&use=l&cat=p&typeid=i","cat":327789},{"id":276216,"n":"Tasse céramique Sonic 34g","p":6.95,"u":"204,41 €/KG","img":"https://fd15-photos.leclercdrive.fr/image.ashx?id=2952127&use=l&cat=p&typeid=i","cat":327789},{"id":276217,"n":"Coffret Animaux Merveilleux 140g","p":12.95,"u":"92,50 €/KG","img":"https://fd15-photos.leclercdrive.fr/image.ashx?id=2951971&use=l&cat=p&typeid=i","cat":327595},{"id":276218,"n":"Papillotes Equador chocolat  au lait fourrage praliné - 350g","p":11.9,"u":"34,00 €/KG","img":"https://fd15-photos.leclercdrive.fr/image.ashx?id=2951155&use=l&cat=p&typeid=i","cat":327597},{"id":276219,"n":"Papillotes Equador chocolat  Noir - 350g","p":11.9,"u":"34,00 €/KG","img":"https://fd15-photos.leclercdrive.fr/image.ashx?id=2951158&use=l&cat=p&typeid=i","cat":327597},{"id":276220,"n":"Papillotes Equador chocolat  Blanc et au lait - 350g","p":11.9,"u":"34,00 €/KG","img":"https://fd15-photos.leclercdrive.fr/image.ashx?id=2951161&use=l&cat=p&typeid=i","cat":327597},{"id":276284,"n":"Cookie Delacre Caramel beurre salé - 136g","p":3.8,"u":"27,94 €/KG","img":"https://fd15-photos.leclercdrive.fr/image.ashx?id=2952520&use=l&cat=p&typeid=i","cat":284488},{"id":276345,"n":"Pralines The Belgian Framboises - 200g","p":9.9,"pp":7.92,"u":"39,60 €/KG","img":"https://fd15-photos.leclercdrive.fr/image.ashx?id=2952845&use=l&cat=p&typeid=i","cat":284499},{"id":276365,"n":"Tuiles lait Hamlet Lait - 150g","p":6.95,"u":"46,33 €/KG","img":"https://fd15-photos.leclercdrive.fr/image.ashx?id=2953386&use=l&cat=p&typeid=i","cat":327600},{"id":276366,"n":"Tuiles noir Hamlet Noir -150g","p":6.95,"u":"46,33 €/KG","img":"https://fd15-photos.leclercdrive.fr/image.ashx?id=2952811&use=l&cat=p&typeid=i","cat":327600},{"id":276367,"n":"Tuiles lait caramel salé Hamlet Lait caramel -150g","p":6.95,"u":"46,33 €/KG","img":"https://fd15-photos.leclercdrive.fr/image.ashx?id=2952814&use=l&cat=p&typeid=i","cat":327600},{"id":276372,"n":"Nougat amandes bio Chabert & Guillot - 120g","p":5.69,"u":"47,42 €/KG","img":"https://fd15-photos.leclercdrive.fr/image.ashx?id=2952499&use=l&cat=p&typeid=i","cat":327605},{"id":276381,"n":"Pièces en chocolat Fizzy 80g","p":2.5,"u":"31,25 €/KG","img":"https://fd15-photos.leclercdrive.fr/image.ashx?id=2952676&use=l&cat=p&typeid=i","cat":327592},{"id":276383,"n":"Cône surprise Fizzy Paw Patrol - 30g","p":5.34,"u":"178,00 €/KG","img":"https://fd15-photos.leclercdrive.fr/image.ashx?id=2952667&use=l&cat=p&typeid=i","cat":327789},{"id":276387,"n":"Sachet chocolat mr et mme Fizzy Chocolat céréales - 150g","p":5.5,"u":"36,67 €/KG","img":"https://fd15-photos.leclercdrive.fr/image.ashx?id=2952673&use=l&cat=p&typeid=i","cat":327592},{"id":276390,"n":"Boite gold liqueurs Abtey Chocolat noir liqueur - 200g","p":10.95,"u":"54,75 €/KG","img":"https://fd15-photos.leclercdrive.fr/image.ashx?id=2952538&use=l&cat=p&typeid=i","cat":327601},{"id":276391,"n":"Ballotin gold liqueurs Abtey Chocolat noir liqueur -140g","p":6.55,"u":"46,79 €/KG","img":"https://fd15-photos.leclercdrive.fr/image.ashx?id=2952529&use=l&cat=p&typeid=i","cat":327601},{"id":276393,"n":"Ballotin black liqueurs Abtey Chocolat noir liqueur - 140g","p":6.55,"u":"46,79 €/KG","img":"https://fd15-photos.leclercdrive.fr/image.ashx?id=2952523&use=l&cat=p&typeid=i","cat":327601},{"id":276394,"n":"Boite ruby liqueurs Abtey Chocolat noir liqueur - 200g","p":10.95,"u":"54,75 €/KG","img":"https://fd15-photos.leclercdrive.fr/image.ashx?id=2952535&use=l&cat=p&typeid=i","cat":327601},{"id":276395,"n":"Ballotin ruby liqueurs Abtey Chocolat noir liqueur -140g","p":6.55,"u":"46,79 €/KG","img":"https://fd15-photos.leclercdrive.fr/image.ashx?id=2952526&use=l&cat=p&typeid=i","cat":327601},{"id":276396,"n":"Casier l'original Abtey Chocolat noir liqueur x9 - 81g","p":4.25,"u":"52,47 €/KG","img":"https://fd15-photos.leclercdrive.fr/image.ashx?id=2969878&use=l&cat=p&typeid=i","cat":327601},{"id":276397,"n":"Sachet pn et rennes Riegelein moulage chocolat lait - 132g","p":5.55,"u":"42,05 €/KG","img":"https://fd15-photos.leclercdrive.fr/image.ashx?id=2952763&use=l&cat=p&typeid=i","cat":327592},{"id":276402,"n":"Sachet déco sapin Riegelein moulage chocolat lait -150g","p":5.2,"u":"34,67 €/KG","img":"https://fd15-photos.leclercdrive.fr/image.ashx?id=2952766&use=l&cat=p&typeid=i","cat":327592},{"id":276407,"n":"Sachet noel Riegelein confiserie de cacao - 250g","p":3.39,"u":"16,54 €/KG","img":"https://fd15-photos.leclercdrive.fr/image.ashx?id=2952787&use=l&cat=p&typeid=i","cat":327592},{"id":276429,"n":"Coffret chocolats Anthon Berg à la liqueur - x14 - 219g","p":12.79,"u":"58,40 €/KG","img":"https://fd15-photos.leclercdrive.fr/image.ashx?id=2980728&use=l&cat=p&typeid=i","cat":327601},{"id":276430,"n":"Coffret chocolats Anthon Berg liqueur cocktail - x14 - 219g","p":12.79,"u":"58,40 €/KG","img":"https://fd15-photos.leclercdrive.fr/image.ashx?id=2980731&use=l&cat=p&typeid=i","cat":327601},{"id":276437,"n":"Coffret chocolats Révillon Noir 70% - 232g","p":12.99,"u":"55,99 €/KG","img":"https://fd15-photos.leclercdrive.fr/image.ashx?id=2980701&use=l&cat=p&typeid=i","cat":327595},{"id":276438,"n":"Coffret chocolats Révillon Lait - 230g","p":12.99,"u":"56,48 €/KG","img":"https://fd15-photos.leclercdrive.fr/image.ashx?id=2980695&use=l&cat=p&typeid=i","cat":284499},{"id":276439,"n":"Coffret chocolats Révillon Noir Lait Blanc - 233g","p":12.99,"u":"55,75 €/KG","img":"https://fd15-photos.leclercdrive.fr/image.ashx?id=2980698&use=l&cat=p&typeid=i","cat":284499},{"id":276443,"n":"3 œufs surprises Sonic 60g","p":3.25,"u":"54,17 €/KG","img":"https://fd15-photos.leclercdrive.fr/image.ashx?id=2952974&use=l&cat=p&typeid=i","cat":327789},{"id":276444,"n":"Terrys ball chocolat  Lait - 145g","p":4.5,"u":"31,03 €/KG","img":"https://fd15-photos.leclercdrive.fr/image.ashx?id=2952712&use=l&cat=p&typeid=i","cat":327592},{"id":276445,"n":"Terrys ball chocolat  Orange - 145g","p":4.5,"u":"31,03 €/KG","img":"https://fd15-photos.leclercdrive.fr/image.ashx?id=2952715&use=l&cat=p&typeid=i","cat":327592},{"id":276446,"n":"Papillote Chocolaterie du Forez Praline - 420g","p":9.4,"u":"22,38 €/KG","img":"https://fd15-photos.leclercdrive.fr/image.ashx?id=2980686&use=l&cat=p&typeid=i","cat":327597},{"id":276448,"n":"Lanvin Escargots Ballotin  Lait -164g","p":7.05,"u":"42,99 €/KG","img":"https://fd15-photos.leclercdrive.fr/image.ashx?id=2987014&use=l&cat=p&typeid=i","cat":327595},{"id":276449,"n":"Lanvin Escargots Ballotin  Noir - 164g","p":7.05,"u":"42,99 €/KG","img":"https://fd15-photos.leclercdrive.fr/image.ashx?id=2987017&use=l&cat=p&typeid=i","cat":327595},{"id":276450,"n":"Lanvin Escargots Ballotin  Blanc -164g","p":7.05,"u":"42,99 €/KG","img":"https://fd15-photos.leclercdrive.fr/image.ashx?id=2953016&use=l&cat=p&typeid=i","cat":327595},{"id":276451,"n":"Lanvin Escargots Ballotin  Lait caramel -164g","p":7.05,"u":"42,99 €/KG","img":"https://fd15-photos.leclercdrive.fr/image.ashx?id=2987011&use=l&cat=p&typeid=i","cat":327595},{"id":276452,"n":"Lanvin Escargots Ballotin  Lait amandes -164g","p":7.05,"u":"42,99 €/KG","img":"https://fd15-photos.leclercdrive.fr/image.ashx?id=2987008&use=l&cat=p&typeid=i","cat":327595},{"id":276453,"n":"Lanvin Escargots Ballotin  Noir café -164 g","p":7.05,"u":"42,99 €/KG","img":"https://fd15-photos.leclercdrive.fr/image.ashx?id=2965322&use=l&cat=p&typeid=i","cat":327595},{"id":276454,"n":"Les Recettes de l'Atelier   Assortiment Lait - 191g","p":8.89,"u":"46,54 €/KG","img":"https://fd15-photos.leclercdrive.fr/image.ashx?id=2964168&use=l&cat=p&typeid=i","cat":327595},{"id":276457,"n":"Les Recettes de l'Atelier   collector - 406g","p":15.05,"img":"https://fd15-photos.leclercdrive.fr/image.ashx?id=2953025&use=l&cat=p&typeid=i","cat":327595},{"id":276459,"n":"Chocolat Nestlé  Lait et noir - 198g","p":8.59,"u":"43,38 €/KG","img":"https://fd15-photos.leclercdrive.fr/image.ashx?id=2952998&use=l&cat=p&typeid=i","cat":327595},{"id":276460,"n":"Nestlé la Boite Rouge 398 g","p":15.78,"u":"39,65 €/KG","img":"https://fd15-photos.leclercdrive.fr/image.ashx?id=2953001&use=l&cat=p&typeid=i","cat":327595},{"id":276461,"n":"Nestlé la Boite Rouge Saveurs de Noel - 385g","p":13.42,"u":"34,86 €/KG","img":"https://fd15-photos.leclercdrive.fr/image.ashx?id=2952995&use=l&cat=p&typeid=i","cat":327595},{"id":276463,"n":"Nestlé dessert truffes Lait - 250g","p":8.69,"u":"34,76 €/KG","img":"https://fd15-photos.leclercdrive.fr/image.ashx?id=2953046&use=l&cat=p&typeid=i","cat":327600},{"id":276464,"n":"Nestlé dessert truffes Noir 70 % - 250g","p":8.69,"u":"34,76 €/KG","img":"https://fd15-photos.leclercdrive.fr/image.ashx?id=2953043&use=l&cat=p&typeid=i","cat":327600},{"id":276466,"n":"Les Recettes de l'Atelier Bouchées duo praliné - 266g","p":10.59,"u":"39,81 €/KG","img":"https://fd15-photos.leclercdrive.fr/image.ashx?id=2953052&use=l&cat=p&typeid=i","cat":284499},{"id":276467,"n":"After eight coffret Citron - 400g","p":8.29,"u":"20,73 €/KG","img":"https://fd15-photos.leclercdrive.fr/image.ashx?id=2953037&use=l&cat=p&typeid=i","cat":327595},{"id":276472,"n":"Cerises Jacquot 225g","p":6.55,"u":"29,11 €/KG","img":"https://fd15-photos.leclercdrive.fr/image.ashx?id=2980722&use=l&cat=p&typeid=i","cat":327601},{"id":276474,"n":"Assortiment variété Jacquot 250g","p":4.95,"u":"19,80 €/KG","img":"https://fd15-photos.leclercdrive.fr/image.ashx?id=2980710&use=l&cat=p&typeid=i","cat":327592},{"id":276475,"n":"Assortiment variété Jacquot 400g","p":7.8,"u":"19,50 €/KG","img":"https://fd15-photos.leclercdrive.fr/image.ashx?id=2980707&use=l&cat=p&typeid=i","cat":327592},{"id":276559,"n":"Assaisonnement champignons Knorr - 10 cubes  100g","p":1.79,"pp":1.43,"u":"14,30 €/KG","img":"https://fd15-photos.leclercdrive.fr/image.ashx?id=2954004&use=l&cat=p&typeid=i","cat":288379},{"id":276561,"n":"Petit pot de crème Délisse Chocolat saveur noisette 4x100g","p":3.69,"u":"9,23 €/KG","img":"https://fd15-photos.leclercdrive.fr/image.ashx?id=2952406&use=l&cat=p&typeid=i","cat":285041},{"id":276564,"n":"Mousse au chocolat coco Végé 100% végétal 4x55g","p":3.75,"u":"17,05 €/KG","img":"https://fd15-photos.leclercdrive.fr/image.ashx?id=2988942&use=l&cat=p&typeid=i","cat":316071},{"id":276565,"n":"Dessert de fruits pomme  Douceur du Verger 4x100g","p":1.6,"u":"4,00 €/KG","img":"https://fd15-photos.leclercdrive.fr/image.ashx?id=2961707&use=l&cat=p&typeid=i","cat":284416},{"id":276580,"n":"Brassé végétal Végé Fraise coco 4x100g","p":2.65,"u":"6,63 €/KG","img":"https://fd15-photos.leclercdrive.fr/image.ashx?id=2954911&use=l&cat=p&typeid=i","cat":316071},{"id":276939,"n":"Vinaigrette légère Puget Moutarde ancienne  Miel - 330ml","p":2.59,"u":"7,85 €/L","img":"https://fd15-photos.leclercdrive.fr/image.ashx?id=2954220&use=l&cat=p&typeid=i","cat":284456},{"id":277089,"n":"Gel douche Tahiti Bois de santal - 250ml","p":2.64,"u":"10,56 €/L","img":"https://fd15-photos.leclercdrive.fr/image.ashx?id=2955869&use=l&cat=p&typeid=i","cat":284594},{"id":277161,"n":"Bâtonnets Côté chocolat au lait Noisettes - x4 - 260g","p":5.99,"u":"23,04 €/KG","img":"https://fd15-photos.leclercdrive.fr/image.ashx?id=2962665&use=l&cat=p&typeid=i","cat":284265},{"id":277204,"n":"Eau de source Chanflor Naturelle de montagne - 8L","p":4.89,"u":"0,61 €/L","img":"https://fd15-photos.leclercdrive.fr/image.ashx?id=2199803&use=l&cat=p&typeid=i","cat":284535},{"id":277363,"n":"AOC Languedoc Grés de Montpellier - Rouge - 75cl","p":15.5,"u":"20,67 €/L","img":"https://fd15-photos.leclercdrive.fr/image.ashx?id=2955459&use=l&cat=p&typeid=i","cat":289556},{"id":277368,"n":"AOP Crozes hermitage Perle de Schistes - Rouge 75cl","p":18.35,"u":"24,47 €/L","img":"https://fd15-photos.leclercdrive.fr/image.ashx?id=2957248&use=l&cat=p&typeid=i","cat":289556},{"id":277369,"n":"AOC Jurançon Piou de Yura HVE - Blanc sec - 75cl","p":8.74,"u":"11,65 €/L","img":"https://fd15-photos.leclercdrive.fr/image.ashx?id=2955462&use=l&cat=p&typeid=i","cat":289557},{"id":277383,"n":"Mini packs Céréales P'tit Déli x8 - 250g","p":2.99,"u":"11,96 €/KG","img":"https://fd15-photos.leclercdrive.fr/image.ashx?id=2955276&use=l&cat=p&typeid=i","cat":309513},{"id":277473,"n":"Kéfir Yaourt Activia Fraise, framboise - 2x150g","p":1.25,"u":"4,17 €/KG","img":"https://fd15-photos.leclercdrive.fr/image.ashx?id=2972388&use=l&cat=p&typeid=i","cat":315000},{"id":277615,"n":"Yaourt à boire Yop  Pinacolada - 250g","p":1.21,"u":"4,84 €/KG","img":"https://fd15-photos.leclercdrive.fr/image.ashx?id=2199518&use=l&cat=p&typeid=i","cat":284415},{"id":277616,"n":"Yaourt à boire Yop  Fruits céréales - 250g","p":1.35,"u":"5,40 €/KG","img":"https://fd15-photos.leclercdrive.fr/image.ashx?id=2199512&use=l&cat=p&typeid=i","cat":284415},{"id":277617,"n":"Fromage blanc nature Calin 4,5%MG - 500g","p":3.05,"u":"6,10 €/KG","img":"https://fd15-photos.leclercdrive.fr/image.ashx?id=2199548&use=l&cat=p&typeid=i","cat":284409},{"id":277618,"n":"Fromage blanc nature Calin  0%MG - 500g","p":3.05,"u":"6,10 €/KG","img":"https://fd15-photos.leclercdrive.fr/image.ashx?id=2199539&use=l&cat=p&typeid=i","cat":284409},{"id":277704,"n":"AOP Saint-Chinian L'élégance de Schiste - Rouge - 75cl","p":11.15,"u":"14,87 €/L","img":"https://fd15-photos.leclercdrive.fr/image.ashx?id=2957074&use=l&cat=p&typeid=i","cat":289556},{"id":277847,"n":"Camembert Pops creamy Pickers Pickers by McCain - 230g","p":4.85,"u":"21,09 €/KG","img":"https://fd15-photos.leclercdrive.fr/image.ashx?id=2988731&use=l&cat=p&typeid=i","cat":319774},{"id":277848,"n":"Kiwi vert Eco+ Barquette 750g","p":4.99,"u":"6,65 €/KG","img":"https://fd15-photos.leclercdrive.fr/image.ashx?id=2957614&use=l&cat=p&typeid=i","cat":284356},{"id":278034,"n":"Agrafeuse Esquisse Gris - +400 agrafes n°10","p":1.79,"img":"https://fd15-photos.leclercdrive.fr/image.ashx?id=2958065&use=l&cat=p&typeid=i","cat":334133},{"id":278063,"n":"AOP Côtes du Rhone Villages Sainte-Cécile - Rouge - 75cl","p":10.89,"u":"14,52 €/L","img":"https://fd15-photos.leclercdrive.fr/image.ashx?id=2958155&use=l&cat=p&typeid=i","cat":289556},{"id":278065,"n":"AOP Fauvette Côtes de Provence Rosé - 75cl","p":10.65,"u":"14,20 €/L","img":"https://fd15-photos.leclercdrive.fr/image.ashx?id=2958167&use=l&cat=p&typeid=i","cat":289556},{"id":278070,"n":"IGP Côtes Catalanes Les Vignes Du vent - Blanc - 75cl","p":8.89,"u":"11,85 €/L","img":"https://fd15-photos.leclercdrive.fr/image.ashx?id=2958092&use=l&cat=p&typeid=i","cat":289557},{"id":278077,"n":"IGP Côtes Catalanes Les Vignes  Du Vent - Rosé - 75cl","p":8.89,"u":"11,85 €/L","img":"https://fd15-photos.leclercdrive.fr/image.ashx?id=2958095&use=l&cat=p&typeid=i","cat":289558},{"id":278242,"n":"Shampooing Vitanove Hydratant - 250ml","p":1.89,"u":"7,56 €/L","img":"https://fd15-photos.leclercdrive.fr/image.ashx?id=2958792&use=l&cat=p&typeid=i","cat":284606},{"id":278243,"n":"Shampooing Vitanove Cheveux longs - 250ml","p":1.99,"u":"7,96 €/L","img":"https://fd15-photos.leclercdrive.fr/image.ashx?id=2958795&use=l&cat=p&typeid=i","cat":284606},{"id":278244,"n":"Après-shampooing Vitanove Hydratant - 200ml","p":1.84,"u":"9,20 €/L","img":"https://fd15-photos.leclercdrive.fr/image.ashx?id=2958798&use=l&cat=p&typeid=i","cat":284607},{"id":278246,"n":"Après-shampooing Vitanove Cheveux longs - 200ml","p":1.99,"u":"9,95 €/L","img":"https://fd15-photos.leclercdrive.fr/image.ashx?id=2958801&use=l&cat=p&typeid=i","cat":284607},{"id":278271,"n":"Désodorisant Bien Air Escapade forêt - 250ml","p":2.95,"u":"11,80 €/L","img":"https://fd15-photos.leclercdrive.fr/image.ashx?id=2958804&use=l&cat=p&typeid=i","cat":311626},{"id":278375,"n":"AOP Sablé de Camargue Rives & Terrasses - Rosé Bio - 75cl","p":5.89,"u":"7,85 €/L","img":"https://fd15-photos.leclercdrive.fr/image.ashx?id=2959266&use=l&cat=p&typeid=i","cat":289558},{"id":278569,"n":"Échalions Panier du Primeur Filière - Filet 500g","p":2.19,"u":"4,38 €/KG","img":"https://fd15-photos.leclercdrive.fr/image.ashx?id=2960330&use=l&cat=p&typeid=i","cat":284352},{"id":278726,"n":"Saucisses charcutières Herta L'Originale x4 - 280g","p":3.69,"u":"13,18 €/KG","img":"https://fd15-photos.leclercdrive.fr/image.ashx?id=2965010&use=l&cat=p&typeid=i","cat":316012},{"id":278972,"n":"Crème épaisse St Hubert 15%MG 190g","p":1.75,"u":"9,21 €/KG","img":"https://fd15-photos.leclercdrive.fr/image.ashx?id=2975972&use=l&cat=p&typeid=i","cat":284381},{"id":278975,"n":"Crème épaisse St Hubert 30%MG 190g","p":1.95,"u":"10,26 €/KG","img":"https://fd15-photos.leclercdrive.fr/image.ashx?id=2975975&use=l&cat=p&typeid=i","cat":284381},{"id":278976,"n":"Crème épaisse St Hubert 15%MG 450g","p":2.95,"u":"6,56 €/KG","img":"https://fd15-photos.leclercdrive.fr/image.ashx?id=2967169&use=l&cat=p&typeid=i","cat":284381},{"id":278978,"n":"Crème épaisse St Hubert 30%MG 450g","p":2.95,"u":"6,56 €/KG","img":"https://fd15-photos.leclercdrive.fr/image.ashx?id=2967172&use=l&cat=p&typeid=i","cat":284381},{"id":278980,"n":"Jus Montebelo Ananas orange citron - 1L","p":3.69,"u":"3,69 €/L","img":"https://fd15-photos.leclercdrive.fr/image.ashx?id=2971724&use=l&cat=p&typeid=i","cat":284354},{"id":278982,"n":"Jus Montebelo orange goyave ananas citron - 1L","p":3.69,"u":"3,69 €/L","img":"https://fd15-photos.leclercdrive.fr/image.ashx?id=2971721&use=l&cat=p&typeid=i","cat":284354},{"id":279003,"n":"Apéri'chaud Richesmonts 140g","p":3.5,"u":"25,00 €/KG","img":"https://fd15-photos.leclercdrive.fr/image.ashx?id=2990484&use=l&cat=p&typeid=i","cat":314027},{"id":279028,"n":"Sauce fromagère Saint-Agur 150g","p":2.99,"u":"19,93 €/KG","img":"https://fd15-photos.leclercdrive.fr/image.ashx?id=2968556&use=l&cat=p&typeid=i","cat":284382},{"id":279259,"n":"Sauce chinoise Amora 280g","p":3.45,"u":"12,32 €/KG","img":"https://fd15-photos.leclercdrive.fr/image.ashx?id=2968589&use=l&cat=p&typeid=i","cat":318431},{"id":279365,"n":"Yaourt à boire Yop Ananas - 250g","p":1.21,"u":"4,84 €/KG","img":"https://fd15-photos.leclercdrive.fr/image.ashx?id=2201579&use=l&cat=p&typeid=i","cat":284415},{"id":279367,"n":"Fromage blanc Calin  Pruneaux 0%mg - 500g","p":3.4,"u":"6,80 €/KG","img":"https://fd15-photos.leclercdrive.fr/image.ashx?id=2199545&use=l&cat=p&typeid=i","cat":284409},{"id":279518,"n":"Sauce originale Dame besson 320g","p":2.9,"u":"9,06 €/KG","img":"https://fd15-photos.leclercdrive.fr/image.ashx?id=2986750&use=l&cat=p&typeid=i","cat":318430},{"id":279597,"n":"Rouleau papier cadeau Esquisse Happy birthday Rose - 2mx0,7m","p":1.15,"img":"https://fd15-photos.leclercdrive.fr/image.ashx?id=2968643&use=l&cat=p&typeid=i","cat":335914},{"id":279599,"n":"Rouleau papier cadeau Esquisse Carreaux violet fuschia 2mx0,7m","p":1.15,"img":"https://fd15-photos.leclercdrive.fr/image.ashx?id=2968646&use=l&cat=p&typeid=i","cat":335914},{"id":279666,"n":"Boisson au soja Alpro Myrtille - 500g","p":2.55,"u":"5,10 €/KG","img":"https://fd15-photos.leclercdrive.fr/image.ashx?id=2976062&use=l&cat=p&typeid=i","cat":316071},{"id":279680,"n":"Spaghetti carbonara Panzani 800g","p":4.39,"u":"5,49 €/KG","img":"https://fd15-photos.leclercdrive.fr/image.ashx?id=2970957&use=l&cat=p&typeid=i","cat":284442},{"id":279682,"n":"Macaroni tomate Panzani 800g","p":4.39,"u":"5,49 €/KG","img":"https://fd15-photos.leclercdrive.fr/image.ashx?id=2970960&use=l&cat=p&typeid=i","cat":284442},{"id":279683,"n":"Barre de céréales Nesquick 8x25g","p":3.89,"u":"19,45 €/KG","img":"https://fd15-photos.leclercdrive.fr/image.ashx?id=2971350&use=l&cat=p&typeid=i","cat":300032},{"id":280025,"n":"Recharge gel lavant mains Le Petit Marseillais Olive 500ml","p":3.85,"u":"7,70 €/L","img":"https://fd15-photos.leclercdrive.fr/image.ashx?id=2985336&use=l&cat=p&typeid=i","cat":284597},{"id":280049,"n":"Barre Enrobage Blanc KitKat x4 barres - 166g","p":3.4,"u":"20,48 €/KG","img":"https://fd15-photos.leclercdrive.fr/image.ashx?id=2997196&use=l&cat=p&typeid=i","cat":284498},{"id":280065,"n":"Rouleau papier cadeau Esquisse Christmas Fond blanc - 5mx0,7m","p":1.79,"img":"https://fd15-photos.leclercdrive.fr/image.ashx?id=2971524&use=l&cat=p&typeid=i","cat":335914},{"id":280066,"n":"Rouleau papier cadeau Esquisse Noël Fond rouge - 5mx0,7m","p":1.79,"img":"https://fd15-photos.leclercdrive.fr/image.ashx?id=2971527&use=l&cat=p&typeid=i","cat":335914},{"id":280067,"n":"Rouleau papier cadeau Esquisse Musique Fond vert eau - 5mx0,7m","p":1.79,"img":"https://fd15-photos.leclercdrive.fr/image.ashx?id=2971530&use=l&cat=p&typeid=i","cat":335914},{"id":280075,"n":"Cacahuètes grillées Menguy's 450g + 231g offerts","p":4.29,"u":"6,30 €/KG","img":"https://fd15-photos.leclercdrive.fr/image.ashx?id=2972020&use=l&cat=p&typeid=i","cat":284448},{"id":280076,"n":"Cacahuètes grillées à sec  Menguy's 450g + 231g offerts","p":4.44,"u":"6,52 €/KG","img":"https://fd15-photos.leclercdrive.fr/image.ashx?id=2972023&use=l&cat=p&typeid=i","cat":284448},{"id":280262,"n":"Madeleines Ler Cadélac Pépites de chocolat x24 - 594g","p":2.99,"u":"5,03 €/KG","img":"https://fd15-photos.leclercdrive.fr/image.ashx?id=2973018&use=l&cat=p&typeid=i","cat":284492},{"id":280264,"n":"Nouilles Banzai noodle  Crevette - 67g","p":1.75,"u":"26,12 €/KG","img":"https://fd15-photos.leclercdrive.fr/image.ashx?id=2972856&use=l&cat=p&typeid=i","cat":284953},{"id":280419,"n":"Dessert lacté Fraise Blédina dès 6 mois - 4x95g","p":3.35,"u":"8,82 €/KG","img":"https://fd15-photos.leclercdrive.fr/image.ashx?id=2972871&use=l&cat=p&typeid=i","cat":312392},{"id":280420,"n":"Dessert lacté Blédina Vanille dès 6 mois - 4x95g","p":3.35,"u":"8,82 €/KG","img":"https://fd15-photos.leclercdrive.fr/image.ashx?id=2972874&use=l&cat=p&typeid=i","cat":312392},{"id":280425,"n":"Dessert lacté Blédina Mangue Pêche dès 6 mois - 4x95g","p":3.35,"u":"8,82 €/KG","img":"https://fd15-photos.leclercdrive.fr/image.ashx?id=2972877&use=l&cat=p&typeid=i","cat":312392},{"id":280480,"n":"Tortilla Old El Paso Nachips BBQ - 185g","p":3.4,"u":"18,38 €/KG","img":"https://fd15-photos.leclercdrive.fr/image.ashx?id=2974051&use=l&cat=p&typeid=i","cat":288993},{"id":280488,"n":"Girasoli Lustucru  Extra raclette 250g","p":3.99,"u":"15,96 €/KG","img":"https://fd15-photos.leclercdrive.fr/image.ashx?id=2973640&use=l&cat=p&typeid=i","cat":333682},{"id":280490,"n":"Sablé P'tit Déli Café - 120g","p":2.89,"u":"24,08 €/KG","img":"https://fd15-photos.leclercdrive.fr/image.ashx?id=2972835&use=l&cat=p&typeid=i","cat":284487},{"id":280491,"n":"Girasoli Lustucru Extra fromage jambon 250g","p":3.99,"u":"15,96 €/KG","img":"https://fd15-photos.leclercdrive.fr/image.ashx?id=2973643&use=l&cat=p&typeid=i","cat":333682},{"id":280610,"n":"Lait corps Nivea Repair & care - 250ml","p":6.25,"u":"25,00 €/L","img":"https://fd15-photos.leclercdrive.fr/image.ashx?id=2974435&use=l&cat=p&typeid=i","cat":325349},{"id":280611,"n":"Lait corps Nivea Hydratant - Peaux sèches 250ml","p":5.8,"u":"23,20 €/L","img":"https://fd15-photos.leclercdrive.fr/image.ashx?id=2974438&use=l&cat=p&typeid=i","cat":325349},{"id":280613,"n":"Lait corps fermeté Nivea Hydratant Q10 +Vitamine C 400ml","p":9.2,"u":"23,00 €/L","img":"https://fd15-photos.leclercdrive.fr/image.ashx?id=2974432&use=l&cat=p&typeid=i","cat":325349},{"id":280674,"n":"Dessert Nestlé Lait eclats d'amandes - 170g","p":4.3,"u":"25,29 €/KG","img":"https://fd15-photos.leclercdrive.fr/image.ashx?id=2974453&use=l&cat=p&typeid=i","cat":284497},{"id":280693,"n":"Miel de fleurs lune de Miel Cremeux gelée royale - 230g","p":8.89,"u":"38,65 €/KG","img":"https://fd15-photos.leclercdrive.fr/image.ashx?id=2984880&use=l&cat=p&typeid=i","cat":287643},{"id":280701,"n":"Tetines acides Copains copines 200g","p":1.59,"u":"7,95 €/KG","img":"https://fd15-photos.leclercdrive.fr/image.ashx?id=2974152&use=l&cat=p&typeid=i","cat":304250},{"id":280777,"n":"Préparation Banana Bread Vahiné 300g","p":4.45,"u":"14,83 €/KG","img":"https://fd15-photos.leclercdrive.fr/image.ashx?id=2975873&use=l&cat=p&typeid=i","cat":284505},{"id":280871,"n":"Croquettes croq & tendre Fido Poulet - 7kg","p":29.9,"u":"4,27 €/KG","img":"https://fd15-photos.leclercdrive.fr/image.ashx?id=2976146&use=l&cat=p&typeid=i","cat":284680},{"id":280872,"n":"Sauce salade Lesieur  Moutarde à l'ancienne - 500ml","p":2.39,"u":"4,78 €/L","img":"https://fd15-photos.leclercdrive.fr/image.ashx?id=2974575&use=l&cat=p&typeid=i","cat":284456},{"id":280878,"n":"Bowl Bonduelle A la mexicaine - 250g","p":3.2,"u":"12,80 €/KG","img":"https://fd15-photos.leclercdrive.fr/image.ashx?id=2996533&use=l&cat=p&typeid=i","cat":328010},{"id":280925,"n":"Dentifrice Signal White Now 3en1 - Incontournable 2x75ml","p":10.4,"u":"69,33 €/L","img":"https://fd15-photos.leclercdrive.fr/image.ashx?id=2975680&use=l&cat=p&typeid=i","cat":284612},{"id":280972,"n":"Soupe Liquide Bouteille Liebig  Velouté légumes et crème - 75cl","p":3.7,"u":"4,93 €/L","img":"https://fd15-photos.leclercdrive.fr/image.ashx?id=2975795&use=l&cat=p&typeid=i","cat":284462},{"id":280997,"n":"Bowl à l'orientale 250g","p":3.2,"u":"12,80 €/KG","img":"https://fd15-photos.leclercdrive.fr/image.ashx?id=2991921&use=l&cat=p&typeid=i","cat":325094},{"id":281252,"n":"Bonbons floppie's Haribo 200g","p":1.9,"u":"9,50 €/KG","img":"https://fd15-photos.leclercdrive.fr/image.ashx?id=2978664&use=l&cat=p&typeid=i","cat":304250},{"id":281262,"n":"Pâtes Barilla Tortiglioni Al Bronzo - 500g","p":2.52,"u":"5,04 €/KG","img":"https://fd15-photos.leclercdrive.fr/image.ashx?id=2978919&use=l&cat=p&typeid=i","cat":284427},{"id":281365,"n":"Bonbons Werther's Original Caramel Selection 200g","p":2.45,"u":"12,25 €/KG","img":"https://fd15-photos.leclercdrive.fr/image.ashx?id=2980049&use=l&cat=p&typeid=i","cat":304252},{"id":281419,"n":"Girasoli Turini Légumes du soleil 250g","p":2.6,"u":"10,40 €/KG","img":"https://fd15-photos.leclercdrive.fr/image.ashx?id=2978373&use=l&cat=p&typeid=i","cat":333682},{"id":281506,"n":"Jus de 4 fruits Tropicana Pure Douceur Edition Limitée - 90cl","p":3.8,"u":"4,22 €/L","img":"https://fd15-photos.leclercdrive.fr/image.ashx?id=2987662&use=l&cat=p&typeid=i","cat":284354},{"id":281522,"n":"Boisson végétale Alpro Barista Coco 750ml","p":2.39,"u":"3,19 €/L","img":"https://fd15-photos.leclercdrive.fr/image.ashx?id=2979430&use=l&cat=p&typeid=i","cat":316067},{"id":281524,"n":"Boisson végétale Alpro Avoine 500ml","p":1.45,"u":"2,90 €/L","img":"https://fd15-photos.leclercdrive.fr/image.ashx?id=2986855&use=l&cat=p&typeid=i","cat":316067},{"id":281689,"n":"Pasta' poêlée Bonduelle Gnocchis tomate mozzarella 750g","p":4.89,"u":"6,52 €/KG","img":"https://fd15-photos.leclercdrive.fr/image.ashx?id=2979665&use=l&cat=p&typeid=i","cat":319823},{"id":281691,"n":"Pasta' poêlée Bonduelle Gnocchis épinards ricotta 750g","p":4.89,"u":"6,52 €/KG","img":"https://fd15-photos.leclercdrive.fr/image.ashx?id=2979671&use=l&cat=p&typeid=i","cat":319823},{"id":281744,"n":"Album collector Disney x1","p":2.99,"img":"https://fd15-photos.leclercdrive.fr/image.ashx?id=2980498&use=l&cat=p&typeid=i","cat":334380},{"id":281967,"n":"Chocolat Xmas Fizzy 84g","p":3.89,"u":"46,31 €/KG","img":"https://fd15-photos.leclercdrive.fr/image.ashx?id=2981112&use=l&cat=p&typeid=i","cat":327592},{"id":282010,"n":"Kinder Surprise  x4 - 80g","p":5.35,"u":"66,88 €/KG","img":"https://fd15-photos.leclercdrive.fr/image.ashx?id=2981373&use=l&cat=p&typeid=i","cat":327592},{"id":282014,"n":"Chocolat Kinder Mix - 102g","p":4.2,"u":"41,18 €/KG","img":"https://fd15-photos.leclercdrive.fr/image.ashx?id=2981370&use=l&cat=p&typeid=i","cat":327592},{"id":282274,"n":"Coffret papier cadeaux Esquisse Pins fond vert - 4 rouleaux","p":6.99,"u":"1,75 €/P","img":"https://fd15-photos.leclercdrive.fr/image.ashx?id=2982934&use=l&cat=p&typeid=i","cat":335914},{"id":282331,"n":"Ovale double creme  Eco+ 180g","p":1.8,"u":"10,00 €/KG","img":"https://fd15-photos.leclercdrive.fr/image.ashx?id=2982952&use=l&cat=p&typeid=i","cat":314033},{"id":282335,"n":"Fizzy mug Mr et Mme  Mr Incroyable - 100g","p":7.6,"u":"76,00 €/KG","img":"https://fd15-photos.leclercdrive.fr/image.ashx?id=2983679&use=l&cat=p&typeid=i","cat":327789},{"id":282340,"n":"Sucettes reversible Bébéconfort Phosphorescente - x2","p":6.9,"img":"https://fd15-photos.leclercdrive.fr/image.ashx?id=2983249&use=l&cat=p&typeid=i","cat":289435},{"id":282343,"n":"Sucettes physio Bébéconfort Air Confort Phosphorescentes x2","p":6.9,"img":"https://fd15-photos.leclercdrive.fr/image.ashx?id=2983255&use=l&cat=p&typeid=i","cat":284743},{"id":282344,"n":"Sucettes Physio Bebeconfort Air Confort Phosphorescentes x2","p":6.9,"img":"https://fd15-photos.leclercdrive.fr/image.ashx?id=2983688&use=l&cat=p&typeid=i","cat":284743},{"id":282446,"n":"Sucettes Bebeconfort Eco reversible 6+ - Terra - x2","p":6.9,"img":"https://fd15-photos.leclercdrive.fr/image.ashx?id=2983712&use=l&cat=p&typeid=i","cat":284743},{"id":282448,"n":"Tire-lait manuel Bebeconfort 150ml","p":22.9,"img":"https://fd15-photos.leclercdrive.fr/image.ashx?id=2983718&use=l&cat=p&typeid=i","cat":289435},{"id":282769,"n":"Chocolat Kinder Mix - 102g","p":4.2,"u":"41,18 €/KG","img":"https://fd15-photos.leclercdrive.fr/image.ashx?id=2984546&use=l&cat=p&typeid=i","cat":327592},{"id":282770,"n":"Chocolat Kinder Pingouin - 102g","p":4.2,"u":"41,18 €/KG","img":"https://fd15-photos.leclercdrive.fr/image.ashx?id=2984549&use=l&cat=p&typeid=i","cat":327592},{"id":282929,"n":"Papier cadeau Pat'Patrouille Skye & Everest - 500x70cm","p":2.9,"img":"https://fd15-photos.leclercdrive.fr/image.ashx?id=2988999&use=l&cat=p&typeid=i","cat":335914},{"id":282931,"n":"Papier cadeau Pat'Patrouille Fond orange - 500x70cm","p":2.9,"img":"https://fd15-photos.leclercdrive.fr/image.ashx?id=2989002&use=l&cat=p&typeid=i","cat":335914},{"id":282938,"n":"Papier cadeau Spiderman Fond Bâtiment gris - 500x70cm","p":2.9,"img":"https://fd15-photos.leclercdrive.fr/image.ashx?id=2989005&use=l&cat=p&typeid=i","cat":335914},{"id":282939,"n":"Papier cadeau Spiderman Fond Jaune - 500x70cm","p":2.9,"img":"https://fd15-photos.leclercdrive.fr/image.ashx?id=2989008&use=l&cat=p&typeid=i","cat":335914},{"id":282940,"n":"Papier cadeau Spiderman Avengers Fond bleu - 500x70cm","p":2.9,"img":"https://fd15-photos.leclercdrive.fr/image.ashx?id=2989011&use=l&cat=p&typeid=i","cat":335914},{"id":282957,"n":"Lessive liquide Génie Lotus roses - 2.52L - x63","p":17.0,"u":"6,75 €/L","img":"https://fd15-photos.leclercdrive.fr/image.ashx?id=2986461&use=l&cat=p&typeid=i","cat":284640},{"id":283043,"n":"Sucette guimauve Père Noel Lunette jaune - 45g","p":1.84,"u":"40,89 €/KG","img":"https://fd15-photos.leclercdrive.fr/image.ashx?id=2987178&use=l&cat=p&typeid=i","cat":327592},{"id":283044,"n":"Sucette guimauve Père Noel Lunettes rouge - 45g","p":1.84,"u":"40,89 €/KG","img":"https://fd15-photos.leclercdrive.fr/image.ashx?id=2987181&use=l&cat=p&typeid=i","cat":327592},{"id":283046,"n":"Sucette guimauve Père Noel Lunettes bleu - 45g","p":1.84,"u":"40,89 €/KG","img":"https://fd15-photos.leclercdrive.fr/image.ashx?id=2987184&use=l&cat=p&typeid=i","cat":327592},{"id":283048,"n":"Caffè latte Starbucks 220ml","p":2.8,"u":"12,73 €/L","img":"https://fd15-photos.leclercdrive.fr/image.ashx?id=2986807&use=l&cat=p&typeid=i","cat":295246},{"id":283051,"n":"Café frais Starbucks Vanilla macchiato 220ml","p":2.8,"u":"12,73 €/L","img":"https://fd15-photos.leclercdrive.fr/image.ashx?id=2986813&use=l&cat=p&typeid=i","cat":295246},{"id":283058,"n":"Café frais Starbucks Cappuccino 220ml","p":2.75,"u":"12,50 €/L","img":"https://fd15-photos.leclercdrive.fr/image.ashx?id=2986804&use=l&cat=p&typeid=i","cat":295246},{"id":283059,"n":"Café frais Starbucks Caffè Latte 220ml","p":2.8,"u":"12,73 €/L","img":"https://fd15-photos.leclercdrive.fr/image.ashx?id=2986798&use=l&cat=p&typeid=i","cat":295246},{"id":283066,"n":"Café frais Starbucks Noisette Macchiato 220ml","p":3.14,"u":"14,27 €/L","img":"https://fd15-photos.leclercdrive.fr/image.ashx?id=2986810&use=l&cat=p&typeid=i","cat":295246},{"id":283081,"n":"Café frais Starbucks Caramel Macchiato 220ml","p":2.8,"u":"12,73 €/L","img":"https://fd15-photos.leclercdrive.fr/image.ashx?id=2986801&use=l&cat=p&typeid=i","cat":295246},{"id":283136,"n":"Kinder Surprise  Père Noel x4 - 80g","p":5.35,"u":"66,88 €/KG","img":"https://fd15-photos.leclercdrive.fr/image.ashx?id=2981373&use=l&cat=p&typeid=i","cat":327592},{"id":283138,"n":"Kinder Surprise  Bonhomme de neige x4 - 80g","p":5.35,"u":"66,88 €/KG","img":"https://fd15-photos.leclercdrive.fr/image.ashx?id=2987196&use=l&cat=p&typeid=i","cat":327592},{"id":283251,"n":"Coloration Olia Garnier 2.0 Black Diamond","p":17.1,"img":"https://fd15-photos.leclercdrive.fr/image.ashx?id=2987317&use=l&cat=p&typeid=i","cat":288899},{"id":283525,"n":"Oranges Eco+ 1.5kg","p":2.95,"u":"1,97 €/KG","img":"https://fd15-photos.leclercdrive.fr/image.ashx?id=2987650&use=l&cat=p&typeid=i","cat":284356},{"id":283534,"n":"Les tranches Fleury Michon Lentilles Corail x6 - 180g","p":4.5,"u":"25,00 €/KG","img":"https://fd15-photos.leclercdrive.fr/image.ashx?id=2988454&use=l&cat=p&typeid=i","cat":316036},{"id":283535,"n":"Les tranches Fleury Michon Haricots rouges x4 - 120g","p":3.99,"u":"33,25 €/KG","img":"https://fd15-photos.leclercdrive.fr/image.ashx?id=3000075&use=l&cat=p&typeid=i","cat":316036},{"id":283537,"n":"Dahl de lentilles Fleury Michon Sauce coco et riz - 300g","p":4.65,"u":"15,50 €/KG","img":"https://fd15-photos.leclercdrive.fr/image.ashx?id=2988448&use=l&cat=p&typeid=i","cat":333665},{"id":283547,"n":"Peluche Kinder Dragon - 133g","p":13.99,"u":"105,19 €/KG","img":"https://fd15-photos.leclercdrive.fr/image.ashx?id=2995893&use=l&cat=p&typeid=i","cat":327789},{"id":284010,"n":"Nestlé I Love Kefir Yaourt Nature - 2x150g","p":2.95,"u":"9,83 €/KG","img":"https://fd15-photos.leclercdrive.fr/image.ashx?id=2991834&use=l&cat=p&typeid=i","cat":284409},{"id":284296,"n":"Masque Le Petit Marseillais  4 en 1 Hydratation -370ml","p":10.89,"u":"29,43 €/L","img":"https://fd15-photos.leclercdrive.fr/image.ashx?id=2992140&use=l&cat=p&typeid=i","cat":284608},{"id":284524,"n":"Shampooing Le Petit Marseillais Huile de Jojoba Bio - 250ml","p":4.99,"u":"19,96 €/L","img":"https://fd15-photos.leclercdrive.fr/image.ashx?id=2993436&use=l&cat=p&typeid=i","cat":284606},{"id":285685,"n":"Eponge grattante Mamison Multi-usages - x9","p":3.5,"img":"https://fd15-photos.leclercdrive.fr/image.ashx?id=2997745&use=l&cat=p&typeid=i","cat":284667},{"id":286245,"n":"Bûche glacée Pilpa Vanille caramel spéculoos 534g","p":8.54,"u":"15,99 €/KG","img":"https://fd15-photos.leclercdrive.fr/image.ashx?id=3000039&use=l&cat=p&typeid=i","cat":284266},{"id":286309,"n":"Macarons saveurs de Bretagne Tipiak x8 - 105g","p":7.2,"u":"68,57 €/KG","img":"https://fd15-photos.leclercdrive.fr/image.ashx?id=3000180&use=l&cat=p&typeid=i","cat":284267},{"id":286366,"n":"Mini Bâton de Berger  À la truffe Justin Bridou 70g","p":4.5,"u":"64,29 €/KG","img":"https://fd15-photos.leclercdrive.fr/image.ashx?id=3000174&use=l&cat=p&typeid=i","cat":316006},{"id":287195,"n":"Brioche La Fournée Doré Format familial - 700g","p":3.59,"u":"5,13 €/KG","img":"https://fd15-photos.leclercdrive.fr/image.ashx?id=3005125&use=l&cat=p&typeid=i","cat":285529},{"id":287269,"n":"Tablette de chocolat Lindt Excellence noir pistache - 100g","p":4.3,"u":"43,00 €/KG","img":"https://fd15-photos.leclercdrive.fr/image.ashx?id=3004810&use=l&cat=p&typeid=i","cat":284956}]}